{"host":"sabve5zmqufxyc5o","time":1614109407,"event":{"mods":["2.2 Compatiblity","AchievementEnabler","Act Like it!","BaseMod","Block Reminder","Colored Map","Colored Powertips","DeckTracker","KOR Keyword Fix","Keyboard Shortcuts","Minty Spire (QoL Compilation)","Quick Restart","Rare Cards Sparkle","Relic Stats","StSLib","SuperFastMode"],"gold_per_floor":[117,137,152,166,46,46,81,81,104,104,116,150,168,185,185,259,259,270,27,27,27,27,47,47,63,63,95,107,107,123,136,136,136,136],"floor_reached":33,"language":"KOR","playtime":690,"items_purged":[],"score":587,"play_id":"ed344478-855d-49aa-b2dd-3c0179f3c305","local_time":"20210224044327","is_ascension_mode":true,"campfire_choices":[{"data":"Coolheaded","floor":6.0,"key":"SMITH"},{"floor":8.0,"key":"REST"},{"data":"Sunder","floor":10.0,"key":"SMITH"},{"floor":15.0,"key":"REST"},{"data":"Seek","floor":24.0,"key":"SMITH"},{"floor":29.0,"key":"REST"},{"floor":32.0,"key":"REST"}],"circlet_count":0,"master_deck":["AscendersBane","Strike_B","Strike_B","Strike_B","Strike_B","Defend_B","Defend_B","Defend_B","Defend_B","Zap","Dualcast","Streamline","Sunder+1","Coolheaded+1","Rebound","Capacitor","Melter","Self Repair","Loop","Hologram","White Noise","Beam Cell","Seek+1","Rebound","Heatsinks","Heatsinks","Ghostly","Ghostly","Ghostly","Skim","Ball Lightning+1","Coolheaded","Stack","Coolheaded","Compile Driver+1"],"relics":["Cracked Core","DataDisk","Bag of Marbles","Regal Pillow","Nuclear Battery","DollysMirror","Happy Flower","Incense Burner"],"acts_visited":["Exordium","TheCity"],"potions_floor_usage":[],"damage_taken":[{"damage":0.0,"enemies":"2 Louse","floor":1.0,"turns":3.0},{"damage":4.0,"enemies":"Small Slimes","floor":2.0,"turns":3.0},{"damage":7.0,"enemies":"Jaw Worm","floor":3.0,"turns":3.0},{"damage":6.0,"enemies":"Red Slaver","floor":4.0,"turns":4.0},{"damage":21.0,"enemies":"Lagavulin","floor":7.0,"turns":6.0},{"damage":3.0,"enemies":"Looter","floor":11.0,"turns":3.0},{"damage":38.0,"enemies":"3 Sentries","floor":12.0,"turns":7.0},{"damage":0.0,"enemies":"Blue Slaver","floor":13.0,"turns":1.0},{"damage":4.0,"enemies":"2 Fungi Beasts","floor":14.0,"turns":3.0},{"damage":38.0,"enemies":"The Guardian","floor":16.0,"turns":11.0},{"damage":41.0,"enemies":"Chosen","floor":18.0,"turns":6.0},{"damage":10.0,"enemies":"Shell Parasite","floor":23.0,"turns":5.0},{"damage":5.0,"enemies":"Snecko","floor":25.0,"turns":4.0},{"damage":21.0,"enemies":"Gremlin Leader","floor":27.0,"turns":6.0},{"damage":0.0,"enemies":"Snake Plant","floor":28.0,"turns":5.0},{"damage":15.0,"enemies":"Shelled Parasite and Fungi","floor":30.0,"turns":7.0},{"damage":34.0,"enemies":"3 Cultists","floor":31.0,"turns":4.0},{"damage":0,"enemies":"Automaton","floor":33,"turns":1}],"seed_played":"2992188392568103119","potions_obtained":[{"floor":3.0,"key":"Weak Potion"},{"floor":4.0,"key":"BlessingOfTheForge"},{"floor":7.0,"key":"BlessingOfTheForge"},{"floor":12.0,"key":"PotionOfCapacity"},{"floor":18.0,"key":"Swift Potion"},{"floor":23.0,"key":"Strength Potion"},{"floor":31.0,"key":"Dexterity Potion"}],"is_trial":false,"path_per_floor":["M","M","M","M","$","R","E","R","T","R","M","E","M","M","R","B",null,"M","$","?","?","?","M","R","M","T","E","M","R","M","M","R","B"],"character_chosen":"DEFECT","items_purchased":["Capacitor","Melter","Heatsinks","DollysMirror"],"campfire_rested":4,"item_purchase_floors":[5,5,19,19],"current_hp_per_floor":[71,67,60,54,54,54,33,56,56,56,60,29,29,32,70,39,68,34,34,34,25,25,22,22,24,24,10,17,44,36,2,30,30,30],"gold":136,"neow_bonus":"TEN_PERCENT_HP_BONUS","is_daily":false,"chose_seed":false,"campfire_upgraded":3,"win_rate":0.0,"timestamp":1614109407,"path_taken":["M","M","M","M","$","R","E","R","T","R","M","E","M","M","R","BOSS","M","$","?","?","?","M","R","M","T","E","?","R","M","M","R","BOSS"],"items_purchased_type":["Card","Card","Card","Relic"],"build_version":"2020-12-22","purchased_purges":0,"victory":false,"max_hp_per_floor":[78,78,78,78,78,78,78,78,78,78,78,78,78,78,78,78,78,78,78,39,44,44,44,44,44,44,44,44,44,44,44,44,44,44],"relic_stats":{"Regal Pillow":44,"Happy Flower":[7],"counters":[18,80],"obtain_stats":[{"DataDisk":7,"Regal Pillow":12,"Happy Flower":26,"DollysMirror":19,"Bag of Marbles":9,"Incense Burner":27,"Cracked Core":0,"Nuclear Battery":17},{"DataDisk":5,"Regal Pillow":7,"Happy Flower":13,"DollysMirror":11,"Bag of Marbles":5,"Incense Burner":14,"Cracked Core":0,"Nuclear Battery":10},{"DataDisk":19,"Regal Pillow":29,"Happy Flower":58,"DollysMirror":49,"Bag of Marbles":19,"Incense Burner":64,"Cracked Core":0,"Nuclear Battery":44}]},"card_choices":[{"not_picked":["Stack","White Noise"],"picked":"Streamline","floor":1.0},{"not_picked":["Turbo","Heatsinks"],"picked":"Sunder","floor":2.0},{"not_picked":["Rip and Tear","Leap"],"picked":"Coolheaded","floor":3.0},{"not_picked":["Tempest","Coolheaded"],"picked":"Rebound","floor":4.0},{"not_picked":["Blizzard","Reprogram"],"picked":"Self Repair","floor":7.0},{"not_picked":["Conserve Battery","Melter"],"picked":"Loop","floor":11.0},{"not_picked":["Multi-Cast","Storm"],"picked":"Hologram","floor":12.0},{"not_picked":["Go for the Eyes","Hologram"],"picked":"White Noise","floor":13.0},{"not_picked":["Consume","Leap"],"picked":"Beam Cell","floor":14.0},{"not_picked":["Machine Learning","Hyperbeam"],"picked":"Seek","floor":16.0},{"not_picked":["Sweeping Beam","Force Field"],"picked":"Rebound","floor":18.0},{"not_picked":["Genetic Algorithm+1","Chaos"],"picked":"Skim","floor":23.0},{"not_picked":["Conserve Battery","Sunder+1"],"picked":"Ball Lightning+1","floor":25.0},{"not_picked":["Hello World","Rebound"],"picked":"Coolheaded","floor":27.0},{"not_picked":["Go for the Eyes","Sunder"],"picked":"Stack","floor":28.0},{"not_picked":["Go for the Eyes","Redo"],"picked":"Coolheaded","floor":30.0},{"not_picked":["Leap","All For One"],"picked":"Compile Driver+1","floor":31.0}],"player_experience":823782,"relics_obtained":[{"floor":7.0,"key":"DataDisk"},{"floor":9.0,"key":"Bag of Marbles"},{"floor":12.0,"key":"Regal Pillow"},{"floor":26.0,"key":"Happy Flower"},{"floor":27.0,"key":"Incense Burner"}],"event_choices":[{"damage_healed":0.0,"max_hp_gain":0.0,"max_hp_loss":39.0,"gold_gain":0.0,"event_name":"Ghosts","player_choice":"Became a Ghost","floor":20.0,"gold_loss":0.0,"damage_taken":0.0,"cards_obtained":["Ghostly","Ghostly","Ghostly"]},{"damage_healed":0.0,"max_hp_gain":5.0,"max_hp_loss":0.0,"gold_gain":0.0,"event_name":"Forgotten Altar","player_choice":"Shed Blood","floor":21.0,"gold_loss":0.0,"damage_taken":14.0},{"damage_healed":0.0,"max_hp_gain":0.0,"max_hp_loss":0.0,"gold_gain":0.0,"event_name":"The Mausoleum","player_choice":"Ignored","floor":22.0,"gold_loss":0.0,"damage_taken":0.0}],"is_beta":false,"boss_relics":[{"not_picked":["Fusion Hammer","Black Star"],"picked":"Nuclear Battery"}],"items_purged_floors":[],"is_endless":false,"potions_floor_spawned":[3,4,7,12,18,23,27,31],"killed_by":"Automaton","ascension_level":20}}