{"host":"rw1trt79hfpl7pom","time":1614121742,"event":{"mods":["BaseMod","Bestiary","Colored Map","Jorbs\u0027s Wanderer Trilogy","Minty Spire (QoL Compilation)","Relic Stats","StSLib","SuperFastMode"],"gold_per_floor":[113,113,123,139,139,139,173,5,32,32,32,65,84,118,118,212,212,233,148,148,173,193,228,29,29,29,60,60,95,95,119,119,209,209,232,17,30,55,388,415,415,449,473,508,508,519,551,567,567,567,567,567,567,148,176,176],"floor_reached":57,"language":"ENG","playtime":4015,"items_purged":["Defend_G","Bite+1"],"score":3042,"play_id":"c8e57f06-ba98-494d-b860-d22ec7244e35","local_time":"20210223150902","is_ascension_mode":true,"campfire_choices":[{"data":"Riddle With Holes","floor":6.0,"key":"SMITH"},{"floor":11.0,"key":"REST"},{"data":"Dash","floor":15.0,"key":"SMITH"},{"data":"Terror","floor":25.0,"key":"SMITH"},{"data":"Concentrate","floor":32.0,"key":"SMITH"},{"data":"Malaise","floor":41.0,"key":"SMITH"},{"floor":49.0,"key":"RECALL"},{"data":"Burst","floor":53.0,"key":"SMITH"}],"circlet_count":0,"master_deck":["AscendersBane","Defend_G+1","Defend_G+1","Defend_G+1","Defend_G+1","Survivor","Neutralize+1","Deadly Poison","Expertise","Riddle With Holes+1","Dash+1","Skewer+1","Backstab+1","Blur","Corpse Explosion","PiercingWail+1","Bite+1","Bite+1","Bite+1","Bite+1","Acrobatics+1","Terror+1","Predator+1","Crippling Poison+1","Concentrate+1","Adrenaline","Tools of the Trade","Leg Sweep","Footwork+1","Malaise+1","Burst+1","Footwork","Finesse","Burst"],"relics":["Velvet Choker","Bag of Marbles","Bag of Preparation","Ancient Tea Set","Molten Egg 2","Pen Nib","Runic Pyramid","Letter Opener","Lantern","Membership Card","Tough Bandages","Strawberry","War Paint","PreservedInsect","SlaversCollar","Medical Kit","Bottled Tornado","Whetstone","Juzu Bracelet","TungstenRod","Ice Cream","ClockworkSouvenir","Oddly Smooth Stone","Nunchaku","Lizard Tail"],"acts_visited":["Exordium","TheCity","TheBeyond","TheEnding"],"potions_floor_usage":[56,56],"damage_taken":[{"damage":4.0,"enemies":"Jaw Worm","floor":1.0,"turns":5.0},{"damage":0.0,"enemies":"2 Louse","floor":3.0,"turns":3.0},{"damage":0.0,"enemies":"Small Slimes","floor":4.0,"turns":4.0},{"damage":39.0,"enemies":"Lagavulin","floor":7.0,"turns":7.0},{"damage":10.0,"enemies":"3 Sentries","floor":12.0,"turns":7.0},{"damage":2.0,"enemies":"3 Louse","floor":13.0,"turns":3.0},{"damage":12.0,"enemies":"Lagavulin","floor":14.0,"turns":4.0},{"damage":6.0,"enemies":"The Guardian","floor":16.0,"turns":11.0},{"damage":0.0,"enemies":"Chosen","floor":18.0,"turns":3.0},{"damage":2.0,"enemies":"Shell Parasite","floor":21.0,"turns":3.0},{"damage":31.0,"enemies":"Shelled Parasite and Fungi","floor":22.0,"turns":5.0},{"damage":14.0,"enemies":"Slavers","floor":23.0,"turns":6.0},{"damage":11.0,"enemies":"Book of Stabbing","floor":27.0,"turns":4.0},{"damage":7.0,"enemies":"Slavers","floor":29.0,"turns":2.0},{"damage":0.0,"enemies":"Cultist and Chosen","floor":31.0,"turns":4.0},{"damage":35.0,"enemies":"Champ","floor":33.0,"turns":12.0},{"damage":0.0,"enemies":"3 Shapes","floor":35.0,"turns":1.0},{"damage":0.0,"enemies":"3 Darklings","floor":37.0,"turns":2.0},{"damage":0.0,"enemies":"Maw","floor":38.0,"turns":7.0},{"damage":3.0,"enemies":"Giant Head","floor":40.0,"turns":6.0},{"damage":0.0,"enemies":"Reptomancer","floor":42.0,"turns":5.0},{"damage":0.0,"enemies":"Giant Head","floor":44.0,"turns":6.0},{"damage":9.0,"enemies":"Transient","floor":46.0,"turns":6.0},{"damage":5.0,"enemies":"Reptomancer","floor":47.0,"turns":5.0},{"damage":0.0,"enemies":"Writhing Mass","floor":48.0,"turns":8.0},{"damage":8.0,"enemies":"Time Eater","floor":50.0,"turns":9.0},{"damage":4.0,"enemies":"Awakened One","floor":51.0,"turns":21.0},{"damage":10,"enemies":"Shield and Spear","floor":55,"turns":7},{"damage":31,"enemies":"The Heart","floor":56,"turns":12}],"seed_played":"7983325711596351568","potions_obtained":[{"floor":1.0,"key":"SpeedPotion"},{"floor":7.0,"key":"AttackPotion"},{"floor":12.0,"key":"SkillPotion"},{"floor":14.0,"key":"Strength Potion"},{"floor":23.0,"key":"SteroidPotion"},{"floor":33.0,"key":"Swift Potion"},{"floor":38.0,"key":"PowerPotion"},{"floor":42.0,"key":"LiquidBronze"}],"is_trial":false,"path_per_floor":["M","?","M","M","?","R","E","$","T","T","R","E","M","E","R","B",null,"M","?","?","M","M","E","$","R","T","E","?","E","?","M","R","B",null,"M","$","M","M","?","E","R","E","T","E","?","M","E","M","R","B","B",null,"R","$","E","B",null],"character_chosen":"THE_SILENT","items_purchased":["Bag of Preparation","Membership Card","Medical Kit","Bottled Tornado","ClockworkSouvenir","Oddly Smooth Stone","Footwork","Nunchaku","SpeedPotion","Finesse"],"campfire_rested":1,"item_purchase_floors":[8,24,36,36,54,54,54,54,54,54],"current_hp_per_floor":[55,55,55,55,55,55,16,16,16,16,34,24,24,14,14,10,48,50,50,50,54,41,48,48,48,48,56,56,61,61,67,67,52,63,63,63,66,67,67,67,67,67,67,67,64,61,64,64,64,64,64,64,64,64,64,57],"gold":176,"neow_bonus":"BOSS_RELIC","is_daily":false,"chose_seed":false,"campfire_upgraded":6,"win_rate":0.0,"timestamp":1614121742,"path_taken":["M","?","M","M","?","R","E","?","T","?","R","E","M","E","R","BOSS","M","?","?","M","M","E","$","R","T","E","?","E","?","M","R","BOSS","M","$","M","M","?","E","R","E","T","E","?","M","E","M","R","BOSS","BOSS","R","$","E","BOSS"],"items_purchased_type":["Relic","Relic","Relic","Relic","Relic","Relic","Card","Relic","Potion","Card"],"build_version":"2020-12-22","purchased_purges":2,"victory":true,"max_hp_per_floor":[66,66,66,66,60,60,60,60,60,60,60,60,60,60,60,60,60,60,60,60,60,60,60,60,60,60,67,67,67,67,67,67,67,67,67,67,67,67,67,67,67,67,67,67,64,64,64,64,64,64,64,64,64,64,64,64],"relic_stats":{"counters":[29,178],"Pen Nib":[23],"PreservedInsect":460,"Bag of Preparation":[50],"Juzu Bracelet":0,"Letter Opener":[237],"Whetstone":["Neutralize"],"War Paint":["PiercingWail","Acrobatics"],"Medical Kit":[0],"Tough Bandages":[432],"Nunchaku":[2],"Lizard Tail":0,"obtain_stats":[{"Ice Cream":47,"Lantern":23,"Bag of Preparation":8,"Juzu Bracelet":42,"Whetstone":40,"Bottled Tornado":36,"Ancient Tea Set":9,"ClockworkSouvenir":54,"Blood Vial":12,"Tough Bandages":26,"Nunchaku":54,"Lizard Tail":55,"Strawberry":27,"Ring of the Snake":0,"Runic Pyramid":17,"Golden Idol":5,"Velvet Choker":0,"Oddly Smooth Stone":54,"Pen Nib":14,"PreservedInsect":30,"Letter Opener":19,"War Paint":29,"Medical Kit":36,"SlaversCollar":34,"Molten Egg 2":10,"Bag of Marbles":7,"Membership Card":24,"TungstenRod":44},{"Ice Cream":24,"Lantern":12,"Bag of Preparation":4,"Juzu Bracelet":21,"Whetstone":20,"Bottled Tornado":17,"Ancient Tea Set":4,"ClockworkSouvenir":27,"Blood Vial":5,"Tough Bandages":12,"Nunchaku":27,"Lizard Tail":28,"Strawberry":13,"Ring of the Snake":0,"Runic Pyramid":8,"Golden Idol":3,"Velvet Choker":0,"Oddly Smooth Stone":27,"Pen Nib":7,"PreservedInsect":14,"Letter Opener":9,"War Paint":14,"Medical Kit":17,"SlaversCollar":16,"Molten Egg 2":4,"Bag of Marbles":4,"Membership Card":12,"TungstenRod":22},{"Ice Cream":121,"Lantern":61,"Bag of Preparation":19,"Juzu Bracelet":104,"Whetstone":99,"Bottled Tornado":84,"Ancient Tea Set":19,"ClockworkSouvenir":159,"Blood Vial":26,"Tough Bandages":61,"Nunchaku":159,"Lizard Tail":166,"Strawberry":65,"Ring of the Snake":0,"Runic Pyramid":44,"Golden Idol":12,"Velvet Choker":0,"Oddly Smooth Stone":159,"Pen Nib":33,"PreservedInsect":67,"Letter Opener":47,"War Paint":67,"Medical Kit":84,"SlaversCollar":83,"Molten Egg 2":19,"Bag of Marbles":19,"Membership Card":61,"TungstenRod":110}],"TungstenRod":22},"card_choices":[{"not_picked":["Accuracy","Blur"],"picked":"Deadly Poison","floor":1.0},{"not_picked":["Slice","Expertise","Tactician"],"picked":"SKIP","floor":3.0},{"not_picked":["Slice","Tactician"],"picked":"Expertise","floor":3.0},{"not_picked":["Dagger Throw","Concentrate"],"picked":"Riddle With Holes","floor":4.0},{"not_picked":["Eviscerate","Distraction"],"picked":"Dash","floor":7.0},{"not_picked":["Tools of the Trade","Predator+1"],"picked":"Skewer+1","floor":12.0},{"not_picked":["Endless Agony+1","Blade Dance"],"picked":"Backstab+1","floor":13.0},{"not_picked":["Dagger Spray+1","Quick Slash+1"],"picked":"Blur","floor":14.0},{"not_picked":["Envenom","A Thousand Cuts"],"picked":"Corpse Explosion","floor":16.0},{"not_picked":["Slice+1","Reflex"],"picked":"PiercingWail","floor":18.0},{"not_picked":["Cloak And Dagger","Dagger Throw+1"],"picked":"Acrobatics","floor":21.0},{"not_picked":["Acrobatics","Flechettes+1"],"picked":"Terror","floor":22.0},{"not_picked":["Dodge and Roll","Cloak And Dagger"],"picked":"Predator+1","floor":23.0},{"not_picked":["Flying Knee+1","Acrobatics"],"picked":"Crippling Poison+1","floor":27.0},{"not_picked":["Poisoned Stab+1","Sucker Punch+1"],"picked":"Concentrate","floor":29.0},{"not_picked":["Outmaneuver","Dagger Spray+1"],"picked":"Adrenaline","floor":31.0},{"not_picked":["Doppelganger","Corpse Explosion"],"picked":"Tools of the Trade","floor":33.0},{"not_picked":["Caltrops","Dodge and Roll"],"picked":"Leg Sweep","floor":35.0},{"not_picked":["Choke+1","Flying Knee+1","Blade Dance+1"],"picked":"SKIP","floor":37.0},{"not_picked":["Expertise+1","Quick Slash+1"],"picked":"Footwork+1","floor":38.0},{"not_picked":["Expertise","Endless Agony+1"],"picked":"Malaise","floor":40.0},{"not_picked":["Crippling Poison","Bane+1","Quick Slash+1"],"picked":"SKIP","floor":42.0},{"not_picked":["Infinite Blades","Bane+1","Flechettes+1"],"picked":"SKIP","floor":44.0},{"not_picked":["Slice+1","Poisoned Stab+1","Eviscerate+1"],"picked":"SKIP","floor":46.0},{"not_picked":["Dagger Throw+1","Bane+1"],"picked":"Burst","floor":47.0},{"not_picked":["Terror+1","Deadly Poison","Choke+1"],"picked":"SKIP","floor":48.0},{"not_picked":["Bane+1","Terror+1"],"picked":"Burst","floor":55}],"player_experience":2890553,"relics_obtained":[{"floor":7.0,"key":"Bag of Marbles"},{"floor":9.0,"key":"Ancient Tea Set"},{"floor":10.0,"key":"Molten Egg 2"},{"floor":12.0,"key":"Blood Vial"},{"floor":14.0,"key":"Pen Nib"},{"floor":23.0,"key":"Lantern"},{"floor":26.0,"key":"Tough Bandages"},{"floor":27.0,"key":"Strawberry"},{"floor":29.0,"key":"War Paint"},{"floor":40.0,"key":"Whetstone"},{"floor":42.0,"key":"Juzu Bracelet"},{"floor":44.0,"key":"TungstenRod"},{"floor":47.0,"key":"Ice Cream"},{"floor":55,"key":"Lizard Tail"}],"event_choices":[{"damage_healed":0.0,"max_hp_gain":0.0,"max_hp_loss":0.0,"gold_gain":0.0,"event_name":"Liars Game","player_choice":"Ignored","floor":2.0,"gold_loss":0.0,"damage_taken":0.0},{"damage_healed":0.0,"max_hp_gain":0.0,"max_hp_loss":6.0,"gold_gain":0.0,"event_name":"Golden Idol","player_choice":"Lose Max HP","floor":5.0,"gold_loss":0.0,"damage_taken":0.0,"relics_obtained":["Golden Idol"]},{"damage_healed":0.0,"max_hp_gain":0.0,"max_hp_loss":0.0,"gold_gain":0.0,"event_name":"Addict","player_choice":"Obtained Relic","floor":19.0,"gold_loss":85.0,"damage_taken":0.0,"relics_obtained":["Letter Opener"]},{"damage_healed":0.0,"max_hp_gain":0.0,"max_hp_loss":0.0,"gold_gain":0.0,"event_name":"Vampires","player_choice":"Became a vampire (Vial)","floor":20.0,"relics_lost":["Blood Vial"],"gold_loss":0.0,"damage_taken":0.0,"cards_obtained":["Bite","Bite","Bite","Bite","Bite"]},{"damage_healed":0.0,"max_hp_gain":0.0,"max_hp_loss":0.0,"gold_gain":0.0,"event_name":"Back to Basics","player_choice":"Simplicity","floor":28.0,"gold_loss":0.0,"damage_taken":0.0,"cards_upgraded":["Defend_G","Defend_G","Defend_G","Defend_G"]},{"damage_healed":0.0,"max_hp_gain":0.0,"max_hp_loss":0.0,"gold_gain":0.0,"event_name":"WeMeetAgain","player_choice":"Gave Potion","floor":30.0,"gold_loss":0.0,"damage_taken":0.0,"relics_obtained":["PreservedInsect"]},{"damage_healed":0.0,"max_hp_gain":0.0,"max_hp_loss":0.0,"gold_gain":333.0,"event_name":"The Moai Head","player_choice":"Gave Idol","floor":39.0,"relics_lost":["Golden Idol"],"gold_loss":0.0,"damage_taken":0.0},{"damage_healed":0.0,"max_hp_gain":0.0,"max_hp_loss":3.0,"gold_gain":0.0,"event_name":"Winding Halls","player_choice":"Max HP","floor":45.0,"gold_loss":0.0,"damage_taken":0.0}],"is_beta":false,"boss_relics":[{"not_picked":["Pandora\u0027s Box","Tiny House"],"picked":"Runic Pyramid"},{"not_picked":["Empty Cage","Fusion Hammer"],"picked":"SlaversCollar"}],"items_purged_floors":[24,54],"is_endless":false,"potions_floor_spawned":[1,7,12,14,18,23,27,33,35,38,42,48,55],"ascension_level":20}}