{"host":"j0v7rhnuiltzkmi5","time":1614115005,"event":{"mods":["BaseMod","Minty Spire (QoL Compilation)","Replay The Spire","Shop Mod","StSLib"],"gold_per_floor":[118,130,140,154,154,154,188,188,243,23,37,37,53,23,23,23,23],"floor_reached":16,"language":"ENG","playtime":536,"items_purged":[],"score":138,"play_id":"32fb6e2b-8156-4c16-b5d7-72c48ece22d6","local_time":"20210223151645","is_ascension_mode":true,"campfire_choices":[{"data":"Eruption","floor":6,"key":"SMITH"},{"data":"DevaForm","floor":12,"key":"SMITH"},{"floor":15,"key":"DIG"}],"circlet_count":0,"master_deck":["Strike_P","Strike_P","Strike_P","Strike_P","Defend_P","Defend_P","Defend_P","Defend_P","Eruption+1","Vigilance","Replay:Cycle","Nirvana","WindmillStrike","FlurryOfBlows+1","Replay:ManipulateFuture","DevaForm+1","Consecrate+1","FlurryOfBlows","Consecrate"],"relics":["PureWater","Blue Candle","MerchantsRug","ReplayTheSpireMod:TigerMarble"],"acts_visited":["Exordium"],"potions_floor_usage":[7,16,16,16],"damage_taken":[{"damage":15,"enemies":"Cultist","floor":1,"turns":4},{"damage":0,"enemies":"2 Louse","floor":2,"turns":3},{"damage":1,"enemies":"Jaw Worm","floor":3,"turns":6},{"damage":2,"enemies":"Red Slaver","floor":4,"turns":6},{"damage":19,"enemies":"Gremlin Nob","floor":7,"turns":4},{"damage":0,"enemies":"Large Slime","floor":11,"turns":2},{"damage":7,"enemies":"Looter","floor":13,"turns":3},{"damage":30,"enemies":"The Guardian","floor":16,"turns":6}],"seed_played":"1135099422923532358","potions_obtained":[{"floor":2,"key":"Ancient Potion"},{"floor":4,"key":"Energy Potion"},{"floor":11,"key":"SkillPotion"},{"floor":14,"key":"Fruit Juice"}],"is_trial":false,"path_per_floor":["M","M","M","M","?","R","E","?","T","$","M","R","M","?","R","B"],"character_chosen":"WATCHER","items_purchased":["MerchantsRug","DevaForm","Consecrate+1"],"campfire_rested":0,"item_purchase_floors":[10,10,10],"current_hp_per_floor":[50,50,49,47,47,47,28,28,28,28,28,28,21,21,21,0,0],"gold":23,"neow_bonus":"ONE_RARE_RELIC","is_daily":false,"chose_seed":false,"campfire_upgraded":2,"win_rate":0.0,"timestamp":1614115005,"path_taken":["M","M","M","M","?","R","E","?","T","$","M","R","M","?","R","BOSS"],"items_purchased_type":["Relic","Card","Card"],"build_version":"2020-12-22","purchased_purges":0,"victory":false,"max_hp_per_floor":[72,72,72,72,72,72,72,72,72,72,72,72,72,72,72,77,77],"card_choices":[{"not_picked":["Prostrate","Crescendo"],"picked":"DeceiveReality","floor":1},{"not_picked":["ThirdEye","Indignation"],"picked":"Replay:Cycle","floor":2},{"not_picked":["Crescendo","SashWhip"],"picked":"Nirvana","floor":3},{"not_picked":["Replay:BluntJabs","CarveReality"],"picked":"WindmillStrike","floor":4},{"not_picked":["FollowUp","EmptyFist"],"picked":"Replay:ManipulateFuture","floor":7},{"not_picked":["EmptyFist","JustLucky"],"picked":"FlurryOfBlows","floor":11},{"not_picked":["ClearTheMind","EmptyFist"],"picked":"Consecrate","floor":13}],"player_experience":838095,"relics_obtained":[{"floor":7,"key":"Blue Candle"},{"floor":9,"key":"MawBank"},{"floor":15,"key":"ReplayTheSpireMod:TigerMarble"}],"event_choices":[{"cards_removed":["Shame"],"damage_healed":0,"gold_gain":0,"player_choice":"Forget","damage_taken":0,"max_hp_gain":0,"max_hp_loss":0,"event_name":"Living Wall","floor":8,"gold_loss":0},{"damage_healed":0,"gold_gain":0,"player_choice":"Bought 2 Potions","damage_taken":0,"max_hp_gain":0,"max_hp_loss":0,"event_name":"The Woman in Blue","floor":14,"gold_loss":0}],"is_beta":false,"boss_relics":[],"items_purged_floors":[],"is_endless":false,"potions_floor_spawned":[2,4,11],"killed_by":"The Guardian","ascension_level":7}}