{"host":"m1loc25s2tepoquo","time":1614042071,"event":{"mods":["BaseMod","Minty Spire (QoL Compilation)","SuperFastMode"],"gold_per_floor":[115,135,15,15,30,30,40,40,40,52,63,163,180,198,198,299,299,319,333,333,28,28,57,57,71,94,94,109,125,25,25,25,25,25],"floor_reached":33,"language":"ENG","playtime":1835,"items_purged":["Strike_R","Sever Soul"],"score":261,"play_id":"377ced09-9a16-41d2-b976-9c917d9f58c8","local_time":"20210222190111","is_ascension_mode":false,"campfire_choices":[{"data":"Heavy Blade","floor":6,"key":"SMITH"},{"data":"Flex","floor":8,"key":"SMITH"},{"data":"Bludgeon","floor":15,"key":"SMITH"},{"floor":24,"key":"REST"},{"floor":27,"key":"REST"},{"data":"Limit Break","floor":32,"key":"SMITH"}],"circlet_count":0,"master_deck":["Bash","Bludgeon+1","Rage","Heavy Blade+1","Flex+1","Metallicize","Flex","Spot Weakness","Limit Break+1","Feed","Pummel","Berserk","Sentinel","Uppercut","Clothesline","Heavy Blade","Ghostly Armor","Dual Wield","Heavy Blade+1","J.A.X."],"relics":["Burning Blood","Pandora\u0027s Box","Singing Bowl","Ginger","Happy Flower","Tiny Chest"],"acts_visited":["Exordium","TheCity"],"potions_floor_usage":[16,18,23,25,29,33],"damage_taken":[{"damage":0,"enemies":"Cultist","floor":1,"turns":2},{"damage":1,"enemies":"Jaw Worm","floor":2,"turns":3},{"damage":0,"enemies":"Small Slimes","floor":5,"turns":2},{"damage":0,"enemies":"2 Fungi Beasts","floor":7,"turns":3},{"damage":2,"enemies":"Red Slaver","floor":10,"turns":3},{"damage":15,"enemies":"Lots of Slimes","floor":11,"turns":5},{"damage":5,"enemies":"Gremlin Gang","floor":13,"turns":5},{"damage":11,"enemies":"Red Slaver","floor":14,"turns":3},{"damage":26,"enemies":"The Guardian","floor":16,"turns":7},{"damage":25,"enemies":"2 Thieves","floor":18,"turns":3},{"damage":10,"enemies":"Spheric Guardian","floor":19,"turns":3},{"damage":59,"enemies":"Slavers","floor":23,"turns":4},{"damage":28,"enemies":"Chosen and Byrds","floor":25,"turns":6},{"damage":8,"enemies":"Cultist and Chosen","floor":28,"turns":5},{"damage":7,"enemies":"Snake Plant","floor":29,"turns":3},{"damage":55,"enemies":"Champ","floor":33,"turns":6}],"seed_played":"1871138349130583951","potions_obtained":[{"floor":1,"key":"LiquidMemories"},{"floor":5,"key":"BloodPotion"},{"floor":13,"key":"LiquidMemories"},{"floor":23,"key":"Fire Potion"},{"floor":25,"key":"SkillPotion"},{"floor":28,"key":"Ancient Potion"}],"is_trial":false,"path_per_floor":["M","M","$","$","M","R","M","R","T","M","M","?","M","M","R","B",null,"M","M","?","$","?","E","R","M","T","R","M","M","$","?","R","B"],"character_chosen":"IRONCLAD","items_purchased":["Flex","Ginger"],"campfire_rested":2,"item_purchase_floors":[3,21],"current_hp_per_floor":[80,80,80,80,80,80,80,80,80,80,71,71,72,67,67,47,80,64,60,60,60,60,26,51,29,29,54,54,55,55,55,55,0,0],"gold":25,"neow_bonus":"TRANSFORM_CARD","is_daily":false,"chose_seed":false,"campfire_upgraded":4,"win_rate":0.0,"timestamp":1614042071,"path_taken":["M","M","?","$","M","R","M","R","T","M","M","?","M","M","R","BOSS","M","?","?","$","?","E","R","M","T","R","M","M","$","?","R","BOSS"],"items_purchased_type":["Card","Relic"],"build_version":"2020-12-22","purchased_purges":2,"victory":false,"max_hp_per_floor":[80,80,80,80,80,80,80,80,80,80,80,80,80,80,80,80,80,83,83,83,83,83,86,86,86,86,86,88,90,90,90,90,90,90],"card_choices":[{"not_picked":["Combust","Warcry"],"picked":"Rage","floor":1},{"not_picked":["Twin Strike","Iron Wave"],"picked":"Heavy Blade","floor":2},{"not_picked":["Reckless Charge","True Grit"],"picked":"Metallicize","floor":5},{"not_picked":["Rage","True Grit","Heavy Blade"],"picked":"SKIP","floor":7},{"not_picked":["Iron Wave","Heavy Blade","Dark Embrace"],"picked":"SKIP","floor":10},{"not_picked":["Clash","Carnage","Power Through"],"picked":"SKIP","floor":11},{"not_picked":["Juggernaut","Sentinel"],"picked":"Flex","floor":13},{"not_picked":["Body Slam","Flex"],"picked":"Spot Weakness","floor":14},{"not_picked":["Juggernaut","Impervious"],"picked":"Limit Break","floor":16},{"not_picked":["Iron Wave+1","True Grit"],"picked":"Heavy Blade","floor":18},{"not_picked":["Pommel Strike+1","Thunderclap"],"picked":"Ghostly Armor","floor":19},{"not_picked":["Berserk","Iron Wave"],"picked":"Dual Wield","floor":23},{"not_picked":["Disarm","Infernal Blade"],"picked":"Heavy Blade+1","floor":25},{"not_picked":["Shrug It Off","Wild Strike","Thunderclap"],"picked":"Singing Bowl","floor":28},{"not_picked":["Wild Strike","Havoc","Metallicize"],"picked":"Singing Bowl","floor":29}],"player_experience":123737,"relics_obtained":[{"floor":23,"key":"Happy Flower"},{"floor":26,"key":"Tiny Chest"}],"event_choices":[{"damage_healed":0,"gold_gain":100,"player_choice":"Pray","damage_taken":0,"max_hp_gain":0,"max_hp_loss":0,"event_name":"Golden Shrine","floor":12,"gold_loss":0},{"damage_healed":0,"gold_gain":0,"player_choice":"Opened","damage_taken":0,"relics_obtained":["Singing Bowl"],"max_hp_gain":0,"max_hp_loss":0,"event_name":"The Mausoleum","floor":20,"gold_loss":0},{"damage_healed":0,"gold_gain":0,"player_choice":"Ignored","damage_taken":0,"max_hp_gain":0,"max_hp_loss":0,"event_name":"Vampires","floor":22,"gold_loss":0},{"damage_healed":0,"gold_gain":0,"player_choice":"Obtain J.A.X.","damage_taken":0,"max_hp_gain":0,"max_hp_loss":0,"event_name":"Drug Dealer","floor":31,"gold_loss":0,"cards_obtained":["J.A.X."]}],"is_beta":false,"boss_relics":[{"not_picked":["Runic Pyramid","Fusion Hammer"],"picked":"Pandora\u0027s Box"}],"items_purged_floors":[3,30],"is_endless":false,"potions_floor_spawned":[1,5,13,23,25,28],"killed_by":"Champ","ascension_level":0}}