{"host":"4ag909k4xupnj24b","time":1614122773,"event":{"mods":["BaseMod","Downfall","Minty Spire (QoL Compilation)","StSLib"],"gold_per_floor":[99,115,129,143,28,39,62,81,81,81,81,91,91,91,111,207,207,207,222,237,254,59,72,99,99,199,213,229,329,329,348,348,348,348],"floor_reached":32,"language":"ENG","playtime":2330,"items_purged":[],"score":263,"play_id":"44227254-6df7-44ff-ba75-2b69534c29ad","local_time":"20210223152613","is_ascension_mode":false,"campfire_choices":[{"data":"hexamod:ThermalTransfer","floor":1.0,"key":"SMITH"},{"data":"hexamod:GhostOfSpireFuture","floor":11.0,"key":"SMITH"},{"data":"hexamod:Incineration","floor":13.0,"key":"SMITH"},{"floor":18.0,"key":"REST"},{"floor":30.0,"key":"REST"}],"circlet_count":0,"master_deck":["hexamod:Strike+1","hexamod:Strike+1","hexamod:Defend+1","hexamod:Defend","hexamod:Defend+1","hexamod:Sear","hexamod:Float","hexamod:ThermalTransfer+1","hexamod:ShieldOfDarkness+1","hexamod:SpectralAdrenaline+1","hexamod:GhostOfSpireFuture+1","hexamod:Firestarter","hexamod:Incineration+1","hexamod:AdvancingGuard+1","hexamod:StepThrough+1","downfall:Haunted","hexamod:FifthSeal","hexamod:SixthSeal","hexamod:TimeOfNeed","hexamod:TimeOfNeed","hexamod:SixthSeal","hexamod:SpectersWail+1","hexamod:SkipABeat","hexamod:InspiringFlames+1","hexamod:GhostOfSpirePresent","expansioncontent:StudyTheSpire+1","Regret","Decay","hexamod:ParanormalForm","hexamod:HeatShield","J.A.X.+1","hexamod:RetreatToShadows+1","hexamod:FlamesFromBeyond+1","hexamod:Hexaguard+1","hexamod:Sear","hexamod:FlamesFromBeyond","hexamod:SpectralAdrenaline","hexamod:UnlimitedPower","Finesse","Normality","hexamod:Incineration"],"relics":["hexamod:SpiritBrand","Vajra","downfall:ExtraCursedKey","Fusion Hammer","PreservedInsect","Tiny Chest","MutagenicStrength","downfall:GremlinSack"],"acts_visited":["Exordium","TheCity"],"potions_floor_usage":[32],"damage_taken":[{"damage":0.0,"enemies":"Jaw Worm","floor":2.0,"turns":3.0},{"damage":0.0,"enemies":"Small Slimes","floor":3.0,"turns":3.0},{"damage":0.0,"enemies":"Cultist","floor":4.0,"turns":3.0},{"damage":0.0,"enemies":"downfall:FleeingMerchant","floor":5.0,"turns":4.0},{"damage":0.0,"enemies":"Exordium Wildlife","floor":6.0,"turns":4.0},{"damage":13.0,"enemies":"Large Slime","floor":8.0,"turns":3.0},{"damage":1.0,"enemies":"Blue Slaver","floor":12.0,"turns":2.0},{"damage":0.0,"enemies":"3 Louse","floor":15.0,"turns":4.0},{"damage":5.0,"enemies":"DF_ARCHETYPE_STREAMLINE","floor":16.0,"turns":9.0},{"damage":12.0,"enemies":"downfall:LooterAlt2","floor":19.0,"turns":4.0},{"damage":0.0,"enemies":"Spheric Guardian","floor":20.0,"turns":3.0},{"damage":10.0,"enemies":"Snecko","floor":21.0,"turns":6.0},{"damage":0.0,"enemies":"downfall:FleeingMerchant","floor":22.0,"turns":4.0},{"damage":0.0,"enemies":"Centurion and Healer","floor":23.0,"turns":5.0},{"damage":25.0,"enemies":"downfall:Augmenter","floor":26.0,"turns":4.0},{"damage":16.0,"enemies":"Chosen and Byrds","floor":27.0,"turns":5.0},{"damage":6.0,"enemies":"Snake Plant","floor":28.0,"turns":4.0},{"damage":2.0,"enemies":"Snake Plant","floor":29.0,"turns":3.0},{"damage":16,"enemies":"3 Cultists","floor":31,"turns":4},{"damage":22,"enemies":"Sentry and Sphere","floor":32,"turns":2}],"seed_played":"-9047973691488274518","potions_obtained":[{"floor":6.0,"key":"Weak Potion"},{"floor":8.0,"key":"Fire Potion"},{"floor":12.0,"key":"SteroidPotion"},{"floor":16.0,"key":"SmokeBomb"},{"floor":19.0,"key":"Strength Potion"},{"floor":23.0,"key":"Fruit Juice"},{"floor":29.0,"key":"SpeedPotion"},{"floor":31,"key":"Regen Potion"}],"is_trial":false,"path_per_floor":["R","M","M","M","$","M","T","M","?","?","R","M","R","?","M","B",null,"R","M","M","M","$","M","T","?","?","M","M","?","R","M","M"],"character_chosen":"THE_SPIRIT","items_purchased":["hexamod:Incineration","hexamod:AdvancingGuard","expansioncontent:StudyTheSpire"],"campfire_rested":2,"item_purchase_floors":[5,5,22],"current_hp_per_floor":[70,70,70,70,70,70,70,57,57,57,57,56,56,56,56,51,70,70,58,58,48,48,48,48,48,23,7,6,4,26,10,0,0,0],"gold":348,"neow_bonus":"THREE_CARDS","is_daily":false,"chose_seed":false,"campfire_upgraded":3,"win_rate":0.0,"timestamp":1614122773,"path_taken":["R","M","M","M","$","M","T","M","?","?","R","M","R","?","M","BOSS","R","M","M","M","$","M","T","?","?","M","M","?","R","?","M"],"items_purchased_type":["Card","Card","Card"],"build_version":"2020-12-22","purchased_purges":0,"victory":false,"max_hp_per_floor":[70,70,70,70,70,70,70,70,70,70,70,70,70,70,70,70,70,70,70,70,70,70,70,70,70,70,70,75,75,75,75,75,75,75],"card_choices":[{"not_picked":["hexamod:FastForward","hexamod:RainOfEmbers"],"picked":"hexamod:ThermalTransfer","floor":0.0},{"not_picked":["hexamod:ThermalTransfer","hexamod:NightmareStrike"],"picked":"hexamod:ShieldOfDarkness","floor":2.0},{"not_picked":["hexamod:PowerFromBeyond","hexamod:Firestarter"],"picked":"hexamod:SpectralAdrenaline","floor":3.0},{"not_picked":["hexamod:Haunt","hexamod:CatchUp"],"picked":"hexamod:GhostOfSpireFuture","floor":4.0},{"not_picked":["hexamod:FastForward","hexamod:GhostOfSpireFuture"],"picked":"hexamod:Firestarter","floor":5.0},{"not_picked":["hexamod:Again","hexamod:ChargedBarrage"],"picked":"hexamod:StepThrough","floor":6.0},{"not_picked":["hexamod:GhostShield","hexamod:HeatMetal","hexamod:HauntingEcho"],"picked":"SKIP","floor":8.0},{"not_picked":["hexamod:AdvancingGuard","hexamod:BacktrackSmack","hexamod:NightmareStrike"],"picked":"SKIP","floor":12.0},{"not_picked":["hexamod:FirstSeal","hexamod:FourthSeal"],"picked":"hexamod:SixthSeal","floor":15.0},{"not_picked":["hexamod:Again","hexamod:SpectralAdrenaline"],"picked":"hexamod:TimeOfNeed","floor":15.0},{"not_picked":["hexamod:ParanormalForm","hexamod:SearingWound"],"picked":"hexamod:TimeOfNeed","floor":16.0},{"not_picked":["hexamod:FourthSeal","hexamod:FirstSeal"],"picked":"hexamod:SixthSeal","floor":19.0},{"not_picked":["hexamod:SpectralAdrenaline","hexamod:NecessarySacrifice+1"],"picked":"hexamod:SpectersWail","floor":19.0},{"not_picked":["hexamod:FourthSeal","hexamod:BacktrackSmack"],"picked":"hexamod:SkipABeat","floor":20.0},{"not_picked":["hexamod:Firestarter","hexamod:AdvancingGuard"],"picked":"hexamod:InspiringFlames+1","floor":21.0},{"not_picked":["hexamod:NightmareStrike","hexamod:GhostLash"],"picked":"hexamod:GhostOfSpirePresent","floor":22.0},{"not_picked":["hexamod:HauntingEcho","hexamod:NightmareStrike+1","hexamod:BacktrackSmack"],"picked":"SKIP","floor":23.0},{"not_picked":[],"picked":"J.A.X.","floor":26.0},{"not_picked":["hexamod:SearingWound","hexamod:ChargedBarrage"],"picked":"hexamod:RetreatToShadows+1","floor":26.0},{"not_picked":["hexamod:GhostLash+1","hexamod:NightmareGuise"],"picked":"hexamod:FlamesFromBeyond+1","floor":27.0},{"not_picked":["hexamod:ShieldOfDarkness","hexamod:ThermalTransfer","hexamod:HauntingEcho"],"picked":"SKIP","floor":28.0},{"not_picked":["hexamod:PhantomFireball","hexamod:HeatMetal+1"],"picked":"hexamod:Hexaguard+1","floor":29.0},{"not_picked":["hexamod:UnleashSpirits","hexamod:BurningTouch"],"picked":"hexamod:Incineration","floor":31}],"player_experience":907744,"relics_obtained":[{"floor":7.0,"key":"Vajra"},{"floor":24.0,"key":"PreservedInsect"},{"floor":26.0,"key":"MutagenicStrength"},{"floor":29.0,"key":"downfall:GremlinSack"}],"event_choices":[],"is_beta":false,"boss_relics":[{"not_picked":["Tiny House","Snecko Eye"],"picked":"Fusion Hammer"}],"items_purged_floors":[],"is_endless":false,"potions_floor_spawned":[6,8,12,15,16,19,23,26,29,31],"killed_by":"Sentry and Sphere","ascension_level":0}}