{"host":"xnjcin1g6gswdgtt","time":1614103098,"event":{"mods":["2.2 Compatiblity","Act Like it!","Arknights","Aspiration","Astrologer","BaseMod","Beaked The Cultist","Better Altar","Better Match","Better Note","Better Sensory Stone","Better Skull","Better Third Choice","Better Vampires","BetterRewards","Bossed Relics","Card Forge","CatGirl Mod","ChefMod","Colored Map","Colored Powertips","Conspire","Dota2Spire","Downfall","Duelist Mod","Elementarium","Energized Spire","Friendly Minions","Gold Saver","Gremlin Mod","GungeonMod","Hero for Fun","Highlight Path","Hubris","Jedi Mod","JesterMod","Marisa????????","Marked Mod","Menagerie","Minty Spire (QoL Compilation)","Pale of the Ancients","QueenMod","Quick Restart","Rare Cards Sparkle","Relic Stats","Reliquary","Replay The Spire","Robot Space Explorer","Ruina","Shade Mod","Shapeshifter Mod","Shop Mod","Small Relic Pack","Smile Girya","Spicy Shops","StSLib","The Alterego","The Animator","The Blue Laboratory","The Clintock","The Construct","The Cursed","The Death Knight","The Disciple","The Dragon Tamer","The Forsaken","The Hierophant","The Marked","The Mystic","The Necromancer","The Poker Player","The Runesmith","The Saiyan","The Servant 0.9.4","The Showman","The Wild Card","TheBandit","TheSwordswoman","TheVacant","Trackpad","Yuri Mod","??????REMEMod"],"gold_per_floor":[118,118,135,135,80,111,125,151,151,151,151,63,131,131,149,166,166,166,166],"floor_reached":18,"language":"ENG","playtime":1762,"items_purged":[],"score":120,"play_id":"8b8e8dea-07eb-46eb-96f2-64d7c5f94b3f","local_time":"20210223115818","is_ascension_mode":false,"campfire_choices":[{"floor":17,"key":"RECALL"}],"circlet_count":0,"master_deck":["mysticmod:Strike_Mystic+1","mysticmod:Strike_Mystic+1","mysticmod:Defend_Mystic+1","mysticmod:Defend_Mystic+1","mysticmod:Defend_Mystic+1","mysticmod:ArcaneDodge+1","mysticmod:ShockingGrasp+1","Embodiment+1","mysticmod:PowerSlash+1","mysticmod:MightyMagic+1","mysticmod:MightyMagic+1","mysticmod:Lunge+1","mysticmod:ComponentsPouch+1","Pot Of Greed+1","Pot Of Greed+1","mysticmod:LightningBolt+1","mysticmod:SummonFamiliar+1","mysticmod:CorrosiveTouch+1"],"relics":["mysticmod:SpellBook","Hammer of Thor","Seething Fire","Anvil of the Gods","REME_ComplimentaryCards","aspiration:HiddenCompartment","aspiration:BabyByrd","Dota2Spire:EyeOfSkadi","Grinning Jar","trackpad:ToughGloves","jedi:angrymask","WarpedTongs","DemoMod:GlassGuonStoneRelic"],"acts_visited":["Exordium"],"potions_floor_usage":[],"damage_taken":[{"damage":0,"enemies":"ats:Genji","floor":1,"turns":3},{"damage":0,"enemies":"Jaw Worm","floor":3,"turns":3},{"damage":33,"enemies":"3 Sentries","floor":6,"turns":9},{"damage":0,"enemies":"Small Slimes","floor":7,"turns":2},{"damage":8,"enemies":"Replay:BlueRogue","floor":8,"turns":3},{"damage":0,"enemies":"conspire:2 RoseBushes","floor":15,"turns":3},{"damage":3,"enemies":"Blue Slaver","floor":16,"turns":3},{"damage":0,"enemies":"The Guardian","floor":18,"turns":3}],"seed_played":"-2604744880593782056","potions_obtained":[{"floor":6,"key":"LifebloodPotion"},{"floor":8,"key":"Milkshake"}],"is_trial":false,"path_per_floor":["M","?","M","?","$","E","M","E","PTL","PTL","T","$","T","?","M","M","R","B"],"character_chosen":"MYSTIC_CLASS","items_purchased":["mysticmod:MightyMagic","trackpad:ToughGloves"],"campfire_rested":0,"item_purchase_floors":[5,12],"current_hp_per_floor":[84,84,84,84,84,56,56,48,48,48,48,48,48,48,48,45,45,45,45],"gold":166,"neow_bonus":"TEN_PERCENT_HP_BONUS","is_daily":false,"chose_seed":false,"campfire_upgraded":0,"win_rate":0.0,"timestamp":1614103098,"path_taken":["M","?","?","?","?","E","M","E","PTL","PTL","T","$","?","?","?","M","R","BOSS"],"items_purchased_type":["Card","Relic"],"build_version":"2020-12-22","purchased_purges":0,"victory":false,"max_hp_per_floor":[84,84,84,84,84,89,89,89,89,89,89,89,89,89,89,89,89,89,89],"relic_stats":{"counters":[8,28],"obtain_stats":[{"jedi:angrymask":13,"mysticmod:SpellBook":0,"Hammer of Thor":0,"DemoMod:GlassGuonStoneRelic":8,"Seething Fire":0,"aspiration:HiddenCompartment":2,"WarpedTongs":14,"trackpad:ToughGloves":12,"Dota2Spire:EyeOfSkadi":6,"Anvil of the Gods":0,"aspiration:BabyByrd":4,"Grinning Jar":8,"REME_ComplimentaryCards":0},{"jedi:angrymask":5,"mysticmod:SpellBook":0,"Hammer of Thor":0,"DemoMod:GlassGuonStoneRelic":5,"Seething Fire":0,"aspiration:HiddenCompartment":1,"WarpedTongs":5,"trackpad:ToughGloves":5,"Dota2Spire:EyeOfSkadi":3,"Anvil of the Gods":0,"aspiration:BabyByrd":2,"Grinning Jar":5,"REME_ComplimentaryCards":0},{"jedi:angrymask":20,"mysticmod:SpellBook":0,"Hammer of Thor":0,"DemoMod:GlassGuonStoneRelic":20,"Seething Fire":0,"aspiration:HiddenCompartment":3,"WarpedTongs":20,"trackpad:ToughGloves":20,"Dota2Spire:EyeOfSkadi":15,"Anvil of the Gods":0,"aspiration:BabyByrd":6,"Grinning Jar":20,"REME_ComplimentaryCards":0}],"WarpedTongs":[3]},"card_choices":[{"not_picked":["mysticmod:Snowball","mysticmod:BulkUp"],"picked":"mysticmod:PureInstinct","floor":1},{"not_picked":["mysticmod:Snowball","mysticmod:StyleChange"],"picked":"mysticmod:PowerSlash","floor":3},{"not_picked":["mysticmod:TomeOfSpells","mysticmod:PunishingArmor"],"picked":"mysticmod:Lunge","floor":6},{"not_picked":["mysticmod:IllusionOfCalm","mysticmod:TomeOfSpells"],"picked":"mysticmod:ComponentsPouch","floor":7},{"not_picked":["mysticmod:MightyMagic","mysticmod:Momentum"],"picked":"mysticmod:LightningBolt","floor":8},{"not_picked":["mysticmod:Riposte","mysticmod:SpontaneousCaster"],"picked":"mysticmod:SummonFamiliar","floor":15},{"not_picked":["mysticmod:Probe","mysticmod:BulkUp"],"picked":"mysticmod:CorrosiveTouch","floor":16}],"player_experience":227753,"relics_obtained":[{"floor":6,"key":"Dota2Spire:EyeOfSkadi"},{"floor":8,"key":"Grinning Jar"},{"floor":13,"key":"jedi:angrymask"}],"event_choices":[{"cards_removed":["mysticmod:PureInstinct"],"damage_healed":0,"gold_gain":0,"player_choice":"Gave Card","damage_taken":0,"relics_obtained":["aspiration:HiddenCompartment"],"max_hp_gain":0,"max_hp_loss":0,"event_name":"WeMeetAgain","floor":2,"gold_loss":0},{"damage_healed":0,"gold_gain":0,"player_choice":"Rummage","damage_taken":0,"relics_obtained":["WarpedTongs"],"max_hp_gain":0,"max_hp_loss":0,"event_name":"Accursed Blacksmith","floor":14,"gold_loss":0,"cards_obtained":["Pain"]}],"is_beta":false,"boss_relics":[],"items_purged_floors":[],"is_endless":false,"potions_floor_spawned":[6,8],"killed_by":"The Guardian","ascension_level":0}}