{"host":"3n5xmnb54n2y5mb4","time":1614111442,"event":{"mods":["BaseMod","Colored Map","Colored Powertips","Minty Spire (QoL Compilation)","Permanent Neow","StSLib","Unceasing Turn Reminder","everything is the same but u backflip on backflip"],"gold_per_floor":[363,6,6,23,33,64,64,78,103,103,116,147,147,1,1,97,97,116,215,226,44,44,71,84,84,84,94,46,46,46],"floor_reached":29,"language":"ENG","playtime":1390,"items_purged":["Strike_G","Strike_G"],"score":430,"play_id":"328ed205-ddbe-47af-8cb4-8eb9deab6c08","local_time":"20210223151722","is_ascension_mode":true,"campfire_choices":[{"floor":7.0,"key":"REST"},{"data":"Footwork","floor":10.0,"key":"SMITH"},{"floor":15.0,"key":"REST"},{"floor":25,"key":"REST"}],"circlet_count":0,"master_deck":["AscendersBane","Strike_G","Strike_G","Strike_G","Defend_G","Defend_G","Defend_G","Defend_G","Defend_G","Survivor","Neutralize","Noxious Fumes","Blade Dance","Accuracy","Neutralize","Prepared","Well Laid Plans","Footwork+1","Caltrops","Leg Sweep","Blade Dance","Night Terror","Backflip","Accuracy","J.A.X.","Catalyst+1","Crippling Poison","Blade Dance","Blade Dance"],"relics":["Ring of the Snake","Snake Skull","Orichalcum","Ancient Tea Set","Boot","SlaversCollar","Oddly Smooth Stone","Juzu Bracelet","Eternal Feather"],"acts_visited":["Exordium","TheCity"],"potions_floor_usage":[],"damage_taken":[{"damage":0.0,"enemies":"2 Louse","floor":1.0,"turns":4.0},{"damage":4.0,"enemies":"Cultist","floor":4.0,"turns":4.0},{"damage":3.0,"enemies":"Small Slimes","floor":5.0,"turns":3.0},{"damage":6.0,"enemies":"3 Sentries","floor":6.0,"turns":6.0},{"damage":12.0,"enemies":"2 Fungi Beasts","floor":8.0,"turns":5.0},{"damage":9.0,"enemies":"Large Slime","floor":11.0,"turns":9.0},{"damage":18.0,"enemies":"Gremlin Nob","floor":12.0,"turns":4.0},{"damage":17.0,"enemies":"Slime Boss","floor":16.0,"turns":10.0},{"damage":1.0,"enemies":"Chosen","floor":18.0,"turns":7.0},{"damage":10.0,"enemies":"3 Byrds","floor":20.0,"turns":4.0},{"damage":13.0,"enemies":"Gremlin Leader","floor":23.0,"turns":6.0},{"damage":27.0,"enemies":"Centurion and Healer","floor":24.0,"turns":7.0},{"damage":29,"enemies":"Shelled Parasite and Fungi","floor":27,"turns":7},{"damage":31,"enemies":"Snake Plant","floor":29,"turns":6}],"seed_played":"8356697400888834017","potions_obtained":[{"floor":1.0,"key":"Poison Potion"},{"floor":4.0,"key":"AttackPotion"},{"floor":6.0,"key":"GamblersBrew"},{"floor":16.0,"key":"Dexterity Potion"},{"floor":20.0,"key":"Fruit Juice"},{"floor":23.0,"key":"SteroidPotion"},{"floor":24,"key":"FairyPotion"}],"is_trial":false,"path_per_floor":["M","$","?","M","M","E","R","M","T","R","M","E","?","$","R","B",null,"M","?","M","$","?","E","M","R","T","M","$","M"],"character_chosen":"THE_SILENT","items_purchased":["Snake Skull","Blade Dance","Accuracy","Blade Dance","Oddly Smooth Stone","Accuracy","Blade Dance"],"campfire_rested":3,"item_purchase_floors":[2,2,2,14,21,21,28],"current_hp_per_floor":[45,45,45,41,38,32,53,41,41,41,32,14,14,14,35,18,57,56,56,46,46,46,38,11,33,33,4,4,0,0],"gold":46,"neow_bonus":"TWO_FIFTY_GOLD","is_daily":false,"chose_seed":false,"campfire_upgraded":1,"win_rate":0.0,"timestamp":1614111442,"path_taken":["M","$","?","?","M","E","R","M","T","R","M","E","?","$","R","BOSS","M","?","M","$","?","E","M","R","T","M","$","M"],"items_purchased_type":["Relic","Card","Card","Card","Relic","Card","Card"],"build_version":"2020-12-22","purchased_purges":2,"victory":false,"max_hp_per_floor":[70,70,70,70,70,70,70,70,70,70,70,70,70,70,70,70,70,70,70,70,70,70,75,75,75,75,75,75,75,75],"card_choices":[{"not_picked":["Backflip","Catalyst"],"picked":"Noxious Fumes","floor":1.0},{"not_picked":["Bane","Sucker Punch","Tactician"],"picked":"SKIP","floor":4.0},{"not_picked":["Underhanded Strike","Endless Agony"],"picked":"Prepared","floor":5.0},{"not_picked":["Dagger Throw","Dodge and Roll"],"picked":"Well Laid Plans","floor":6.0},{"not_picked":["Reflex","Terror"],"picked":"Footwork","floor":8.0},{"not_picked":["Outmaneuver","Quick Slash"],"picked":"Caltrops","floor":11.0},{"not_picked":["Predator","Skewer"],"picked":"Leg Sweep","floor":12.0},{"not_picked":["Phantasmal Killer","After Image"],"picked":"Night Terror","floor":16.0},{"not_picked":["Dagger Spray","Calculated Gamble"],"picked":"Backflip","floor":18.0},{"not_picked":["Sucker Punch","Dagger Throw","Poisoned Stab"],"picked":"SKIP","floor":20.0},{"not_picked":["Skewer","Leg Sweep"],"picked":"Catalyst+1","floor":23.0},{"not_picked":["Sucker Punch+1","Outmaneuver"],"picked":"Crippling Poison","floor":24},{"not_picked":["Riddle With Holes","Venomology"],"picked":"Blade Dance","floor":27}],"player_experience":1015041,"relics_obtained":[{"floor":6.0,"key":"Orichalcum"},{"floor":9.0,"key":"Ancient Tea Set"},{"floor":12.0,"key":"Boot"},{"floor":23.0,"key":"Juzu Bracelet"},{"floor":26,"key":"Eternal Feather"}],"event_choices":[{"damage_healed":0.0,"max_hp_gain":0.0,"max_hp_loss":0.0,"gold_gain":0.0,"event_name":"Match and Keep!","player_choice":"1 cards matched","floor":3.0,"gold_loss":0.0,"damage_taken":0.0,"cards_obtained":["Neutralize"]},{"damage_healed":0.0,"max_hp_gain":0.0,"max_hp_loss":0.0,"gold_gain":0.0,"event_name":"Golden Wing","player_choice":"Ignored","floor":13.0,"gold_loss":0.0,"damage_taken":0.0},{"damage_healed":0.0,"max_hp_gain":0.0,"max_hp_loss":0.0,"gold_gain":99.0,"event_name":"Nest","player_choice":"Stole From Cult","floor":19.0,"gold_loss":0.0,"damage_taken":0.0},{"damage_healed":0.0,"max_hp_gain":0.0,"max_hp_loss":0.0,"gold_gain":0.0,"event_name":"Drug Dealer","player_choice":"Obtain J.A.X.","floor":22.0,"gold_loss":0.0,"damage_taken":0.0,"cards_obtained":["J.A.X."]}],"is_beta":false,"boss_relics":[{"not_picked":["Pandora\u0027s Box","Runic Dome"],"picked":"SlaversCollar"}],"items_purged_floors":[2,14],"is_endless":false,"potions_floor_spawned":[1,4,6,16,20,23,24],"killed_by":"Snake Plant","ascension_level":12}}