{"host":"dxlvkbod5jpfsj2d","time":1614077338,"event":{"mods":["BaseMod","Downfall","Highlight Path","Minty Spire (QoL Compilation)","StSLib"],"gold_per_floor":[99,114,127,142,162,177,253,271,271,371,371,390,390,403,416,514,814,814,829,839,824,824,824],"floor_reached":21,"language":"ZHS","playtime":1295,"items_purged":[],"score":177,"play_id":"3ff12bfd-0384-4f7e-ad2d-edaee1f73ddb","local_time":"20210223184858","is_ascension_mode":false,"campfire_choices":[{"data":"hexamod:FastForward","floor":1,"key":"SMITH"},{"data":"hexamod:EmpoweredFlame","floor":9,"key":"SMITH"},{"data":"hexamod:Sear","floor":13,"key":"SMITH"},{"data":"hexamod:HexaLevel","floor":18,"key":"SMITH"}],"circlet_count":0,"master_deck":["hexamod:Strike","hexamod:Strike","hexamod:Strike","hexamod:Strike","hexamod:Defend","hexamod:Defend","hexamod:Defend","hexamod:Defend","hexamod:Sear+1","hexamod:Float","hexamod:FastForward+1","hexamod:FlamesFromBeyond","hexamod:BurningTouch","hexamod:RadiantFlame","hexamod:ThermalTransfer","hexamod:Firestarter","hexamod:EmpoweredFlame+1","hexamod:HexaLevel+1","CurseOfTheBell","hexamod:BurningTouch+1","hexamod:NightmareGuise+1"],"relics":["hexamod:SpiritBrand","hexamod:InflammatoryLetter","Calling Bell","Pen Nib","Mercury Hourglass","Old Coin"],"acts_visited":["Exordium","TheCity"],"potions_floor_usage":[],"damage_taken":[{"damage":0,"enemies":"Cultist","floor":2,"turns":3},{"damage":3,"enemies":"Jaw Worm","floor":3,"turns":3},{"damage":0,"enemies":"Small Slimes","floor":4,"turns":3},{"damage":5,"enemies":"3 Louse","floor":5,"turns":3},{"damage":3,"enemies":"Red Slaver","floor":6,"turns":3},{"damage":12,"enemies":"Exordium Thugs","floor":8,"turns":3},{"damage":5,"enemies":"downfall:LooterAlt","floor":12,"turns":3},{"damage":0,"enemies":"Large Slime","floor":14,"turns":3},{"damage":1,"enemies":"2 Fungi Beasts","floor":15,"turns":3},{"damage":31,"enemies":"IC_STATUS_ARCHETYPE","floor":16,"turns":8},{"damage":25,"enemies":"downfall:LooterAlt2","floor":19,"turns":5},{"damage":32,"enemies":"3 Byrds","floor":20,"turns":4},{"damage":5,"enemies":"downfall:FleeingMerchant","floor":21,"turns":4}],"seed_played":"8047947344587590257","potions_obtained":[{"floor":2,"key":"ColorlessPotion"},{"floor":3,"key":"Strength Potion"},{"floor":8,"key":"Dexterity Potion"},{"floor":19,"key":"bronze:BurnAndBuffPotion"}],"is_trial":false,"path_per_floor":["R","M","M","M","M","M","T","M","R","?","?","M","R","M","M","B",null,"R","M","M","$"],"character_chosen":"THE_SPIRIT","items_purchased":[],"campfire_rested":0,"item_purchase_floors":[],"current_hp_per_floor":[70,70,67,67,62,59,59,47,47,47,47,42,42,42,41,10,70,70,45,13,8,8,8],"gold":824,"neow_bonus":"THREE_CARDS","is_daily":false,"chose_seed":false,"campfire_upgraded":4,"win_rate":0.0,"timestamp":1614077338,"path_taken":["R","M","?","M","M","M","T","M","R","?","?","M","R","M","M","BOSS","R","M","M","$"],"items_purchased_type":[],"build_version":"2020-12-22","purchased_purges":0,"victory":false,"max_hp_per_floor":[70,70,70,70,70,70,70,70,70,70,70,70,70,70,70,70,70,70,70,70,70,70,70],"card_choices":[{"not_picked":["hexamod:Haunt","hexamod:InspiringFlames"],"picked":"hexamod:FastForward","floor":0},{"not_picked":["hexamod:Hexaguard","hexamod:ThermalTransfer"],"picked":"hexamod:FlamesFromBeyond","floor":2},{"not_picked":["hexamod:HauntingEcho","hexamod:FastForward"],"picked":"hexamod:BurningTouch","floor":3},{"not_picked":["hexamod:HeatMetal","hexamod:SearingWound"],"picked":"hexamod:RadiantFlame","floor":4},{"not_picked":["hexamod:RainOfEmbers","hexamod:GhostShield"],"picked":"hexamod:ThermalTransfer","floor":5},{"not_picked":["hexamod:Hexaguard","hexamod:NecessarySacrifice"],"picked":"hexamod:Firestarter","floor":6},{"not_picked":["hexamod:HeatMetal","hexamod:HeatCrush"],"picked":"hexamod:EmpoweredFlame","floor":8},{"not_picked":["hexamod:ThermalTransfer","hexamod:StepThrough","hexamod:InspiringFlames"],"picked":"SKIP","floor":12},{"not_picked":["hexamod:Hexaguard","hexamod:GhostShield","hexamod:EmpoweredFlame"],"picked":"SKIP","floor":14},{"not_picked":["hexamod:NightmareGuise","hexamod:NightmareStrike","hexamod:Firestarter"],"picked":"SKIP","floor":15},{"not_picked":["hexamod:GiftsFromTheDead","hexamod:WildfireWeapon"],"picked":"hexamod:HexaLevel","floor":16},{"not_picked":["hexamod:SwordOfDarkness","hexamod:SpectersWail","hexamod:NightmareStrike"],"picked":"SKIP","floor":19},{"not_picked":["hexamod:SwordOfDarkness","hexamod:BacktrackSmack"],"picked":"hexamod:BurningTouch+1","floor":20},{"not_picked":["hexamod:Haunt","hexamod:GhostOfSpireFuture"],"picked":"hexamod:NightmareGuise+1","floor":21}],"player_experience":720895,"relics_obtained":[{"floor":7,"key":"hexamod:InflammatoryLetter"},{"floor":17,"key":"Pen Nib"},{"floor":17,"key":"Mercury Hourglass"},{"floor":17,"key":"Old Coin"}],"event_choices":[],"is_beta":false,"boss_relics":[{"not_picked":["Runic Dome","Philosopher\u0027s Stone"],"picked":"Calling Bell"}],"items_purged_floors":[],"is_endless":false,"potions_floor_spawned":[2,3,8,19],"ascension_level":0}}