{"host":"bg0cyinkrjnqf173","time":1614122761,"event":{"mods":["Aspiration","BaseMod","Beaked The Cultist","Better Third Choice","BetterRewards","Colored Map","Conspire","Custom Start","Defuse TimeMaze Blight","Displayed Cursed Tome","Googly Eyes","Halation","Hermit","Hubris","Infinite Spire","Jedi Mod","Minty Spire (QoL Compilation)","Permanent Neow","Quick Restart","Rare Cards Sparkle","Relic Sorter","Reliquary","Replay The Spire","Shop Mod","Spicy Shops","Spikes Relics","StSLib","The Bladedancer","The Construct","The Valiant","Uncapped"],"gold_per_floor":[114,150,4,4,24,24,24],"floor_reached":6,"language":"ENG","playtime":237,"items_purged":[],"score":36,"play_id":"58eb8096-9d87-4e21-b0b7-31b87e4c9d89","local_time":"20210223182601","is_ascension_mode":true,"campfire_choices":[],"circlet_count":0,"master_deck":["Strike_P","Strike_P+1","Strike_P","Defend_P","Defend_P","Defend_P","Defend_P","Eruption","Vigilance+1","FollowUp","CutThroughFate","Vengeance","FlyingSleeves"],"relics":["PureWater","reliquary:Buckler","reliquary:Spinner","conspire:TreasureMap"],"acts_visited":["Exordium"],"potions_floor_usage":[6,6],"damage_taken":[{"damage":2.0,"enemies":"2 Louse","floor":1.0,"turns":3.0},{"damage":39.0,"enemies":"conspire:MimicChest","floor":2.0,"turns":8.0},{"damage":5.0,"enemies":"Jaw Worm","floor":5.0,"turns":3.0},{"damage":36,"enemies":"Lagavulin","floor":6,"turns":2}],"seed_played":"-1836992786447873319","potions_obtained":[{"floor":1.0,"key":"Strength Potion"},{"floor":5.0,"key":"StancePotion"}],"is_trial":false,"path_per_floor":["M","?","$","?","M","E"],"character_chosen":"WATCHER","items_purchased":["conspire:TreasureMap"],"campfire_rested":0,"item_purchase_floors":[3],"current_hp_per_floor":[70,31,31,31,26,0,0],"gold":24,"neow_bonus":"RANDOM_COMMON_RELIC","is_daily":false,"chose_seed":false,"campfire_upgraded":0,"win_rate":0.0,"timestamp":1614122761,"path_taken":["M","?","$","?","M","E"],"items_purchased_type":["Relic"],"build_version":"2020-12-22","purchased_purges":0,"victory":false,"max_hp_per_floor":[72,72,72,72,72,72,72],"card_choices":[{"not_picked":["MentalFortress","Evaluate"],"picked":"FollowUp","floor":1.0},{"not_picked":["BattleHymn","Consecrate"],"picked":"CutThroughFate","floor":2.0},{"not_picked":["Wireheading","Replay:Cycle"],"picked":"FlyingSleeves","floor":5.0}],"player_experience":947123,"relics_obtained":[{"floor":2.0,"key":"reliquary:Spinner"}],"event_choices":[{"damage_healed":0.0,"max_hp_gain":0.0,"max_hp_loss":0.0,"gold_gain":0.0,"cards_transformed":["Strike_P"],"event_name":"Living Wall","player_choice":"Change","floor":4.0,"gold_loss":0.0,"damage_taken":0.0,"cards_obtained":["Vengeance"]}],"is_beta":false,"boss_relics":[],"items_purged_floors":[],"is_endless":false,"potions_floor_spawned":[1,5],"killed_by":"Lagavulin","ascension_level":1}}