{"host":"9brt9rggm379u2p7","time":1614099386,"event":{"mods":["AchievementEnabler","BaseMod","Highlight Path","Minty Spire (QoL Compilation)","Permanent Neow","Quick Restart","SuperFastMode"],"gold_per_floor":[113,133,133,153,167,199,199,234,314,314,314,314],"floor_reached":11,"language":"ENG","playtime":452,"items_purged":[],"score":166,"play_id":"55ebf946-369d-46e1-9446-65c1925e8905","local_time":"20210224015626","is_ascension_mode":true,"campfire_choices":[{"data":"Battle Trance","floor":10.0,"key":"SMITH"}],"circlet_count":0,"master_deck":["AscendersBane","Strike_R","Strike_R","Strike_R","Strike_R","Strike_R","Defend_R","Defend_R","Defend_R","Defend_R","Bash","Immolate","Shrug It Off","Warcry","Headbutt","Battle Trance+1"],"relics":["Burning Blood","Lantern","FossilizedHelix","Ornamental Fan"],"acts_visited":["Exordium"],"potions_floor_usage":[11],"damage_taken":[{"damage":1.0,"enemies":"2 Louse","floor":1.0,"turns":2.0},{"damage":0.0,"enemies":"Cultist","floor":2.0,"turns":2.0},{"damage":4.0,"enemies":"Jaw Worm","floor":4.0,"turns":4.0},{"damage":6.0,"enemies":"Looter","floor":5.0,"turns":3.0},{"damage":34.0,"enemies":"Lagavulin","floor":6.0,"turns":5.0},{"damage":19.0,"enemies":"3 Sentries","floor":8.0,"turns":4.0},{"damage":39,"enemies":"Lagavulin","floor":11,"turns":6}],"seed_played":"7420841119931580200","potions_obtained":[{"floor":4.0,"key":"SteroidPotion"},{"floor":5.0,"key":"Swift Potion"},{"floor":6.0,"key":"SpeedPotion"}],"is_trial":false,"path_per_floor":["M","M","?","M","M","E","?","E","T","R","E"],"character_chosen":"IRONCLAD","items_purchased":[],"campfire_rested":0,"item_purchase_floors":[],"current_hp_per_floor":[73,75,75,75,75,47,47,34,34,34,0,0],"gold":314,"neow_bonus":"ONE_RANDOM_RARE_CARD","is_daily":false,"chose_seed":false,"campfire_upgraded":1,"win_rate":0.0,"timestamp":1614099386,"path_taken":["M","M","?","M","?","E","?","E","T","R","E"],"items_purchased_type":[],"build_version":"2020-12-22","purchased_purges":0,"victory":false,"max_hp_per_floor":[75,75,75,75,75,75,75,75,75,75,75,75],"card_choices":[{"not_picked":["Sentinel","Blood for Blood"],"picked":"Shrug It Off","floor":1.0},{"not_picked":["Rampage","Heavy Blade"],"picked":"Warcry","floor":2.0},{"not_picked":["Twin Strike","Dual Wield"],"picked":"Headbutt","floor":4.0},{"not_picked":["Pummel","Disarm"],"picked":"Battle Trance","floor":5.0},{"not_picked":["Combust","Dark Embrace","Dropkick"],"picked":"SKIP","floor":6.0},{"not_picked":["Shrug It Off","Heavy Blade","Dropkick"],"picked":"SKIP","floor":8.0}],"player_experience":441251,"relics_obtained":[{"floor":6.0,"key":"Lantern"},{"floor":8.0,"key":"FossilizedHelix"},{"floor":9.0,"key":"Ornamental Fan"}],"event_choices":[{"damage_healed":0.0,"max_hp_gain":0.0,"max_hp_loss":0.0,"gold_gain":0.0,"event_name":"Wheel of Change","player_choice":"Cursed","floor":3.0,"gold_loss":0.0,"damage_taken":0.0,"cards_obtained":["Decay"]},{"cards_removed":["Decay"],"damage_healed":0.0,"max_hp_gain":0.0,"max_hp_loss":0.0,"gold_gain":0.0,"event_name":"Living Wall","player_choice":"Forget","floor":7.0,"gold_loss":0.0,"damage_taken":0.0}],"is_beta":false,"boss_relics":[],"items_purged_floors":[],"is_endless":false,"potions_floor_spawned":[4,5,6],"killed_by":"Lagavulin","ascension_level":20}}