{"host":"q57ekfojy3i00x9o","time":1614069064,"event":{"mods":["Act Like it!","Arknights","Aspiration","BaseMod","Colored Map","Energized Spire","Hermit","Minty Spire (QoL Compilation)","Quick Restart","Ruina","Spicy Shops","Spikes Relics","StSLib","slay the spire mod where everything is the same but ironclad has a cowboy hat"],"gold_per_floor":[114,114,131,131,148,148,180,180,180,180,210,210,210,229,229,229,229],"floor_reached":16,"language":"RUS","playtime":329,"items_purged":[],"score":186,"play_id":"eaff9b9f-7eef-4537-91c0-57a9fe31ba64","local_time":"20210223133104","is_ascension_mode":true,"campfire_choices":[{"data":"ats:Calcification","floor":6,"key":"SMITH"},{"floor":8,"key":"REST"},{"data":"ats:Flexible Camouflage","floor":15,"key":"SMITH"}],"circlet_count":0,"master_deck":["AscendersBane","ats:Strike G","ats:Strike S","ats:Strike V","ats:Armor Crushing Shot","ats:Defend","ats:Defend","ats:Defend","ats:Defend","ats:Emotion Absorption","ats:Apocalypse","ats:Apocalypse+1","ats:Calcification+1","ats:Shell Defense","ats:Flexible Camouflage+1"],"relics":["ats:Sanity","NeowsBlessing","SpikesRelics:ToyHorsey","ats:Originium","RoseTintedShades","WingedGreaves","Eternal Feather"],"acts_visited":["Exordium"],"potions_floor_usage":[7],"damage_taken":[{"damage":0,"enemies":"Jaw Worm","floor":1,"turns":1},{"damage":0,"enemies":"Cultist","floor":3,"turns":1},{"damage":1,"enemies":"2 Louse","floor":5,"turns":2},{"damage":96,"enemies":"Lagavulin","floor":7,"turns":13},{"damage":36,"enemies":"Large Slime","floor":14,"turns":8},{"damage":85,"enemies":"Hexaghost","floor":16,"turns":12}],"seed_played":"-4609200622911151446","potions_obtained":[{"floor":1,"key":"DistilledChaos"}],"is_trial":false,"path_per_floor":["M","?","M","?","M","R","E","R","T","R","?","?","T","M","R","B"],"character_chosen":"DOCTOR_CLASS","items_purchased":[],"campfire_rested":1,"item_purchase_floors":[],"current_hp_per_floor":[65,47,47,47,56,56,16,37,37,37,37,30,30,31,40,0,0],"gold":229,"neow_bonus":"THREE_ENEMY_KILL","is_daily":false,"chose_seed":false,"campfire_upgraded":2,"win_rate":0.0,"timestamp":1614069064,"path_taken":["M","?","M","?","?","R","E","R","T","R","?","?","?","M","R","BOSS"],"items_purchased_type":[],"build_version":"2020-12-22","purchased_purges":0,"victory":false,"max_hp_per_floor":[72,72,72,72,72,72,72,72,72,72,72,72,72,72,72,72,72],"card_choices":[{"not_picked":["ats:Directed Diagnosis","ats:Shell Defense"],"picked":"ats:Apocalypse","floor":1},{"not_picked":["ats:Support Order","ats:Encircling Forest"],"picked":"ats:Apocalypse","floor":3},{"not_picked":["ats:Leaping Hammer","ats:Cat Scratch"],"picked":"ats:Calcification","floor":5},{"not_picked":["ats:Assault Order","ats:Defend Order"],"picked":"ats:Shell Defense","floor":7},{"not_picked":["ats:Apocalypse","ats:Curse Doll"],"picked":"ats:Flexible Camouflage","floor":14}],"player_experience":792238,"relics_obtained":[{"floor":7,"key":"ats:Originium"},{"floor":7,"key":"RoseTintedShades"},{"floor":9,"key":"WingedGreaves"},{"floor":13,"key":"Eternal Feather"}],"event_choices":[{"damage_healed":0,"gold_gain":0,"player_choice":"Success","damage_taken":18,"relics_obtained":["SpikesRelics:ToyHorsey"],"max_hp_gain":0,"max_hp_loss":0,"event_name":"Scrap Ooze","floor":2,"gold_loss":0},{"damage_healed":0,"gold_gain":0,"player_choice":"Upgraded","damage_taken":0,"max_hp_gain":0,"max_hp_loss":0,"event_name":"Upgrade Shrine","floor":4,"gold_loss":0,"cards_upgraded":["ats:Apocalypse"]},{"damage_healed":0,"gold_gain":30,"player_choice":"Searched \u00271\u0027 times","damage_taken":0,"max_hp_gain":0,"max_hp_loss":0,"event_name":"Dead Adventurer","floor":11,"gold_loss":0},{"cards_removed":["ats:Strike C"],"damage_healed":0,"gold_gain":0,"player_choice":"Card Removal","damage_taken":7,"max_hp_gain":0,"max_hp_loss":0,"event_name":"Golden Wing","floor":12,"gold_loss":0}],"is_beta":false,"boss_relics":[],"items_purged_floors":[],"is_endless":false,"potions_floor_spawned":[1],"killed_by":"Hexaghost","ascension_level":18}}