{"host":"syozzdlzcqop4jia","time":1614039474,"event":{"mods":["AchievementEnabler","BaseMod","Colored Map","Colored Powertips","Minty Spire (QoL Compilation)","Quick Restart"],"gold_per_floor":[112,128,145,155,168,168,194,42,65,80,80,91,110,110,110,206,206,219,239,249,261,277,277,277],"floor_reached":23,"language":"ENG","playtime":1516,"items_purged":[],"score":221,"play_id":"b771e9d8-f6c5-4487-9ca0-4287b69850d0","local_time":"20210223011754","is_ascension_mode":true,"campfire_choices":[{"data":"Gash","floor":6,"key":"SMITH"},{"floor":11,"key":"REST"},{"floor":15,"key":"REST"}],"circlet_count":0,"master_deck":["Strike_B","Strike_B","Defend_B","Defend_B","Defend_B","Zap","Dualcast","Deep Breath","Gash+1","Redo","Melter","Defragment","Gash","Loop","Defragment","Ball Lightning","Ball Lightning+1","Skim","Conserve Battery","Glacier","Machine Learning","Force Field+1","Hologram+1","Storm+1","Rebound+1","Darkness","Sweeping Beam","Cold Snap+1","Fusion+1"],"relics":["Cracked Core","Lantern","DollysMirror","Dream Catcher","Astrolabe"],"acts_visited":["Exordium","TheCity"],"potions_floor_usage":[12,20,22],"damage_taken":[{"damage":0,"enemies":"2 Louse","floor":1,"turns":3},{"damage":13,"enemies":"Small Slimes","floor":2,"turns":3},{"damage":0,"enemies":"Cultist","floor":3,"turns":2},{"damage":19,"enemies":"3 Louse","floor":4,"turns":3},{"damage":20,"enemies":"Lots of Slimes","floor":5,"turns":3},{"damage":7,"enemies":"Gremlin Nob","floor":7,"turns":3},{"damage":11,"enemies":"Exordium Thugs","floor":10,"turns":4},{"damage":8,"enemies":"Blue Slaver","floor":12,"turns":3},{"damage":7,"enemies":"3 Louse","floor":13,"turns":2},{"damage":29,"enemies":"Slime Boss","floor":16,"turns":9},{"damage":0,"enemies":"Spheric Guardian","floor":18,"turns":3},{"damage":22,"enemies":"2 Thieves","floor":19,"turns":3},{"damage":18,"enemies":"Chosen and Byrds","floor":20,"turns":5},{"damage":27,"enemies":"Snecko","floor":21,"turns":4},{"damage":13,"enemies":"Cultist and Chosen","floor":22,"turns":4},{"damage":34,"enemies":"Slavers","floor":23,"turns":1}],"seed_played":"8266056100836135281","potions_obtained":[{"floor":3,"key":"PowerPotion"},{"floor":4,"key":"PowerPotion"},{"floor":10,"key":"Fire Potion"},{"floor":12,"key":"FairyPotion"},{"floor":20,"key":"Energy Potion"}],"is_trial":false,"path_per_floor":["M","M","M","M","M","R","E","$","T","M","R","M","M","?","R","B",null,"M","M","M","M","M","E"],"character_chosen":"DEFECT","items_purchased":["DollysMirror"],"campfire_rested":2,"item_purchase_floors":[8],"current_hp_per_floor":[75,62,62,43,23,23,16,16,16,5,27,19,12,12,34,5,75,75,53,35,8,22,0,0],"gold":277,"neow_bonus":"RANDOM_COLORLESS","is_daily":false,"chose_seed":false,"campfire_upgraded":1,"win_rate":0.0,"timestamp":1614039474,"path_taken":["M","M","M","M","M","R","E","$","T","M","R","M","M","?","R","BOSS","M","M","M","M","M","E"],"items_purchased_type":["Relic"],"build_version":"2020-12-22","purchased_purges":0,"victory":false,"max_hp_per_floor":[75,75,75,75,75,75,75,75,75,75,75,75,75,75,75,75,75,75,75,75,75,75,75,75],"card_choices":[{"not_picked":["Forethought","Trip"],"picked":"Deep Breath","floor":0},{"not_picked":["Blizzard","Force Field"],"picked":"Gash","floor":1},{"not_picked":["Undo","Recycle"],"picked":"Redo","floor":2},{"not_picked":["Turbo","Reprogram"],"picked":"Melter","floor":3},{"not_picked":["Reprogram","Recycle"],"picked":"Defragment","floor":4},{"not_picked":["Streamline","Conserve Battery"],"picked":"Gash","floor":5},{"not_picked":["Rebound","Machine Learning"],"picked":"Loop","floor":7},{"not_picked":["Rebound","Leap"],"picked":"Ball Lightning","floor":10},{"not_picked":["Defragment","Hologram"],"picked":"Ball Lightning","floor":11},{"not_picked":["Barrage","Force Field"],"picked":"Skim","floor":12},{"not_picked":["Streamline","Aggregate"],"picked":"Conserve Battery","floor":13},{"not_picked":["Defragment","Fusion"],"picked":"Glacier","floor":15},{"not_picked":["Reboot","Meteor Strike"],"picked":"Machine Learning","floor":16},{"not_picked":["Streamline","Hologram"],"picked":"Rebound+1","floor":18},{"not_picked":["Streamline","Stack"],"picked":"Darkness","floor":19},{"not_picked":["Go for the Eyes","Stack+1"],"picked":"Sweeping Beam","floor":20},{"not_picked":["Redo+1","Turbo"],"picked":"Cold Snap+1","floor":21},{"not_picked":["Stack+1","Go for the Eyes"],"picked":"Fusion+1","floor":22}],"player_experience":724419,"relics_obtained":[{"floor":7,"key":"Lantern"},{"floor":9,"key":"Dream Catcher"}],"event_choices":[{"damage_healed":0,"gold_gain":0,"player_choice":"Grow","damage_taken":0,"max_hp_gain":0,"max_hp_loss":0,"event_name":"Living Wall","floor":14,"gold_loss":0,"cards_upgraded":["Ball Lightning"]}],"is_beta":false,"boss_relics":[{"not_picked":["FrozenCore","Calling Bell"],"picked":"Astrolabe"}],"items_purged_floors":[],"is_endless":false,"potions_floor_spawned":[3,4,10,12,13,19,20],"killed_by":"Slavers","ascension_level":2}}