{"host":"hig4mmxcip4vq5ai","time":1614082374,"event":{"mods":["Aspiration","BaseMod","Challenge The Spire","Colored Powertips","Conspire","Energized Spire","Friendly Minions","Halation","Hubris","Infinite Spire","Minty Spire (QoL Compilation)","Replay The Spire","Shop Mod","Small Relic Pack","StSLib"],"gold_per_floor":[591,203,233,287,317,317,29,29,66,99,151,251,4,4,58,101,148,174,174],"floor_reached":18,"language":"RUS","playtime":923,"items_purged":[],"score":230,"play_id":"9968e0e3-ff77-4ad8-9901-b732b41b46a0","local_time":"20210223151254","daily_mods":["challengethespire:Bronze Difficulty","challengethespire:Modded Elite Rush","Uncertain Future"],"is_ascension_mode":false,"campfire_choices":[{"data":"Searing Blow","floor":8,"key":"SMITH"},{"data":"Discovery","floor":14,"key":"SMITH"}],"circlet_count":0,"master_deck":["Strike_R","Strike_R","Strike_R","Strike_R","Strike_R+1","Defend_R","Defend_R","Defend_R+2","Defend_R","Bash","Shrug It Off+1","Sword Boomerang","Searing Blow+1","Discovery+1","Heavy Blade","Shockwave","Feed","Demonic Infusion","Double Tap","Inflame","Power Through","Infernal Blade","Shame"],"relics":["Burning Blood","Black Star","Sling","PreservedInsect","MealTicket","Paper Frog","Toolbox","Replay:Wax Seal","Shuriken","Replay:Bandana","Red Skull","infinitespire:CheckeredPen","War Paint","energizedSpire:CursedPentagram","Ice Cream","halation:AfternoonTea","Vajra","halation:IllGainedPizza","Simple Rune","Gremlin Horn","Torii","Replay:Wanted Poster","hubris:BottledRain","Ginger","Ornamental Fan","infinitespire:EmpoweringShard","hubris:ChampionShield","Potion Belt","conspire:Dentures"],"acts_visited":["Exordium"],"potions_floor_usage":[5,5,15,16,17,17],"damage_taken":[{"damage":1,"enemies":"Replay:BlueRogue","floor":3,"turns":2},{"damage":25,"enemies":"Gremlin Nob","floor":4,"turns":5},{"damage":16,"enemies":"Lagavulin","floor":5,"turns":6},{"damage":17,"enemies":"conspire:SneckoGhost","floor":9,"turns":5},{"damage":20,"enemies":"Replay:Snechameleon","floor":10,"turns":5},{"damage":5,"enemies":"conspire:Head Lice","floor":11,"turns":3},{"damage":25,"enemies":"Giant Head","floor":15,"turns":6},{"damage":1,"enemies":"Reptomancer","floor":16,"turns":2},{"damage":3,"enemies":"Nemesis","floor":17,"turns":5},{"damage":58,"enemies":"Shield and Spear","floor":18,"turns":3}],"seed_played":"-7922392670448932339","potions_obtained":[{"floor":5,"key":"SteroidPotion"},{"floor":15,"key":"SneckoOil"}],"is_trial":true,"path_per_floor":["$","$","E","E","E","T","$","R","E","E","E","T","$","R","E","E","E","E"],"character_chosen":"IRONCLAD","items_purchased":["MealTicket","Paper Frog","Shrug It Off","Sword Boomerang","Toolbox","Searing Blow","Discovery","Ice Cream","hubris:BottledRain"],"campfire_rested":0,"item_purchase_floors":[1,1,2,2,2,2,2,7,13],"current_hp_per_floor":[80,80,80,61,51,51,66,66,55,41,42,42,57,57,46,51,54,0,0],"gold":174,"neow_bonus":"","is_daily":false,"chose_seed":false,"campfire_upgraded":2,"win_rate":0.0,"timestamp":1614082374,"path_taken":["$","$","E","E","E","T","$","R","E","E","E","T","$","R","E","E","E","E"],"items_purchased_type":["Relic","Relic","Card","Card","Relic","Card","Card","Relic","Relic"],"build_version":"2020-12-22","purchased_purges":0,"victory":false,"max_hp_per_floor":[80,80,80,80,80,80,80,80,80,80,80,80,80,80,88,88,88,88,88],"card_choices":[],"player_experience":447550,"relics_obtained":[{"floor":3,"key":"Replay:Wax Seal"},{"floor":3,"key":"Shuriken"},{"floor":4,"key":"Replay:Bandana"},{"floor":4,"key":"Red Skull"},{"floor":5,"key":"infinitespire:CheckeredPen"},{"floor":5,"key":"War Paint"},{"floor":9,"key":"halation:AfternoonTea"},{"floor":9,"key":"Vajra"},{"floor":10,"key":"halation:IllGainedPizza"},{"floor":10,"key":"Simple Rune"},{"floor":11,"key":"Gremlin Horn"},{"floor":11,"key":"Torii"},{"floor":15,"key":"Ginger"},{"floor":15,"key":"Ornamental Fan"},{"floor":16,"key":"infinitespire:EmpoweringShard"},{"floor":16,"key":"hubris:ChampionShield"},{"floor":17,"key":"Potion Belt"},{"floor":17,"key":"conspire:Dentures"}],"event_choices":[],"is_beta":false,"boss_relics":[{"not_picked":["energizedSpire:MagnifyingGlass","conspire:SpecialSausage"],"picked":"energizedSpire:CursedPentagram"},{"not_picked":["Abe\u0027s Treasure","Replay:Bronze Core"],"picked":"Replay:Wanted Poster"}],"items_purged_floors":[],"is_endless":false,"potions_floor_spawned":[5,9,15],"killed_by":"Shield and Spear","ascension_level":0}}