{"host":"lufzn74xe9ct3rkf","time":1614062627,"event":{"mods":["AchievementEnabler","BaseMod","Evolution","Minty Spire (QoL Compilation)","StSLib","Treasure Hunter"],"gold_per_floor":[157,176,5,24,24,40,40,53,77,95,95,106,170,184,184,284,284,301,301,316,17,17,46,62,15,38,49,61,76,93,93,93],"floor_reached":31,"language":"ENG","playtime":1558,"items_purged":[],"score":330,"play_id":"27ee8942-da56-4edd-8080-b8f497a9a2f0","local_time":"20210222224347","is_ascension_mode":false,"campfire_choices":[{"data":"Neutralize","floor":7,"key":"SMITH"},{"data":"Survivor","floor":15,"key":"SMITH"}],"circlet_count":0,"master_deck":["Sucker Punch","Sucker Punch","Strike_G","Strike_G","Strike_G","Defend_G","Defend_G","Defend_G","Defend_G","Survivor+1","Neutralize+1","Underhanded Strike","Flying Knee","Underhanded Strike","PiercingWail","Dagger Throw","Blade Dance","Caltrops","TH:BikiniMail","Finisher","TH:ArmorSpikes","Endless Agony","Endless Agony","TH:ElvenBoots","Die Die Die","CurseOfTheBell","Distraction","Endless Agony","Choke","Flying Knee","Necronomicurse","TH:ElvenBoots","Burst","Slice","Underhanded Strike","TH:PixieDust","Slice","Slice","Flying Knee+1","Slice+1"],"relics":["Ring of the Snake","EVO:Axolotl","Happy Flower","Boot","Tough Bandages","Calling Bell","Regal Pillow","Blue Candle","Gambling Chip","Ninja Scroll","Necronomicon","Orichalcum","Bag of Preparation"],"acts_visited":["Exordium","TheCity"],"potions_floor_usage":[16,16,16,23,27,27,30],"damage_taken":[{"damage":0,"enemies":"Jaw Worm","floor":1,"turns":4},{"damage":0,"enemies":"Cultist","floor":2,"turns":2},{"damage":0,"enemies":"2 Louse","floor":4,"turns":1},{"damage":1,"enemies":"2 Fungi Beasts","floor":6,"turns":3},{"damage":0,"enemies":"Blue Slaver","floor":8,"turns":3},{"damage":9,"enemies":"Exordium Thugs","floor":10,"turns":3},{"damage":3,"enemies":"Exordium Wildlife","floor":12,"turns":3},{"damage":0,"enemies":"Looter","floor":14,"turns":1},{"damage":42,"enemies":"The Guardian","floor":16,"turns":8},{"damage":0,"enemies":"3 Byrds","floor":18,"turns":3},{"damage":21,"enemies":"2 Thieves","floor":20,"turns":3},{"damage":0,"enemies":"Slavers","floor":23,"turns":2},{"damage":14,"enemies":"Centurion and Healer","floor":24,"turns":4},{"damage":15,"enemies":"Sentry and Sphere","floor":27,"turns":4},{"damage":0,"enemies":"Snecko","floor":28,"turns":1},{"damage":0,"enemies":"Centurion and Healer","floor":29,"turns":3},{"damage":0,"enemies":"Chosen and Byrds","floor":30,"turns":4},{"damage":0,"enemies":"Snake Plant","floor":31,"turns":1}],"seed_played":"1230365970198568845","potions_obtained":[{"floor":2,"key":"SpeedPotion"},{"floor":10,"key":"ColorlessPotion"},{"floor":12,"key":"Energy Potion"},{"floor":16,"key":"LiquidMemories"},{"floor":20,"key":"SteroidPotion"},{"floor":24,"key":"LiquidMemories"},{"floor":29,"key":"EssenceOfSteel"}],"is_trial":false,"path_per_floor":["M","M","$","M","?","M","R","M","T","M","T","M","?","M","R","B",null,"M","?","M","$","?","E","M","$","T","M","M","M","M","M"],"character_chosen":"THE_SILENT","items_purchased":["Happy Flower","PiercingWail","Ninja Scroll","Flying Knee","Underhanded Strike"],"campfire_rested":0,"item_purchase_floors":[3,3,21,21,25],"current_hp_per_floor":[70,70,70,70,70,69,69,69,69,60,60,57,57,57,57,15,70,70,70,49,49,33,33,19,19,19,4,4,4,4,4,4],"gold":93,"neow_bonus":"THREE_CARDS","is_daily":false,"chose_seed":false,"campfire_upgraded":2,"win_rate":0.0,"timestamp":1614062627,"path_taken":["M","M","$","M","?","M","R","?","T","M","?","M","?","M","R","BOSS","M","?","M","$","?","E","M","$","T","M","M","M","M","M"],"items_purchased_type":["Relic","Card","Relic","Card","Card"],"build_version":"2020-12-22","purchased_purges":0,"victory":false,"max_hp_per_floor":[70,70,70,70,70,70,70,70,70,70,70,70,70,70,70,70,70,70,70,70,70,70,70,70,70,70,70,70,70,70,70,70],"card_choices":[{"not_picked":["Quick Slash","Bouncing Flask"],"picked":"Underhanded Strike","floor":0},{"not_picked":["Dodge and Roll","All Out Attack"],"picked":"Flying Knee","floor":1},{"not_picked":["Predator","Bane"],"picked":"Underhanded Strike","floor":2},{"not_picked":["Bouncing Flask","Flechettes"],"picked":"Dagger Throw","floor":4},{"not_picked":["Outmaneuver","Bane"],"picked":"Blade Dance","floor":6},{"not_picked":["Deadly Poison","Distraction"],"picked":"Caltrops","floor":8},{"not_picked":["TH:TreasureMap"],"picked":"TH:BikiniMail","floor":9},{"not_picked":["Unload","Acrobatics"],"picked":"Finisher","floor":10},{"not_picked":["TH:CopperCoins"],"picked":"TH:ArmorSpikes","floor":11},{"not_picked":["Prepared","Tactician"],"picked":"Endless Agony","floor":12},{"not_picked":["Finisher","Blur"],"picked":"Endless Agony","floor":14},{"not_picked":["TH:CopperCoins"],"picked":"TH:ElvenBoots","floor":16},{"not_picked":["Doppelganger","Unload"],"picked":"Die Die Die","floor":16},{"not_picked":["Leg Sweep","Deadly Poison"],"picked":"Distraction","floor":18},{"not_picked":["Well Laid Plans","Sucker Punch"],"picked":"Choke","floor":20},{"not_picked":["TH:DeckOfManyThings"],"picked":"TH:ElvenBoots","floor":23},{"not_picked":["Deadly Poison","Choke"],"picked":"Burst","floor":23},{"not_picked":["Dagger Spray","Flying Knee"],"picked":"Slice","floor":24},{"not_picked":["TH:CursedSword"],"picked":"TH:PixieDust","floor":26},{"not_picked":["Dagger Throw+1","Acrobatics"],"picked":"Slice","floor":27},{"not_picked":["Skewer","Riddle With Holes+1"],"picked":"Slice","floor":28},{"not_picked":["Well Laid Plans+1","Acrobatics"],"picked":"Flying Knee+1","floor":29},{"not_picked":["Poisoned Stab","Backflip"],"picked":"Slice+1","floor":30}],"player_experience":31827,"relics_obtained":[{"floor":9,"key":"Boot"},{"floor":11,"key":"Tough Bandages"},{"floor":17,"key":"Regal Pillow"},{"floor":17,"key":"Blue Candle"},{"floor":17,"key":"Gambling Chip"},{"floor":22,"key":"Necronomicon"},{"floor":23,"key":"Orichalcum"},{"floor":26,"key":"Bag of Preparation"}],"event_choices":[{"cards_removed":["Defend_G"],"damage_healed":0,"gold_gain":0,"player_choice":"Purged","damage_taken":0,"max_hp_gain":0,"max_hp_loss":0,"event_name":"Purifier","floor":5,"gold_loss":0},{"damage_healed":0,"gold_gain":64,"player_choice":"Gained Gold","damage_taken":0,"max_hp_gain":0,"max_hp_loss":0,"event_name":"Golden Wing","floor":13,"gold_loss":0},{"damage_healed":0,"gold_gain":0,"player_choice":"Read","damage_taken":0,"max_hp_gain":0,"max_hp_loss":0,"event_name":"The Library","floor":19,"gold_loss":0,"cards_obtained":["Endless Agony"]},{"damage_healed":0,"gold_gain":0,"player_choice":"Obtained Book","damage_taken":16,"max_hp_gain":0,"max_hp_loss":0,"event_name":"Cursed Tome","floor":22,"gold_loss":0}],"is_beta":false,"boss_relics":[{"not_picked":["Velvet Choker","Astrolabe"],"picked":"Calling Bell"}],"items_purged_floors":[],"is_endless":false,"potions_floor_spawned":[2,10,12,16,20,24,29],"killed_by":"Snake Plant","ascension_level":0}}