{"host":"5jyeqch4fosnsiz2","time":1614050595,"event":{"mods":["BaseMod","Bestiary","Colored Map","Colored Powertips","Filter the Spire","Minty Spire (QoL Compilation)","Relic Stats","StSLib","Waifu the Spire","ojb\u0027s Better Paths Mod","ojb\u0027s Info Mod"],"gold_per_floor":[110,60,80,94,94,125,125,50,50,50,83,83,111,125,125,228,228,248,248,262,262,262,288,288,288,288],"floor_reached":25,"language":"ENG","playtime":1226,"items_purged":["Strike_B"],"score":239,"play_id":"5d3966bb-f665-478e-9ad9-173d178a336c","local_time":"20210222222315","is_ascension_mode":false,"campfire_choices":[{"data":"Hologram","floor":7,"key":"SMITH"},{"floor":10,"key":"REST"},{"floor":12,"key":"REST"},{"floor":15,"key":"REST"}],"circlet_count":0,"master_deck":["Strike_B","Strike_B","Strike_B+1","Defend_B+1","Defend_B","Defend_B","Zap","Dualcast","Multi-Cast","Hologram+1","Darkness","Conserve Battery","White Noise","Consume","Redo","Hologram+1","Thunder Strike"],"relics":["Cracked Core","TungstenRod","InkBottle","Turnip","Boot","Runic Pyramid","MutagenicStrength","Strawberry","Bag of Marbles"],"acts_visited":["Exordium","TheCity"],"potions_floor_usage":[13,16,20,20,23,24],"damage_taken":[{"damage":0,"enemies":"Small Slimes","floor":1,"turns":3},{"damage":7,"enemies":"2 Louse","floor":3,"turns":3},{"damage":3,"enemies":"Jaw Worm","floor":4,"turns":3},{"damage":38,"enemies":"3 Sentries","floor":6,"turns":7},{"damage":24,"enemies":"Lagavulin","floor":11,"turns":6},{"damage":21,"enemies":"Gremlin Nob","floor":13,"turns":5},{"damage":0,"enemies":"3 Louse","floor":14,"turns":3},{"damage":8,"enemies":"Hexaghost","floor":16,"turns":9},{"damage":8,"enemies":"Spheric Guardian","floor":18,"turns":4},{"damage":24,"enemies":"2 Thieves","floor":20,"turns":5},{"damage":37,"enemies":"Book of Stabbing","floor":23,"turns":5},{"damage":7,"enemies":"Sentry and Sphere","floor":24,"turns":4},{"damage":10,"enemies":"Gremlin Leader","floor":25,"turns":3}],"seed_played":"5208471781917681653","potions_obtained":[{"floor":4,"key":"SmokeBomb"},{"floor":11,"key":"Fire Potion"},{"floor":13,"key":"EssenceOfDarkness"},{"floor":14,"key":"Block Potion"},{"floor":18,"key":"DistilledChaos"},{"floor":20,"key":"AttackPotion"}],"is_trial":false,"path_per_floor":["M","?","M","M","?","E","R","$","T","R","E","R","E","M","R","B",null,"M","?","M","?","?","E","M","E"],"character_chosen":"DEFECT","items_purchased":[],"campfire_rested":3,"item_purchase_floors":[],"current_hp_per_floor":[75,75,68,65,50,12,12,12,12,34,10,32,11,11,33,25,75,67,67,43,50,50,13,6,0,0],"gold":288,"neow_bonus":"ONE_RANDOM_RARE_CARD","is_daily":false,"chose_seed":false,"campfire_upgraded":1,"win_rate":0.0,"timestamp":1614050595,"path_taken":["M","?","M","M","?","E","R","$","T","R","E","R","E","M","R","BOSS","M","?","M","?","?","E","M","E"],"items_purchased_type":[],"build_version":"2020-12-22","purchased_purges":1,"victory":false,"max_hp_per_floor":[75,75,75,75,75,75,75,75,75,75,75,75,75,75,75,75,75,75,75,75,82,82,82,82,82,82],"relic_stats":{"counters":[13,60],"Turnip":[10],"Boot":[0],"obtain_stats":[{"MutagenicStrength":19,"Strawberry":21,"Turnip":11,"Bag of Marbles":23,"Cracked Core":0,"Boot":13,"TungstenRod":6,"InkBottle":9,"Runic Pyramid":17},{"MutagenicStrength":9,"Strawberry":10,"Turnip":5,"Bag of Marbles":11,"Cracked Core":0,"Boot":6,"TungstenRod":4,"InkBottle":4,"Runic Pyramid":8},{"MutagenicStrength":43,"Strawberry":48,"Turnip":22,"Bag of Marbles":53,"Cracked Core":0,"Boot":27,"TungstenRod":16,"InkBottle":16,"Runic Pyramid":39}],"TungstenRod":26,"InkBottle":[12]},"card_choices":[{"not_picked":["BootSequence","Sunder"],"picked":"Hologram","floor":1},{"not_picked":["Stack","Steam"],"picked":"Darkness","floor":3},{"not_picked":["Glacier","BootSequence"],"picked":"Conserve Battery","floor":4},{"not_picked":["Recycle","Conserve Battery","Coolheaded"],"picked":"SKIP","floor":6},{"not_picked":["Melter","Beam Cell"],"picked":"White Noise","floor":11},{"not_picked":["Multi-Cast","Compile Driver","Rebound"],"picked":"SKIP","floor":13},{"not_picked":["Ball Lightning","Compile Driver"],"picked":"Consume","floor":14},{"not_picked":["Rebound+1","Gash+1","Rip and Tear"],"picked":"SKIP","floor":18},{"not_picked":["Stack","Hologram"],"picked":"Redo","floor":20},{"not_picked":["Steam","Beam Cell"],"picked":"Thunder Strike","floor":23}],"player_experience":407972,"relics_obtained":[{"floor":6,"key":"TungstenRod"},{"floor":9,"key":"InkBottle"},{"floor":11,"key":"Turnip"},{"floor":13,"key":"Boot"},{"floor":23,"key":"Bag of Marbles"}],"event_choices":[{"cards_removed":["Defend_B"],"damage_healed":0,"gold_gain":0,"player_choice":"Card Removal","damage_taken":0,"max_hp_gain":0,"max_hp_loss":0,"event_name":"The Cleric","floor":2,"gold_loss":50},{"damage_healed":0,"gold_gain":0,"player_choice":"Entered Light","damage_taken":15,"max_hp_gain":0,"max_hp_loss":0,"event_name":"Shining Light","floor":5,"gold_loss":0,"cards_upgraded":["Defend_B","Strike_B"]},{"damage_healed":0,"gold_gain":0,"player_choice":"Inject Mutagens","damage_taken":0,"relics_obtained":["MutagenicStrength"],"max_hp_gain":0,"max_hp_loss":0,"event_name":"Drug Dealer","floor":19,"gold_loss":0},{"damage_healed":0,"gold_gain":0,"player_choice":"Opened","damage_taken":0,"relics_obtained":["Strawberry"],"max_hp_gain":0,"max_hp_loss":0,"event_name":"The Mausoleum","floor":21,"gold_loss":0},{"damage_healed":0,"gold_gain":0,"player_choice":"Copied","damage_taken":0,"max_hp_gain":0,"max_hp_loss":0,"event_name":"Duplicator","floor":22,"gold_loss":0,"cards_obtained":["Hologram"]}],"is_beta":false,"boss_relics":[{"not_picked":["Snecko Eye","Cursed Key"],"picked":"Runic Pyramid"}],"items_purged_floors":[8],"is_endless":false,"potions_floor_spawned":[4,11,13,14,18,20,24],"killed_by":"Gremlin Leader","ascension_level":0}}