{"host":"d2gh6suihlstufn7","time":1614103663,"event":{"mods":["AchievementEnabler","BaseMod","Colored Map","Colored Powertips","Minty Spire (QoL Compilation)","Permanent Neow","Quick Restart","StSLib","SuperFastMode"],"gold_per_floor":[109,109,109,120,120,120,139,139,139,156,182,197,212,56,56,152,152,172,182,182,196,196,196,196],"floor_reached":23,"language":"KOR","playtime":509,"items_purged":["Regret"],"score":218,"play_id":"f72e447b-fabc-4dac-b50c-a76be37813b7","local_time":"20210224030743","is_ascension_mode":false,"campfire_choices":[{"floor":6.0,"key":"REST"},{"data":"Perfected Strike","floor":8.0,"key":"SMITH"},{"floor":15.0,"key":"REST"}],"circlet_count":0,"master_deck":["Strike_R","Strike_R","Strike_R","Strike_R","Strike_R","Defend_R","Defend_R","Defend_R","Defend_R","Bash","Immolate+1","Perfected Strike+1","Battle Trance","Headbutt","Power Through","Double Tap","Evolve","Power Through","Fiend Fire","Fire Breathing","Ghostly","Ghostly","Ghostly","Ghostly","Ghostly"],"relics":["Burning Blood","Letter Opener","Smiling Mask","Shovel","Black Star","CultistMask"],"acts_visited":["Exordium","TheCity"],"potions_floor_usage":[],"damage_taken":[{"damage":10.0,"enemies":"Small Slimes","floor":1.0,"turns":3.0},{"damage":3.0,"enemies":"2 Louse","floor":4.0,"turns":2.0},{"damage":14.0,"enemies":"Jaw Worm","floor":7.0,"turns":2.0},{"damage":8.0,"enemies":"Lots of Slimes","floor":10.0,"turns":2.0},{"damage":40.0,"enemies":"Lagavulin","floor":11.0,"turns":6.0},{"damage":16.0,"enemies":"Red Slaver","floor":12.0,"turns":4.0},{"damage":12.0,"enemies":"3 Louse","floor":13.0,"turns":3.0},{"damage":8.0,"enemies":"Slime Boss","floor":16.0,"turns":7.0},{"damage":31.0,"enemies":"Spheric Guardian","floor":18.0,"turns":6.0},{"damage":28.0,"enemies":"3 Byrds","floor":19.0,"turns":5.0},{"damage":27.0,"enemies":"Snake Plant","floor":21.0,"turns":6.0},{"damage":0,"enemies":"Gremlin Leader","floor":23,"turns":1}],"seed_played":"-443725062960002799","potions_obtained":[{"floor":1.0,"key":"Swift Potion"},{"floor":11.0,"key":"GamblersBrew"},{"floor":12.0,"key":"ColorlessPotion"},{"floor":18.0,"key":"EssenceOfSteel"}],"is_trial":false,"path_per_floor":["M","?","?","M","?","R","M","R","T","M","E","M","M","$","R","B",null,"M","M","?","M","?","E"],"character_chosen":"IRONCLAD","items_purchased":["Evolve","Power Through"],"campfire_rested":2,"item_purchase_floors":[14,14],"current_hp_per_floor":[76,76,76,79,54,78,70,70,70,68,34,24,18,18,42,40,80,55,33,33,12,12,12,12],"gold":196,"neow_bonus":"ONE_RANDOM_RARE_CARD","is_daily":false,"chose_seed":false,"campfire_upgraded":1,"win_rate":0.0,"timestamp":1614103663,"path_taken":["M","?","?","M","?","R","?","R","T","M","E","?","M","?","R","BOSS","M","M","?","M","?","E"],"items_purchased_type":["Card","Card"],"build_version":"2020-12-22","purchased_purges":1,"victory":false,"max_hp_per_floor":[80,80,80,80,80,80,80,80,80,80,80,80,80,80,80,80,80,80,80,40,40,40,40,40],"card_choices":[{"not_picked":["Reckless Charge","Cleave","Anger"],"picked":"SKIP","floor":1.0},{"not_picked":["Carnage","Infernal Blade","Thunderclap"],"picked":"SKIP","floor":4.0},{"not_picked":["Twin Strike","Body Slam"],"picked":"Perfected Strike","floor":7.0},{"not_picked":["Flex","Twin Strike"],"picked":"Battle Trance","floor":10.0},{"not_picked":["Thunderclap","Clothesline"],"picked":"Headbutt","floor":11.0},{"not_picked":["Iron Wave","Clash"],"picked":"Power Through","floor":12.0},{"not_picked":["Twin Strike","Iron Wave"],"picked":"Double Tap","floor":13.0},{"not_picked":["Demon Form","Exhume"],"picked":"Fiend Fire","floor":16.0},{"not_picked":["Anger+1","Reckless Charge"],"picked":"Fire Breathing","floor":18.0},{"not_picked":["Ghostly Armor","Flex","Shrug It Off+1"],"picked":"SKIP","floor":19.0},{"not_picked":["Body Slam","Heavy Blade","Sword Boomerang"],"picked":"SKIP","floor":21.0}],"player_experience":167676,"relics_obtained":[{"floor":11.0,"key":"Shovel"}],"event_choices":[{"damage_healed":0.0,"max_hp_gain":0.0,"max_hp_loss":0.0,"gold_gain":0.0,"event_name":"Big Fish","player_choice":"Box","floor":2.0,"gold_loss":0.0,"damage_taken":0.0,"relics_obtained":["Letter Opener"],"cards_obtained":["Regret"]},{"damage_healed":0.0,"max_hp_gain":0.0,"max_hp_loss":0.0,"gold_gain":0.0,"event_name":"Living Wall","player_choice":"Grow","floor":3.0,"gold_loss":0.0,"damage_taken":0.0,"cards_upgraded":["Immolate"]},{"damage_healed":0.0,"max_hp_gain":0.0,"max_hp_loss":0.0,"gold_gain":0.0,"event_name":"Scrap Ooze","player_choice":"Success","floor":5.0,"gold_loss":0.0,"damage_taken":25.0,"relics_obtained":["Smiling Mask"]},{"damage_healed":0.0,"max_hp_gain":0.0,"max_hp_loss":40.0,"gold_gain":0.0,"event_name":"Ghosts","player_choice":"Became a Ghost","floor":20.0,"gold_loss":0.0,"damage_taken":0.0,"cards_obtained":["Ghostly","Ghostly","Ghostly","Ghostly","Ghostly"]},{"damage_healed":0.0,"max_hp_gain":0.0,"max_hp_loss":0.0,"gold_gain":0.0,"event_name":"FaceTrader","player_choice":"Trade","floor":22.0,"gold_loss":0.0,"damage_taken":0.0,"relics_obtained":["CultistMask"]}],"is_beta":false,"boss_relics":[{"not_picked":["Runic Cube","Coffee Dripper"],"picked":"Black Star"}],"items_purged_floors":[14],"is_endless":false,"potions_floor_spawned":[1,11,12,18],"killed_by":"Gremlin Leader","ascension_level":0}}