{"host":"johnydays","time":1614090753,"event":{"mods":["BaseMod","Bestiary","Block Reminder","Colored Map","Colored Powertips","Curses Come First","DeckTracker","Highlight Path","Minty Spire (QoL Compilation)","Relic Sorter","Relic Stats","StSLib","SuperFastMode","Weighted Paths"],"gold_per_floor":[117,117,42,117,36,36,71,71,121,150,150,178,192,192,192,263,263,279,295,220,236,247,281,291,320,320,320,245,255,8,8,8,82,82,97,97,116,130,30,30,65,65,90,110,123,155,30,63,63,63,63,63,63,98,98,98],"floor_reached":55,"language":"ENG","playtime":5245,"items_purged":["Strike_G","Strike_G","Defend_G"],"score":1685,"play_id":"ab9c2e2d-fc90-49bf-bfe7-e142b1935504","local_time":"20210223143233","is_ascension_mode":true,"campfire_choices":[{"data":"Footwork","floor":6.0,"key":"SMITH"},{"data":"Leg Sweep","floor":8.0,"key":"SMITH"},{"data":"Cloak And Dagger","floor":11.0,"key":"SMITH"},{"data":"Noxious Fumes","floor":15.0,"key":"SMITH"},{"data":"Storm of Steel","floor":27.0,"key":"SMITH"},{"data":"Flechettes","floor":32.0,"key":"SMITH"},{"data":"Footwork","floor":40.0,"key":"SMITH"},{"data":"Strike_G","floor":42.0,"key":"PURGE"},{"floor":49,"key":"RECALL"},{"data":"Noxious Fumes","floor":52,"key":"SMITH"}],"circlet_count":0,"master_deck":["AscendersBane","Defend_G","Defend_G","Defend_G","Survivor","Neutralize+1","Quick Slash","Footwork+1","Leg Sweep+1","Cloak And Dagger+1","Noxious Fumes+1","Dagger Throw","Venomology","Flechettes+1","Quick Slash+1","PiercingWail+1","Prepared+1","Storm of Steel+1","Backflip","Footwork+1","Corpse Explosion","Backflip","Blur","Deflect+1","Noxious Fumes+1","Backflip"],"relics":["Ring of the Snake","NeowsBlessing","Lantern","Omamori","HornCleat","Calipers","MealTicket","Runic Pyramid","Ginger","Dream Catcher","PreservedInsect","OrangePellets","Nilry\u0027s Codex","Philosopher\u0027s Stone","Peace Pipe","Tingsha","Blue Candle","Ice Cream"],"acts_visited":["Exordium","TheCity","TheBeyond","TheEnding"],"potions_floor_usage":[45,46,48,50,50,54],"damage_taken":[{"damage":0.0,"enemies":"Cultist","floor":1.0,"turns":1.0},{"damage":0.0,"enemies":"Lagavulin","floor":7.0,"turns":1.0},{"damage":0.0,"enemies":"3 Sentries","floor":10.0,"turns":1.0},{"damage":5.0,"enemies":"Gremlin Nob","floor":12.0,"turns":5.0},{"damage":0.0,"enemies":"Jaw Worm","floor":13.0,"turns":4.0},{"damage":0.0,"enemies":"Hexaghost","floor":16.0,"turns":11.0},{"damage":0.0,"enemies":"Spheric Guardian","floor":18.0,"turns":6.0},{"damage":0.0,"enemies":"Chosen","floor":19.0,"turns":6.0},{"damage":18.0,"enemies":"Snake Plant","floor":21.0,"turns":6.0},{"damage":0.0,"enemies":"Cultist and Chosen","floor":22.0,"turns":6.0},{"damage":5.0,"enemies":"Book of Stabbing","floor":23.0,"turns":5.0},{"damage":0.0,"enemies":"Centurion and Healer","floor":24.0,"turns":9.0},{"damage":13.0,"enemies":"Slavers","floor":25.0,"turns":9.0},{"damage":0.0,"enemies":"Snecko","floor":29.0,"turns":4.0},{"damage":11.0,"enemies":"Collector","floor":33.0,"turns":12.0},{"damage":0.0,"enemies":"Orb Walker","floor":35.0,"turns":3.0},{"damage":0.0,"enemies":"3 Shapes","floor":37.0,"turns":4.0},{"damage":0.0,"enemies":"Maw","floor":38.0,"turns":8.0},{"damage":1.0,"enemies":"Giant Head","floor":41.0,"turns":9.0},{"damage":24,"enemies":"4 Shapes","floor":44,"turns":5},{"damage":0,"enemies":"Jaw Worm Horde","floor":45,"turns":4},{"damage":0,"enemies":"Nemesis","floor":46,"turns":7},{"damage":0,"enemies":"Reptomancer","floor":48,"turns":6},{"damage":9,"enemies":"Donu and Deca","floor":50,"turns":10},{"damage":53,"enemies":"Shield and Spear","floor":54,"turns":9},{"damage":24,"enemies":"The Heart","floor":55,"turns":3}],"seed_played":"-8487337204939199540","potions_obtained":[{"floor":10.0,"key":"GamblersBrew"},{"floor":13.0,"key":"Poison Potion"},{"floor":16.0,"key":"Dexterity Potion"},{"floor":19.0,"key":"BlessingOfTheForge"},{"floor":22.0,"key":"SteroidPotion"},{"floor":23.0,"key":"Fruit Juice"},{"floor":25.0,"key":"AttackPotion"},{"floor":37.0,"key":"FearPotion"},{"floor":46,"key":"Poison Potion"}],"is_trial":false,"path_per_floor":["M","?","?","?","$","R","E","R","T","E","R","E","M","?","R","B",null,"M","M","$","M","M","E","M","E","T","R","?","M","$","?","R","B",null,"M","?","M","M","$","R","E","R","T","M","M","E","$","E","R","B",null,"R","$","E","B"],"character_chosen":"THE_SILENT","items_purchased":["Footwork","Footwork","OrangePellets"],"campfire_rested":0,"item_purchase_floors":[5,30,30],"current_hp_per_floor":[59,59,59,48,48,48,48,48,48,48,48,43,43,32,32,32,58,58,58,66,48,48,48,48,35,35,35,35,35,50,29,29,18,58,58,58,58,58,71,71,70,70,70,46,46,46,61,61,61,52,66,66,71,18,0,0],"gold":98,"neow_bonus":"THREE_ENEMY_KILL","is_daily":false,"chose_seed":false,"campfire_upgraded":8,"win_rate":0.0,"timestamp":1614090753,"path_taken":["M","?","?","?","?","R","E","R","T","E","R","E","?","?","R","BOSS","M","M","$","M","M","E","M","E","T","R","?","M","$","?","R","BOSS","M","?","M","M","$","R","E","R","T","M","?","E","?","E","R","BOSS","R","$","E","BOSS"],"items_purchased_type":["Card","Card","Relic"],"build_version":"2020-12-18","purchased_purges":3,"victory":false,"max_hp_per_floor":[66,66,66,66,66,66,66,66,66,66,66,66,66,66,66,66,66,66,66,66,66,66,71,71,71,71,71,71,71,71,71,71,71,71,71,71,71,71,71,71,71,71,71,71,71,71,71,71,71,71,71,71,71,71,71,71],"relic_stats":{"Peace Pipe":2,"OrangePellets":[6],"Dream Catcher":0,"counters":[26,154],"Blue Candle":[0],"MealTicket":56,"Tingsha":[75],"PreservedInsect":317,"Ginger":[15],"obtain_stats":[{"Ice Cream":54,"Lantern":7,"Calipers":12,"NeowsBlessing":0,"Nilry\u0027s Codex":31,"Blue Candle":48,"Tingsha":46,"PreservedInsect":26,"Omamori":9,"Ginger":23,"Peace Pipe":41,"OrangePellets":30,"Dream Catcher":25,"HornCleat":10,"MealTicket":14,"Philosopher\u0027s Stone":34,"Ring of the Snake":0,"Runic Pyramid":17},{"Ice Cream":25,"Lantern":2,"Calipers":4,"NeowsBlessing":0,"Nilry\u0027s Codex":14,"Blue Candle":23,"Tingsha":22,"PreservedInsect":13,"Omamori":2,"Ginger":11,"Peace Pipe":19,"OrangePellets":14,"Dream Catcher":13,"HornCleat":3,"MealTicket":5,"Philosopher\u0027s Stone":15,"Ring of the Snake":0,"Runic Pyramid":6},{"Ice Cream":151,"Lantern":2,"Calipers":8,"NeowsBlessing":0,"Nilry\u0027s Codex":74,"Blue Candle":132,"Tingsha":126,"PreservedInsect":70,"Omamori":2,"Ginger":52,"Peace Pipe":110,"OrangePellets":74,"Dream Catcher":70,"HornCleat":3,"MealTicket":12,"Philosopher\u0027s Stone":86,"Ring of the Snake":0,"Runic Pyramid":23}],"Ring of the Snake":[52]},"card_choices":[{"not_picked":["Dodge and Roll","Deadly Poison"],"picked":"Quick Slash","floor":1.0},{"not_picked":["Catalyst","Concentrate"],"picked":"Leg Sweep","floor":7.0},{"not_picked":["Dagger Spray","Bane"],"picked":"Cloak And Dagger","floor":10.0},{"not_picked":["Deadly Poison","Bane"],"picked":"Noxious Fumes","floor":12.0},{"not_picked":["Reflex","Accuracy"],"picked":"Dagger Throw","floor":13.0},{"not_picked":["Phantasmal Killer","Tools of the Trade"],"picked":"Venomology","floor":16.0},{"not_picked":["Dagger Spray","Dagger Throw+1"],"picked":"Flechettes","floor":18.0},{"not_picked":["Acrobatics","Slice"],"picked":"Quick Slash+1","floor":19.0},{"not_picked":["Skewer","Backflip"],"picked":"PiercingWail+1","floor":21.0},{"not_picked":["Expertise","Dagger Spray"],"picked":"Prepared+1","floor":22.0},{"not_picked":["Distraction","Underhanded Strike","Finisher"],"picked":"SKIP","floor":23.0},{"not_picked":["Slice","Flechettes","Accuracy"],"picked":"SKIP","floor":24.0},{"not_picked":["Deadly Poison","Masterful Stab"],"picked":"Storm of Steel","floor":25.0},{"not_picked":["Quick Slash","Slice"],"picked":"Backflip","floor":29.0},{"not_picked":["Malaise","Night Terror"],"picked":"Corpse Explosion","floor":33.0},{"not_picked":["Deflect","Endless Agony","Dagger Spray"],"picked":"SKIP","floor":35.0},{"not_picked":["Deflect","Sucker Punch+1","Underhanded Strike"],"picked":"SKIP","floor":37.0},{"not_picked":["Skewer","Dagger Throw+1"],"picked":"Backflip","floor":38.0},{"not_picked":["Night Terror","Well Laid Plans"],"picked":"Blur","floor":41.0},{"not_picked":["Accuracy+1","Cloak And Dagger"],"picked":"Deflect+1","floor":44},{"not_picked":["Flechettes","Underhanded Strike","Dagger Spray"],"picked":"SKIP","floor":45},{"not_picked":["Outmaneuver+1","Distraction+1"],"picked":"Noxious Fumes","floor":46},{"not_picked":["Heel Hook","Concentrate"],"picked":"Backflip","floor":48},{"not_picked":["Backstab","Cloak And Dagger","Slice"],"picked":"SKIP","floor":54}],"player_experience":545722,"relics_obtained":[{"floor":7.0,"key":"Lantern"},{"floor":9.0,"key":"Omamori"},{"floor":10.0,"key":"HornCleat"},{"floor":12.0,"key":"Calipers"},{"floor":23.0,"key":"Ginger"},{"floor":25.0,"key":"Dream Catcher"},{"floor":26.0,"key":"PreservedInsect"},{"floor":31.0,"key":"Nilry\u0027s Codex"},{"floor":41.0,"key":"Peace Pipe"},{"floor":46,"key":"Tingsha"},{"floor":48,"key":"Blue Candle"},{"floor":54,"key":"Ice Cream"}],"event_choices":[{"damage_healed":0.0,"max_hp_gain":0.0,"max_hp_loss":0.0,"gold_gain":0.0,"event_name":"Living Wall","player_choice":"Grow","floor":2.0,"gold_loss":0.0,"damage_taken":0.0,"cards_upgraded":["Neutralize"]},{"cards_removed":["Strike_G"],"damage_healed":0.0,"max_hp_gain":0.0,"max_hp_loss":0.0,"gold_gain":0.0,"event_name":"The Cleric","player_choice":"Card Removal","floor":3.0,"gold_loss":75.0,"damage_taken":0.0},{"damage_healed":0.0,"max_hp_gain":0.0,"max_hp_loss":0.0,"gold_gain":75.0,"event_name":"World of Goop","player_choice":"Gather Gold","floor":4.0,"gold_loss":0.0,"damage_taken":11.0},{"damage_healed":0.0,"max_hp_gain":0.0,"max_hp_loss":0.0,"gold_gain":0.0,"event_name":"Scrap Ooze","player_choice":"Success","floor":14.0,"gold_loss":0.0,"damage_taken":11.0,"relics_obtained":["MealTicket"]},{"cards_removed":["Strike_G"],"damage_healed":0.0,"max_hp_gain":0.0,"max_hp_loss":0.0,"gold_gain":0.0,"event_name":"Beggar","player_choice":"Gave Gold","floor":28.0,"gold_loss":75.0,"damage_taken":0.0},{"damage_healed":0.0,"max_hp_gain":0.0,"max_hp_loss":0.0,"gold_gain":0.0,"event_name":"Cursed Tome","player_choice":"Obtained Book","floor":31.0,"gold_loss":0.0,"damage_taken":21.0},{"cards_removed":["Defend_G"],"damage_healed":0.0,"max_hp_gain":0.0,"max_hp_loss":0.0,"gold_gain":0.0,"event_name":"Bonfire Elementals","player_choice":"Offered Basic","floor":36.0,"gold_loss":0.0,"damage_taken":0.0}],"is_beta":true,"boss_relics":[{"not_picked":["SacredBark","Cursed Key"],"picked":"Runic Pyramid"},{"not_picked":["Snecko Eye","Velvet Choker"],"picked":"Philosopher\u0027s Stone"}],"items_purged_floors":[20,39,47],"is_endless":false,"potions_floor_spawned":[10,13,16,19,22,23,25,37,46,48],"killed_by":"The Heart","ascension_level":16}}