{"host":"qrfkyfrpo74atslb","time":1614069543,"event":{"mods":["Bartender","BaseMod","Beaked The Cultist","CapriCore","Colored Map","Colored Powertips","Conspire","DeckTracker","Downfall","Hermit","Hubris","Koishi","LagranYue(???·?)","Marisa????????","Minty Spire (QoL Compilation)","Prisma Mod","Remilia??????","StSLib","The Alterego","The Cursed","The Immortal","The Mystic","The Necromancer","The Servant 0.9.4","The Wild Card","Yakumo Yukari mod","Yuyuko"],"gold_per_floor":[99,117,217,236,66,78,128,143,43,62,124,109,128,154,171,171,171,171],"floor_reached":16,"language":"ENG","playtime":810,"items_purged":[],"score":154,"play_id":"32c0b6d1-7017-442e-8a63-3464ad852f05","local_time":"20210223213903","is_ascension_mode":false,"campfire_choices":[{"floor":1,"key":"RECALL"},{"data":"Guardian:VentSteam","floor":9,"key":"SMITH"}],"circlet_count":0,"master_deck":["Guardian:Strike_Guardian","Guardian:Strike_Guardian","Guardian:Strike_Guardian","Guardian:Strike_Guardian","Guardian:Defend_Guardian","Guardian:Defend_Guardian","Guardian:Defend_Guardian","Guardian:Defend_Guardian","Guardian:CurlUp","Guardian:TwinSlam","Guardian:SentryBeam","Guardian:FloatingOrbs","Guardian:VentSteam+1","Guardian:ChargeCore","Guardian:BronzeArmor","Guardian:Gem_Cyan","Guardian:Gem_Red","Guardian:Gem_Synthetic","Guardian:WalkerClaw"],"relics":["Guardian:ModeShifter","LagranYue:RandomDrawCardRelic","HandDrill","downfall:HeartBlessingRed","Power_Wrist","Strawberry"],"acts_visited":["Exordium"],"potions_floor_usage":[12,14],"damage_taken":[{"damage":11,"enemies":"Jaw Worm","floor":2,"turns":4},{"damage":0,"enemies":"2 Louse","floor":4,"turns":3},{"damage":5,"enemies":"downfall:FleeingMerchant","floor":5,"turns":4},{"damage":10,"enemies":"Small Slimes","floor":6,"turns":3},{"damage":13,"enemies":"Blue Slaver","floor":8,"turns":4},{"damage":16,"enemies":"Exordium Thugs","floor":10,"turns":4},{"damage":13,"enemies":"3 Sentries","floor":11,"turns":6},{"damage":12,"enemies":"downfall:FleeingMerchant","floor":12,"turns":4},{"damage":3,"enemies":"2 Fungi Beasts","floor":13,"turns":3},{"damage":0,"enemies":"Gremlin Nob","floor":14,"turns":3},{"damage":1,"enemies":"3 Louse","floor":15,"turns":2},{"damage":24,"enemies":"DF_ARCHETYPE_STREAMLINE","floor":16,"turns":3}],"seed_played":"-1696376624695704676","potions_obtained":[{"floor":6,"key":"Block Potion"},{"floor":8,"key":"Energy Potion"},{"floor":10,"key":"hexamod:SoulburnPotion"}],"is_trial":false,"path_per_floor":["R","M","?","M","$","M","T","M","R","M","?","$","M","E","M","B"],"character_chosen":"GUARDIAN","items_purchased":["HandDrill"],"campfire_rested":0,"item_purchase_floors":[5],"current_hp_per_floor":[88,77,77,77,72,62,62,49,49,33,20,8,5,12,11,0,0,0],"gold":171,"neow_bonus":"TEN_PERCENT_HP_BONUS","is_daily":false,"chose_seed":false,"campfire_upgraded":1,"win_rate":0.0,"timestamp":1614069543,"path_taken":["R","M","?","M","$","M","T","M","R","M","?","$","M","E","M","BOSS"],"items_purchased_type":["Relic"],"build_version":"2020-12-22","purchased_purges":0,"victory":false,"max_hp_per_floor":[88,88,88,88,88,88,88,88,88,88,88,88,88,95,95,95,95,95],"card_choices":[{"not_picked":["Guardian:TemporalStrike","Guardian:Gem_Purple"],"picked":"Guardian:SentryBeam","floor":2},{"not_picked":["Guardian:VentSteam","Guardian:Gem_Red"],"picked":"Guardian:FloatingOrbs","floor":4},{"not_picked":["Guardian:DonusPower","Guardian:Emergency"],"picked":"Guardian:VentSteam","floor":5},{"not_picked":["Guardian:PiercingHide","Guardian:RollAttack"],"picked":"Guardian:ChargeCore","floor":6},{"not_picked":["Guardian:DecasProtection","Guardian:WalkerClaw"],"picked":"Guardian:Gem_Orange","floor":8},{"not_picked":["Guardian:Reroute","Guardian:VentSteam"],"picked":"Guardian:BronzeArmor","floor":10},{"not_picked":["Guardian:EvasiveProtocol","Guardian:RefractedBeam"],"picked":"Guardian:Gem_Cyan","floor":11},{"not_picked":["Guardian:Recover","Guardian:Gem_Green"],"picked":"Guardian:Gem_Red","floor":12},{"not_picked":["Guardian:Incinerate","Guardian:VentSteam","Guardian:TemporalShield"],"picked":"SKIP","floor":13},{"not_picked":["Guardian:Emergency","Guardian:PrimingBeam"],"picked":"Guardian:Gem_Synthetic","floor":14},{"not_picked":["Guardian:TemporalStrike","Guardian:PrimingBeam"],"picked":"Guardian:WalkerClaw","floor":15}],"player_experience":123940,"relics_obtained":[{"floor":11,"key":"Power_Wrist"},{"floor":14,"key":"Strawberry"}],"event_choices":[],"is_beta":false,"boss_relics":[],"items_purged_floors":[],"is_endless":false,"potions_floor_spawned":[6,8,10],"killed_by":"DF_ARCHETYPE_STREAMLINE","ascension_level":0}}