{"host":"ndqkyrxelzss439h","time":1614120295,"event":{"mods":["2.2 Compatiblity","Act Like it!","BaseMod","Better Third Choice","Colored Map","Colored Powertips","Hallownest","Highlight Path","Minty Spire (QoL Compilation)","Permanent Neow","Quick Restart","Replay The Spire","StSLib","The Bug Knight"],"gold_per_floor":[113,113,130,130,130,130,155,5,28,44,79,79,99,117,117,220,220,134,34,54,67,67,67,86,86,112,125,125,125],"floor_reached":28,"language":"ENG","playtime":1978,"items_purged":["HollowMod:BrokenVessel","HollowMod:BrokenVessel"],"score":241,"play_id":"e98c7bdc-2886-4882-94c2-390073b453c7","local_time":"20210223174454","is_ascension_mode":true,"campfire_choices":[{"data":"HollowMod:PogoStrike","floor":6,"key":"SMITH"},{"data":"HollowMod:QuirrelsAssistance","floor":12,"key":"SMITH"},{"floor":15,"key":"REST"},{"data":"HollowMod:MidwifesHunger","floor":23,"key":"SMITH"},{"data":"HollowMod:LifebloodCocoon","floor":25,"key":"SMITH"}],"circlet_count":0,"master_deck":["HollowMod:NailStrikeStart","HollowMod:NailStrikeStart","HollowMod:NailStrikeStart","HollowMod:NailStrikeStart","HollowMod:QuickDashStart","HollowMod:QuickDashStart","HollowMod:QuickDashStart","HollowMod:QuickDashStart","HollowMod:PogoStrike+1","HollowMod:QuirrelsAssistance+1","HollowMod:CornifersMapStart","HollowMod:LifebloodCocoon+1","HollowMod:CycloneSlash","HollowMod:MidwifesHunger+1","Injury","HollowMod:DashSlash","HollowMod:GrimmsGift","HollowMod:CloakDash","HollowMod:GoodIntentions+1"],"relics":["HollowMod:VesselMask","Hallownest:DreamNailRelic","Hallownest:TeacherSealRelic","Replay:WaspNest","Strawberry","Snack Pack","Replay:Ancient Bell","Regal Pillow","ReplayTheSpireMod:Shallot","Thread and Needle","Vajra"],"acts_visited":["Hallownest:Greenpath","Hallownest:CityofTears"],"potions_floor_usage":[7,11,16,16,18,21,27],"damage_taken":[{"damage":0,"enemies":"Hallownest:2_Baldur","floor":1,"turns":3},{"damage":0,"enemies":"Hallownest:monsterHuskWarrior","floor":3,"turns":3},{"damage":18,"enemies":"Hallownest:eliteCrystalGuardian","floor":7,"turns":7},{"damage":0,"enemies":"Hallownest:monsterHuskGuard","floor":10,"turns":4},{"damage":6,"enemies":"Hallownest:eliteVengeflyKing","floor":11,"turns":8},{"damage":8,"enemies":"Hallownest:monsterFoolEater","floor":13,"turns":3},{"damage":2,"enemies":"Hallownest:Wandering_and_Horned","floor":14,"turns":5},{"damage":20,"enemies":"Hallownest:BossFalseKnight","floor":16,"turns":11},{"damage":23,"enemies":"Hallownest:Guard_and_Sentry","floor":18,"turns":7},{"damage":0,"enemies":"Hallownest:3_Youths","floor":20,"turns":9},{"damage":7,"enemies":"Hallownest:2_Husk_Sentries","floor":21,"turns":8},{"damage":3,"enemies":"Hallownest:Warrior_and_Youth","floor":24,"turns":5},{"damage":29,"enemies":"Hallownest:3_Mistakes","floor":27,"turns":8},{"damage":190,"enemies":"Hallownest:eliteWatcherKnight","floor":28,"turns":5}],"seed_played":"3315341597912593364","potions_obtained":[{"floor":1,"key":"EssenceOfSteel"},{"floor":10,"key":"Strength Potion"},{"floor":13,"key":"Dexterity Potion"},{"floor":14,"key":"AttackPotion"},{"floor":16,"key":"PowerPotion"},{"floor":20,"key":"ColorlessPotion"},{"floor":24,"key":"Dexterity Potion"}],"is_trial":false,"path_per_floor":["M","?","M","?","?","R","E","$","T","M","E","R","M","M","R","B",null,"M","$","M","M","?","R","M","R","T","M","E"],"character_chosen":"THE_BUGKNIGHT","items_purchased":["HollowMod:QuirrelsAssistance"],"campfire_rested":1,"item_purchase_floors":[8],"current_hp_per_floor":[75,75,75,66,66,66,48,48,55,55,49,49,45,45,69,57,82,61,61,71,64,64,64,65,65,65,40,0,0],"gold":125,"neow_bonus":"RANDOM_EVENT","is_daily":false,"chose_seed":false,"campfire_upgraded":4,"win_rate":0.0,"timestamp":1614120294,"path_taken":["M","?","?","?","?","R","E","$","T","?","E","R","M","M","R","BOSS","M","$","M","M","?","R","M","R","T","M","E"],"items_purchased_type":["Card"],"build_version":"2020-12-22","purchased_purges":2,"victory":false,"max_hp_per_floor":[75,75,75,75,75,75,75,75,82,82,82,82,82,82,82,82,82,82,82,82,82,82,82,82,82,82,82,82,82],"card_choices":[{"not_picked":["HollowMod:HowlingWraiths","HollowMod:SoulStrike"],"picked":"HollowMod:BrokenVessel","floor":1},{"not_picked":["HollowMod:GreatSlash","HollowMod:SharpenedShadows","HollowMod:GrimmsGift"],"picked":"SKIP","floor":3},{"not_picked":["HollowMod:CornifersMapStart","HollowMod:DreamGate","HollowMod:SoulStrike"],"picked":"SKIP","floor":7},{"not_picked":["HollowMod:SharpenedShadows","HollowMod:SiblingsSouls"],"picked":"HollowMod:CornifersMapStart","floor":10},{"not_picked":["HollowMod:ShapeofUnn","HollowMod:Grubsong","HollowMod:AbyssShriek"],"picked":"SKIP","floor":11},{"not_picked":["HollowMod:SiblingsSouls","HollowMod:VengefulVoid"],"picked":"HollowMod:LifebloodCocoon","floor":13},{"not_picked":["HollowMod:DashSlash","HollowMod:InfectedCysts"],"picked":"HollowMod:CycloneSlash","floor":14},{"not_picked":["HollowMod:theNailsmith","HollowMod:Weaversong"],"picked":"HollowMod:MidwifesHunger","floor":16},{"not_picked":["Parasite","Amnesia"],"picked":"ReplayTheSpireMod:Doomed","floor":17},{"not_picked":["Regret","ReplayTheSpireMod:Faulty Equipment"],"picked":"ReplayTheSpireMod:IOU","floor":17},{"not_picked":["AbeCurse","ReplayTheSpireMod:Faulty Equipment"],"picked":"Injury","floor":17},{"not_picked":["HollowMod:MawleksShell","HollowMod:VengefulVoid"],"picked":"HollowMod:DashSlash","floor":18},{"not_picked":["HollowMod:HuntersJournal","HollowMod:CycloneSlash","HollowMod:PerfectDash"],"picked":"SKIP","floor":20},{"not_picked":["HollowMod:BlackTendrils","HollowMod:CornifersMapStart"],"picked":"HollowMod:GrimmsGift","floor":21},{"not_picked":["HollowMod:SiblingsSouls","HollowMod:DescendingDark"],"picked":"HollowMod:CloakDash","floor":24},{"not_picked":["HollowMod:SoulEater","HollowMod:SoulStrike+1"],"picked":"HollowMod:GoodIntentions+1","floor":27}],"player_experience":106070,"relics_obtained":[{"floor":7,"key":"Replay:WaspNest"},{"floor":9,"key":"Strawberry"},{"floor":11,"key":"Snack Pack"},{"floor":26,"key":"Vajra"}],"event_choices":[],"is_beta":false,"boss_relics":[{"not_picked":["Ring of Chaos","Coffee Dripper"],"picked":"Replay:Ancient Bell"},{"not_picked":["ReplayTheSpireMod:TigerMarble","Grinning Jar"],"picked":"Regal Pillow"},{"not_picked":["Mercury Hourglass","Toxic Egg 2"],"picked":"ReplayTheSpireMod:Shallot"},{"not_picked":["StoneCalendar","Pocketwatch"],"picked":"Thread and Needle"}],"items_purged_floors":[8,19],"is_endless":false,"potions_floor_spawned":[1,10,13,14,16,20,24],"killed_by":"Hallownest:eliteWatcherKnight","ascension_level":1}}