{"host":"Vegetablebread","time":1614101669,"event":{"mods":["BaseMod","Bestiary","Minty Spire (QoL Compilation)","Relic Stats","Slay the Relics Exporter","StSLib"],"gold_per_floor":[110,110,127,141,46,46,79,79,79,102,131,146,174,209,209,320,320,336,336,336,286,286,286],"floor_reached":22,"language":"ENG","playtime":4756,"items_purged":[],"score":450,"play_id":"7c83d0e8-ded0-4356-b162-1859165475c7","local_time":"20210223093429","is_ascension_mode":true,"campfire_choices":[{"data":"Uppercut","floor":6,"key":"SMITH"},{"data":"Perfected Strike","floor":8,"key":"SMITH"},{"data":"Pain","floor":15,"key":"PURGE"}],"circlet_count":0,"master_deck":["AscendersBane","Bash","Perfected Strike+1","Second Wind","Uppercut+1","Feel No Pain","Wild Strike","Twin Strike","Ghostly Armor","Demon Form","Limit Break","Infernal Blade","Thunderclap","Dark Embrace","Entrench","Seeing Red","Perfected Strike","Shrug It Off","Second Wind"],"relics":["SacredBark","WarpedTongs","Matryoshka","Blood Vial","Bottled Flame","PreservedInsect","Girya","Odd Mushroom","Peace Pipe","Pandora\u0027s Box","Nilry\u0027s Codex"],"acts_visited":["Exordium","TheCity"],"potions_floor_usage":[12,13,16,16,16,22],"damage_taken":[{"damage":9,"enemies":"2 Louse","floor":1,"turns":2},{"damage":2,"enemies":"Cultist","floor":3,"turns":3},{"damage":9,"enemies":"Jaw Worm","floor":4,"turns":3},{"damage":7,"enemies":"Gremlin Nob","floor":7,"turns":3},{"damage":23,"enemies":"Lagavulin","floor":11,"turns":6},{"damage":0,"enemies":"3 Louse","floor":12,"turns":2},{"damage":9,"enemies":"The Mushroom Lair","floor":13,"turns":5},{"damage":3,"enemies":"Gremlin Nob","floor":14,"turns":2},{"damage":4,"enemies":"Slime Boss","floor":16,"turns":7},{"damage":19,"enemies":"2 Thieves","floor":18,"turns":4},{"damage":24,"enemies":"Shell Parasite","floor":22,"turns":4}],"seed_played":"-4338052432847015151","potions_obtained":[{"floor":4,"key":"Swift Potion"},{"floor":11,"key":"BlessingOfTheForge"},{"floor":13,"key":"ColorlessPotion"},{"floor":14,"key":"EntropicBrew"}],"is_trial":false,"path_per_floor":["M","?","M","M","$","R","E","R","T","T","E","M","?","E","R","B",null,"M","?","?","?","M"],"character_chosen":"IRONCLAD","items_purchased":["Feel No Pain","Wild Strike"],"campfire_rested":0,"item_purchase_floors":[5,5],"current_hp_per_floor":[59,59,57,48,48,48,41,41,41,41,20,22,15,14,14,12,59,42,21,21,21,0,0],"gold":286,"neow_bonus":"BOSS_RELIC","is_daily":false,"chose_seed":false,"campfire_upgraded":2,"win_rate":0.0,"timestamp":1614101669,"path_taken":["M","?","M","?","?","R","E","R","T","?","E","M","?","E","R","BOSS","M","?","?","?","?"],"items_purchased_type":["Card","Card"],"build_version":"2020-12-18","purchased_purges":0,"victory":false,"max_hp_per_floor":[75,75,75,75,75,75,75,75,75,75,75,75,75,75,75,75,75,75,75,75,75,75,75],"relic_stats":{"Blood Vial":14,"Peace Pipe":1,"counters":[11,41],"Pandora\u0027s Box":["Limit Break","Infernal Blade","Thunderclap","Dark Embrace","Entrench","Searing Blow","Seeing Red","Perfected Strike","Shrug It Off"],"PreservedInsect":51,"obtain_stats":[{"Blood Vial":9,"Peace Pipe":14,"Girya":11,"Bottled Flame":9,"Matryoshka":7,"Nilry\u0027s Codex":19,"SacredBark":0,"Pandora\u0027s Box":17,"PreservedInsect":10,"Odd Mushroom":13,"Burning Blood":0,"WarpedTongs":2},{"Blood Vial":4,"Peace Pipe":8,"Girya":5,"Bottled Flame":4,"Matryoshka":4,"Nilry\u0027s Codex":10,"SacredBark":0,"Pandora\u0027s Box":9,"PreservedInsect":4,"Odd Mushroom":7,"Burning Blood":0,"WarpedTongs":1},{"Blood Vial":11,"Peace Pipe":26,"Girya":17,"Bottled Flame":11,"Matryoshka":11,"Nilry\u0027s Codex":37,"SacredBark":0,"Pandora\u0027s Box":33,"PreservedInsect":11,"Odd Mushroom":24,"Burning Blood":0,"WarpedTongs":2}],"WarpedTongs":[39]},"card_choices":[{"not_picked":["Headbutt","Heavy Blade"],"picked":"Perfected Strike","floor":1},{"not_picked":["Sword Boomerang","Shrug It Off"],"picked":"Second Wind","floor":3},{"not_picked":["Dual Wield","Cleave"],"picked":"Uppercut","floor":4},{"not_picked":["Anger","Hemokinesis"],"picked":"Twin Strike","floor":7},{"not_picked":["Seeing Red","Body Slam","Clash"],"picked":"SKIP","floor":11},{"not_picked":["Thunderclap","Armaments","Sword Boomerang"],"picked":"SKIP","floor":12},{"not_picked":["Sentinel","Inflame"],"picked":"Ghostly Armor","floor":14},{"not_picked":["Offering","Berserk"],"picked":"Demon Form","floor":16},{"not_picked":["Shockwave","Metallicize"],"picked":"Second Wind","floor":18}],"player_experience":10588072,"relics_obtained":[{"floor":7,"key":"Matryoshka"},{"floor":9,"key":"Blood Vial"},{"floor":9,"key":"Bottled Flame"},{"floor":10,"key":"PreservedInsect"},{"floor":11,"key":"Girya"},{"floor":13,"key":"Odd Mushroom"},{"floor":14,"key":"Peace Pipe"},{"floor":19,"key":"Nilry\u0027s Codex"}],"event_choices":[{"damage_healed":0,"gold_gain":0,"player_choice":"Rummage","damage_taken":0,"relics_obtained":["WarpedTongs"],"max_hp_gain":0,"max_hp_loss":0,"event_name":"Accursed Blacksmith","floor":2,"gold_loss":0,"cards_obtained":["Pain"]},{"damage_healed":0,"gold_gain":0,"player_choice":"Fought Mushrooms","damage_taken":0,"max_hp_gain":0,"max_hp_loss":0,"event_name":"Mushrooms","floor":13,"gold_loss":0},{"damage_healed":0,"gold_gain":0,"player_choice":"Obtained Book","damage_taken":21,"max_hp_gain":0,"max_hp_loss":0,"event_name":"Cursed Tome","floor":19,"gold_loss":0},{"cards_removed":["Searing Blow"],"damage_healed":0,"gold_gain":0,"player_choice":"Elegance","damage_taken":0,"max_hp_gain":0,"max_hp_loss":0,"event_name":"Back to Basics","floor":20,"gold_loss":0},{"damage_healed":0,"gold_gain":0,"player_choice":"Bet on Murderer","damage_taken":0,"max_hp_gain":0,"max_hp_loss":0,"event_name":"The Joust","floor":21,"gold_loss":50}],"is_beta":true,"boss_relics":[{"not_picked":["Sozu","Philosopher\u0027s Stone"],"picked":"Pandora\u0027s Box"}],"items_purged_floors":[],"is_endless":false,"potions_floor_spawned":[4,11,13,14],"killed_by":"Shell Parasite","ascension_level":20}}