{"host":"yaxsefyig1et0yi2","time":1614069055,"event":{"mods":["Aspiration","BaseMod","BetterRewards","Colored Powertips","Conspire","Displayed Cursed Tome","Downfall","GungeonMod","Halation","Hubris","Infinite Spire","Minty Spire (QoL Compilation)","Quick Restart","RatMod","Replay The Spire","Reworked Bosses","Spikes Relics","StSLib","The Jungle","The Necromancer"],"gold_per_floor":[114,114,127,56,74,107,107,117,143,143,156,156,182,23,23,128,128,113,133,5,16,16,16,33,67,140,154,165,165,185,185,185,280,280,291,305,39,59,59,59,59,59,82,82,82],"floor_reached":44,"language":"ENG","playtime":2246,"items_purged":["Amnesia"],"score":515,"play_id":"384e5be0-fd03-4c8a-bd27-cf5cda7d1a29","local_time":"20210223033055","is_ascension_mode":false,"campfire_choices":[{"floor":15,"key":"REST"},{"data":"Bone_Armory","floor":23,"key":"SMITH"},{"floor":32,"key":"REST"},{"floor":40,"key":"REST"}],"circlet_count":0,"master_deck":["Strike_W","Strike_W","Strike_W+1","Strike_W+1","Defend_W","Defend_W","Defend_W","Defend_W","Negative_Energy_Arrows","Bone_Wall+1","Scare","Negative_Energy_Sphere","Bone_Armory+1","Death_March_Dance","Slay_Living","Acid_Javelin","Clumsy","Whirlwind_of_Bones","Negative_Energy_Javelin","Skeleton_Dragon+1","rat:SilverCoating+1","Finger_Of_Death+1","Bone_Bullets+1","Summon_Lich+1","Crescendo+1","Summon_Undead_Army+1","downfall:Bewildered","Deadly Poison","Wallop+1","Vampiric_Strike","PathToVictory","DevaForm+1","Death_Knell+1","Prostrate+1","Consume_Illness+1","FlurryOfBlows+1","CarveReality+1","Bandage Up+1","Adaptation+1","Panache+1","Halt+1"],"relics":["Vampire_Amulet","NeowsBlessing","aspiration:ArtOfWarUpgrade","halation:AfternoonTea","hubris:DisguiseKit","Ring of Misfortune","Ring of Peace","Golden Egg","aspiration:WatcherSkillbook","sneckomod:BabySnecko","Matryoshka","Akabeko","Pantograph","halation:OrihimeAndHikoboshiSamaAndTears","hubris:Backtick","infinitespire:DarkRift","BargainBundle","conspire:TopHat","Simple Rune"],"acts_visited":["Exordium","TheCity","TheBeyond"],"potions_floor_usage":[16,16,21,27,30,38,38,44,44],"damage_taken":[{"damage":0,"enemies":"Small Slimes","floor":1,"turns":1},{"damage":0,"enemies":"Cultist","floor":3,"turns":1},{"damage":0,"enemies":"conspire:RoseBush","floor":5,"turns":1},{"damage":39,"enemies":"3 Sentries","floor":6,"turns":11},{"damage":15,"enemies":"3 Louse","floor":8,"turns":5},{"damage":4,"enemies":"2 Fungi Beasts","floor":11,"turns":3},{"damage":12,"enemies":"Gremlin Nob","floor":13,"turns":6},{"damage":14,"enemies":"Hexaghost","floor":16,"turns":11},{"damage":4,"enemies":"2 Thieves","floor":18,"turns":4},{"damage":22,"enemies":"conspire:FuzzyDice","floor":19,"turns":16},{"damage":26,"enemies":"Chosen and Byrds","floor":21,"turns":8},{"damage":18,"enemies":"Snake Plant","floor":24,"turns":3},{"damage":0,"enemies":"Replay:Snechameleon","floor":25,"turns":6},{"damage":9,"enemies":"Shelled Parasite and Fungi","floor":27,"turns":3},{"damage":14,"enemies":"Cultist and Chosen","floor":28,"turns":4},{"damage":5,"enemies":"Centurion and Healer","floor":30,"turns":6},{"damage":7,"enemies":"bossMod:newChamp","floor":33,"turns":8},{"damage":15,"enemies":"Orb Walker","floor":35,"turns":3},{"damage":31,"enemies":"3 Darklings","floor":36,"turns":5},{"damage":45,"enemies":"Sphere and 2 Shapes","floor":38,"turns":5},{"damage":34,"enemies":"Nightmare","floor":44,"turns":4}],"seed_played":"292067445840825117","potions_obtained":[{"floor":6,"key":"Strength Potion"},{"floor":13,"key":"ColorlessPotion"},{"floor":16,"key":"SkillPotion"},{"floor":19,"key":"Block Potion"},{"floor":25,"key":"SteroidPotion"},{"floor":33,"key":"BlessingOfTheForge"},{"floor":36,"key":"LiquidMemories"},{"floor":38,"key":"BlessingOfTheForge"}],"is_trial":false,"path_per_floor":["M","?","M","$","M","E","R","M","T","?","M","?","E","$","R","B",null,"M","M","$","M","?","R","M","E","T","M","M","?","M","?","R","B",null,"M","M","$","M","?","R","HB","R","T","NM"],"character_chosen":"NECROMANCER","items_purchased":["Bone_Armory","Skeleton_Dragon","Summon_Lich","Crescendo","BargainBundle","Consume_Illness+1","FlurryOfBlows","CarveReality","Bandage Up","Adaptation","AttackPotion","Panache"],"campfire_rested":3,"item_purchase_floors":[4,14,20,20,37,37,37,37,37,37,37,37],"current_hp_per_floor":[75,75,75,75,75,42,42,33,33,33,33,33,23,23,45,48,75,73,55,55,33,33,33,17,19,19,14,4,4,6,6,28,64,75,62,33,33,3,3,25,25,25,25,7,7],"gold":82,"neow_bonus":"THREE_ENEMY_KILL","is_daily":false,"chose_seed":false,"campfire_upgraded":1,"win_rate":0.0,"timestamp":1614069055,"path_taken":["M","?","?","$","?","E","R","M","T","?","M","?","E","$","R","BOSS","M","M","$","M","?","R","M","E","T","M","M","?","M","?","R","BOSS","M","M","$","M","?","R","HB","R","T","NM"],"items_purchased_type":["Card","Card","Card","Card","Relic","Card","Card","Card","Card","Card","Potion","Card"],"build_version":"2020-12-22","purchased_purges":1,"victory":false,"max_hp_per_floor":[75,75,75,75,75,75,75,75,75,75,75,75,75,75,75,75,75,75,75,75,75,75,75,75,75,75,75,75,75,75,75,75,75,75,75,75,75,75,75,75,38,38,38,38,38],"card_choices":[{"not_picked":["Finger_Of_Death","Shade_Step"],"picked":"Scare","floor":1},{"not_picked":["Thousand_Bone_Knives","Death_Coil","Negative_Energy_Sphere"],"picked":"SKIP","floor":3},{"not_picked":["Thousand_Bone_Knives","Death_Coil"],"picked":"Negative_Energy_Sphere","floor":3},{"not_picked":["Chill_Blood","Toxic_Smoke_Screen"],"picked":"Death_March_Dance","floor":5},{"not_picked":["Chill_Blood","Necrotic_Claws"],"picked":"Slay_Living","floor":6},{"not_picked":["Corrupt","Bone_Armor"],"picked":"Acid_Javelin","floor":8},{"not_picked":["Vampiric_Strike","Death_Coil","Blur"],"picked":"Whirlwind_of_Bones","floor":11},{"not_picked":["Life_Drain","Finger_Of_Death","Adrenaline"],"picked":"Negative_Energy_Javelin","floor":13},{"not_picked":["Reap_The_Weak","Blood_Wake","Grasp_Heart"],"picked":"rat:SilverCoating","floor":16},{"not_picked":["FollowUp","Thousand_Bone_Knives","Scare","Prepared"],"picked":"Finger_Of_Death+1","floor":18},{"not_picked":["Bone_Spikes","JustLucky","Negative_Energy_Javelin","Replay:Poison Smokescreen"],"picked":"Bone_Bullets+1","floor":19},{"not_picked":["EmptyFist+1","Death_March_Dance+1","FollowUp+1","Deflect"],"picked":"Summon_Undead_Army+1","floor":21},{"not_picked":["SignatureMove+1","Negative_Energy_Shield","Necromantic_Selection","Brilliance"],"picked":"Deadly Poison","floor":24},{"not_picked":["BowlingBash","Shackles_Of_Pain","Blood_Wake","Strike_from_Beyond","rat:ArgentInfusion"],"picked":"SKIP","floor":25},{"not_picked":["FlurryOfBlows","LikeWater","Death_Coil","Tactician"],"picked":"Wallop+1","floor":27},{"not_picked":["Study","Negative_Energy_Sphere","Bones_to_Steel","Flying Knee"],"picked":"Vampiric_Strike","floor":28},{"not_picked":["Swivel","SashWhip","Replay:Vibes+1","PiercingWail"],"picked":"PathToVictory","floor":30},{"not_picked":["SpiritShield","Establishment","Ragnarok","Adrenaline"],"picked":"DevaForm","floor":33},{"not_picked":["WindmillStrike","Vampiric_Strike+1","BowlingBash+1","conspire:DoublingDagger"],"picked":"Death_Knell+1","floor":35},{"not_picked":["Spectral_Walk+1","Meditate","Corrupt+1","Poisoned Stab"],"picked":"Prostrate+1","floor":36},{"not_picked":["Death_Coil","CrushJoints+1","Chill_Blood","Prepared"],"picked":"Halt+1","floor":38}],"player_experience":269475,"relics_obtained":[{"floor":6,"key":"Art of War"},{"floor":9,"key":"halation:AfternoonTea"},{"floor":12,"key":"Ring of Misfortune"},{"floor":12,"key":"Ring of Peace"},{"floor":13,"key":"Golden Egg"},{"floor":25,"key":"Matryoshka"},{"floor":26,"key":"Akabeko"},{"floor":26,"key":"Pantograph"},{"floor":43,"key":"conspire:TopHat"},{"floor":43,"key":"Simple Rune"}],"event_choices":[{"damage_healed":0,"gold_gain":0,"player_choice":"Forge","damage_taken":0,"max_hp_gain":0,"max_hp_loss":0,"event_name":"Accursed Blacksmith","floor":2,"gold_loss":0,"cards_upgraded":["Bone_Wall"]},{"damage_healed":0,"gold_gain":0,"player_choice":"Ignored","damage_taken":0,"max_hp_gain":0,"max_hp_loss":0,"event_name":"Ghosts","floor":29,"gold_loss":0},{"damage_healed":0,"gold_gain":0,"player_choice":"Leave","damage_taken":0,"max_hp_gain":0,"max_hp_loss":0,"event_name":"conspire:Investor","floor":39,"gold_loss":0}],"is_beta":false,"boss_relics":[{"not_picked":["Runic Dome","halation:PlatinumPhoenix"],"picked":"aspiration:WatcherSkillbook"},{"not_picked":["Empty Cage","Painkiller Herb"],"picked":"hubris:Backtick"}],"items_purged_floors":[37],"is_endless":false,"potions_floor_spawned":[6,13,16,19,25,33,36,38],"killed_by":"Nightmare","ascension_level":0}}