{"host":"3hzk4hwwdropes3d","time":1614039969,"event":{"mods":["BaseMod","Colored Map","Downfall","Hermit","Minty Spire (QoL Compilation)","Permanent Neow","Relic Stats","StSLib"],"gold_per_floor":[117,117,68,68,82,116,116,129,129,156,171,9,9,29,29,131,131,145,145,159,159,159],"floor_reached":21,"language":"ENG","playtime":847,"items_purged":[],"score":268,"play_id":"585806be-3f7f-4382-a486-fff6c60214c7","local_time":"20210222162609","is_ascension_mode":true,"campfire_choices":[{"data":"Halt","floor":7,"key":"SMITH"},{"floor":13,"key":"REST"},{"data":"CrushJoints","floor":15,"key":"SMITH"}],"circlet_count":0,"master_deck":["Strike_P","Strike_P","Strike_P","Strike_P","Defend_P","Defend_P","Defend_P","Defend_P","Eruption+1","Vigilance","FlurryOfBlows","SashWhip","CutThroughFate","Halt+1","CrushJoints+1","Protect","DevaForm","Vault","Halt","Necronomicurse","Consecrate"],"relics":["PureWater","NeowsBlessing","Slimebound:PreparedRelic","Ancient Tea Set","Sundial","Sozu","Necronomicon"],"acts_visited":["Exordium","TheCity"],"potions_floor_usage":[16,16],"damage_taken":[{"damage":0,"enemies":"Jaw Worm","floor":1,"turns":1},{"damage":0,"enemies":"Cultist","floor":5,"turns":1},{"damage":0,"enemies":"3 Sentries","floor":6,"turns":2},{"damage":0,"enemies":"Small Slimes","floor":8,"turns":2},{"damage":26,"enemies":"Gremlin Nob","floor":10,"turns":5},{"damage":0,"enemies":"Looter","floor":11,"turns":2},{"damage":0,"enemies":"Red Slaver","floor":14,"turns":2},{"damage":41,"enemies":"Hexaghost","floor":16,"turns":9},{"damage":28,"enemies":"2 Thieves","floor":18,"turns":5},{"damage":0,"enemies":"3 Byrds","floor":20,"turns":5},{"damage":0,"enemies":"Shelled Parasite and Fungi","floor":21,"turns":2}],"seed_played":"-4216240937504090217","potions_obtained":[{"floor":1,"key":"Explosive Potion"},{"floor":6,"key":"StancePotion"},{"floor":11,"key":"Guardian:BlockOnCardUsePotion"},{"floor":16,"key":"BlessingOfTheForge"}],"is_trial":false,"path_per_floor":["M","?","$","?","M","E","R","M","T","E","M","$","R","M","R","B",null,"M","?","M","M"],"character_chosen":"WATCHER","items_purchased":["SashWhip","DevaForm"],"campfire_rested":1,"item_purchase_floors":[3,12],"current_hp_per_floor":[72,72,72,72,72,72,72,72,72,46,46,46,67,67,67,26,61,33,17,17,17,17],"gold":159,"neow_bonus":"THREE_ENEMY_KILL","is_daily":false,"chose_seed":false,"campfire_upgraded":2,"win_rate":0.0,"timestamp":1614039969,"path_taken":["M","?","$","?","M","E","R","M","T","E","M","$","R","M","R","BOSS","M","?","M","M"],"items_purchased_type":["Card","Card"],"build_version":"2020-12-22","purchased_purges":0,"victory":false,"max_hp_per_floor":[72,72,72,72,72,72,72,72,72,72,72,72,72,72,72,72,72,72,72,72,72,72],"relic_stats":{"Sozu":0,"counters":[11,36],"Sundial":[2],"Necronomicon":[0],"obtain_stats":[{"Sozu":17,"NeowsBlessing":0,"Sundial":10,"Slimebound:PreparedRelic":6,"Necronomicon":19,"PureWater":0,"Ancient Tea Set":9},{"Sozu":8,"NeowsBlessing":0,"Sundial":5,"Slimebound:PreparedRelic":3,"Necronomicon":9,"PureWater":0,"Ancient Tea Set":4},{"Sozu":24,"NeowsBlessing":0,"Sundial":11,"Slimebound:PreparedRelic":4,"Necronomicon":29,"PureWater":0,"Ancient Tea Set":6}]},"card_choices":[{"not_picked":["SignatureMove","SandsOfTime"],"picked":"FlurryOfBlows","floor":1},{"not_picked":["Evaluate","InnerPeace"],"picked":"CutThroughFate","floor":5},{"not_picked":["EmptyFist","Study"],"picked":"Halt","floor":6},{"not_picked":["Wireheading","Crescendo"],"picked":"CrushJoints","floor":8},{"not_picked":["EmptyBody","Perseverance","JustLucky"],"picked":"SKIP","floor":10},{"not_picked":["Crescendo","SignatureMove"],"picked":"Protect","floor":11},{"not_picked":["Protect","Evaluate","ReachHeaven"],"picked":"SKIP","floor":14},{"not_picked":["Omniscience","Judgement"],"picked":"Vault","floor":16},{"not_picked":["Prostrate","Crescendo"],"picked":"Halt","floor":18},{"not_picked":["Swivel","Evaluate+1"],"picked":"Consecrate","floor":20}],"player_experience":435920,"relics_obtained":[{"floor":6,"key":"Slimebound:PreparedRelic"},{"floor":9,"key":"Ancient Tea Set"},{"floor":10,"key":"Sundial"},{"floor":19,"key":"Necronomicon"}],"event_choices":[{"damage_healed":0,"gold_gain":0,"player_choice":"Grow","damage_taken":0,"max_hp_gain":0,"max_hp_loss":0,"event_name":"Living Wall","floor":2,"gold_loss":0,"cards_upgraded":["Eruption"]},{"damage_healed":0,"gold_gain":0,"player_choice":"Bought 0 Potions","damage_taken":0,"max_hp_gain":0,"max_hp_loss":0,"event_name":"The Woman in Blue","floor":4,"gold_loss":0},{"damage_healed":0,"gold_gain":0,"player_choice":"Obtained Book","damage_taken":16,"max_hp_gain":0,"max_hp_loss":0,"event_name":"Cursed Tome","floor":19,"gold_loss":0}],"is_beta":false,"boss_relics":[{"not_picked":["Snecko Eye","Ectoplasm"],"picked":"Sozu"}],"items_purged_floors":[],"is_endless":false,"potions_floor_spawned":[1,6,11,16],"killed_by":"Shelled Parasite and Fungi","ascension_level":5}}