{"host":"2l5k2wp87eek7qja","time":1614107969,"event":{"mods":["BaseMod","Colored Map","Minty Spire (QoL Compilation)","Relic Stats"],"gold_per_floor":[111,111,111,130,148,148,180,79,125,143,169,169,195,208,208,208,208],"floor_reached":16,"language":"ENG","playtime":497,"items_purged":["Strike_G"],"score":240,"play_id":"b960f19f-5464-4ae6-8785-96a916a992df","local_time":"20210223211929","is_ascension_mode":true,"campfire_choices":[{"data":"Neutralize","floor":6,"key":"SMITH"},{"data":"Blade Dance","floor":12,"key":"SMITH"},{"floor":15,"key":"REST"}],"circlet_count":0,"master_deck":["AscendersBane","Strike_G","Strike_G","Strike_G","Defend_G","Defend_G","Defend_G","Defend_G","Defend_G+1","Survivor+1","Neutralize+1","Quick Slash","Flying Knee","Poisoned Stab","Dagger Spray","Blade Dance+1","Cloak And Dagger","Skewer+1"],"relics":["Ring of the Snake","Nunchaku","Orichalcum","Omamori","Letter Opener","Molten Egg 2"],"acts_visited":["Exordium"],"potions_floor_usage":[7,13,13],"damage_taken":[{"damage":0,"enemies":"Small Slimes","floor":1,"turns":4},{"damage":3,"enemies":"Jaw Worm","floor":4,"turns":6},{"damage":0,"enemies":"Cultist","floor":5,"turns":4},{"damage":6,"enemies":"Gremlin Nob","floor":7,"turns":3},{"damage":0,"enemies":"Lots of Slimes","floor":10,"turns":4},{"damage":10,"enemies":"3 Sentries","floor":11,"turns":9},{"damage":4,"enemies":"Lagavulin","floor":13,"turns":5},{"damage":0,"enemies":"Blue Slaver","floor":14,"turns":3},{"damage":25,"enemies":"Hexaghost","floor":16,"turns":9}],"seed_played":"8477511963915337717","potions_obtained":[{"floor":1,"key":"Strength Potion"},{"floor":7,"key":"Block Potion"},{"floor":10,"key":"FearPotion"},{"floor":11,"key":"CunningPotion"}],"is_trial":false,"path_per_floor":["M","?","?","M","M","R","E","$","T","M","E","R","E","M","R","B"],"character_chosen":"THE_SILENT","items_purchased":["Blade Dance"],"campfire_rested":1,"item_purchase_floors":[8],"current_hp_per_floor":[59,39,28,25,25,25,19,19,19,19,9,9,5,5,24,0,0],"gold":208,"neow_bonus":"TRANSFORM_CARD","is_daily":false,"chose_seed":false,"campfire_upgraded":2,"win_rate":0.0,"timestamp":1614107969,"path_taken":["M","?","?","M","M","R","E","$","T","M","E","R","E","M","R","BOSS"],"items_purchased_type":["Card"],"build_version":"2020-12-22","purchased_purges":1,"victory":false,"max_hp_per_floor":[66,66,66,66,66,66,66,66,66,66,66,66,66,66,66,66,66],"relic_stats":{"Nunchaku":[12],"counters":[9,47],"Letter Opener":[10],"Orichalcum":[60],"obtain_stats":[{"Nunchaku":3,"Molten Egg 2":13,"Omamori":9,"Letter Opener":11,"Orichalcum":7,"Ring of the Snake":0},{"Nunchaku":1,"Molten Egg 2":7,"Omamori":4,"Letter Opener":6,"Orichalcum":4,"Ring of the Snake":0},{"Nunchaku":4,"Molten Egg 2":35,"Omamori":17,"Letter Opener":30,"Orichalcum":17,"Ring of the Snake":0}],"Ring of the Snake":[18]},"card_choices":[{"not_picked":["Reflex","Blur","Prepared"],"picked":"SKIP","floor":1},{"not_picked":["Outmaneuver","Dodge and Roll"],"picked":"Flying Knee","floor":4},{"not_picked":["Blur","Deadly Poison"],"picked":"Poisoned Stab","floor":5},{"not_picked":["Riddle With Holes","Heel Hook"],"picked":"Dagger Spray","floor":7},{"not_picked":["Predator","Dagger Throw"],"picked":"Cloak And Dagger","floor":10},{"not_picked":["Infinite Blades","Underhanded Strike","Grand Finale"],"picked":"SKIP","floor":11},{"not_picked":["Prepared","Endless Agony+1","Bane+1"],"picked":"SKIP","floor":13},{"not_picked":["Endless Agony+1","Flying Knee+1"],"picked":"Skewer+1","floor":14}],"player_experience":869349,"relics_obtained":[{"floor":7,"key":"Orichalcum"},{"floor":9,"key":"Omamori"},{"floor":11,"key":"Letter Opener"},{"floor":13,"key":"Molten Egg 2"}],"event_choices":[{"damage_healed":0,"gold_gain":0,"player_choice":"Entered Light","damage_taken":20,"max_hp_gain":0,"max_hp_loss":0,"event_name":"Shining Light","floor":2,"gold_loss":0,"cards_upgraded":["Survivor","Defend_G"]},{"damage_healed":0,"gold_gain":0,"player_choice":"Success","damage_taken":11,"relics_obtained":["Nunchaku"],"max_hp_gain":0,"max_hp_loss":0,"event_name":"Scrap Ooze","floor":3,"gold_loss":0}],"is_beta":false,"boss_relics":[],"items_purged_floors":[8],"is_endless":false,"potions_floor_spawned":[1,7,10,11],"killed_by":"Hexaghost","ascension_level":20}}