{"host":"cyiefo55v5hz1ih5","time":1614065497,"event":{"mods":["2.2 Compatiblity","AchievementEnabler","Act Like it!","Arknights","BaseMod","Downfall","GifTheSpireLib","Hubris","Minty Spire (QoL Compilation)","Reliquary","Replay The Spire","Spicy Shops","StSLib","The Marked"],"gold_per_floor":[110,110,110,185,185,185,201,219,293,293,316,334,334,334,334,458,458,474,488,506,506,84,117,140,158,185,284,284,41,61,75,75,195,195,213,88,102,115,138,176,200,258,285,285,285,349,451,534,534,564,564,564,9,73,83],"floor_reached":56,"language":"ENG","playtime":10181,"items_purged":["Strike_G","Strike_G","Strike_G","hubris:Greed"],"score":1196,"play_id":"940f7317-8806-42d4-a28a-ecc568c9efcc","local_time":"20210223023137","is_ascension_mode":false,"campfire_choices":[{"floor":6,"key":"REST"},{"floor":13,"key":"REST"},{"floor":15,"key":"RECALL"},{"floor":28,"key":"REST"},{"floor":32,"key":"REST"},{"floor":44,"key":"REST"},{"floor":49,"key":"REST"},{"floor":52,"key":"REST"}],"circlet_count":0,"master_deck":["Defend_G","Defend_G","Defend_G","Defend_G","Defend_G","Survivor","Neutralize","Dagger Throw","Blade Dance","Envenom","Quick Slash+1","Infinite Blades","Blade Dance+1","Dagger Throw+1","hubris:Counter","Burst","Blade Dance+1","A Thousand Cuts","hubris:Sniper+1","ReplayTheSpireMod:Scrap Shanks","Accuracy+1"],"relics":["Fusion Hammer","Golden Idol","Kunai","Blue Candle","hubris:Spice","hubris:BottledRain","reliquary:PartyBalloon","TheAbacus","Cursed Key","Blue Doll","Replay:Bandana","Sling","reliquary:PrincelyHelmet"],"acts_visited":["Exordium","TheCity","TheBeyond","TheEnding"],"potions_floor_usage":[23,33,39,42,46,55,55],"damage_taken":[{"damage":0,"enemies":"ats:Genji","floor":1,"turns":4},{"damage":0,"enemies":"Small Slimes","floor":7,"turns":4},{"damage":0,"enemies":"2 Louse","floor":8,"turns":3},{"damage":0,"enemies":"Gremlin Gang","floor":11,"turns":5},{"damage":10,"enemies":"Exordium Wildlife","floor":12,"turns":8},{"damage":38,"enemies":"Slime Boss","floor":16,"turns":22},{"damage":10,"enemies":"Shell Parasite","floor":18,"turns":7},{"damage":0,"enemies":"Chosen","floor":19,"turns":6},{"damage":9,"enemies":"Snecko","floor":20,"turns":5},{"damage":37,"enemies":"Slavers","floor":23,"turns":8},{"damage":12,"enemies":"Shelled Parasite and Fungi","floor":24,"turns":5},{"damage":0,"enemies":"3 Cultists","floor":25,"turns":7},{"damage":0,"enemies":"Snecko","floor":30,"turns":5},{"damage":5,"enemies":"Centurion and Healer","floor":31,"turns":5},{"damage":20,"enemies":"Pondfish","floor":33,"turns":11},{"damage":1,"enemies":"3 Darklings","floor":35,"turns":5},{"damage":17,"enemies":"3 Shapes","floor":37,"turns":5},{"damage":19,"enemies":"3 Darklings","floor":38,"turns":5},{"damage":3,"enemies":"Writhing Mass","floor":39,"turns":6},{"damage":6,"enemies":"Reptomancer","floor":40,"turns":6},{"damage":0,"enemies":"Transient","floor":41,"turns":5},{"damage":15,"enemies":"2 Orb Walkers","floor":42,"turns":4},{"damage":13,"enemies":"Jaw Worm Horde","floor":46,"turns":3},{"damage":0,"enemies":"Mind Bloom Boss Battle","floor":47,"turns":3},{"damage":15,"enemies":"R_Hoarder","floor":48,"turns":5},{"damage":25,"enemies":"Replay:Hell Engine","floor":50,"turns":7},{"damage":17,"enemies":"Shield and Spear","floor":54,"turns":6},{"damage":47,"enemies":"The Heart","floor":55,"turns":7}],"seed_played":"2150310538109023255","potions_obtained":[{"floor":8,"key":"SmokeBomb"},{"floor":19,"key":"Poison Potion"},{"floor":20,"key":"bronze:BurnAndBuffPotion"},{"floor":24,"key":"Elixir"},{"floor":35,"key":"Fire Potion"},{"floor":37,"key":"Weak Potion"},{"floor":41,"key":"Milkshake"},{"floor":42,"key":"sneckomod:MuddlingPotion"},{"floor":54,"key":"Flashbang"}],"is_trial":false,"path_per_floor":["M","?","?","?","?","R","M","M","T","?","M","M","R","?","R","B",null,"M","M","M","?","$","E","M","M","T","?","R","$","M","M","R","B",null,"M","$","M","M","M","E","M","?","T","R","?","M","?","E","R","B",null,"R","$","E","B",null],"character_chosen":"THE_SILENT","items_purchased":["Infinite Blades","hubris:Spice","TheAbacus","Sling","reliquary:PrincelyHelmet"],"campfire_rested":7,"item_purchase_floors":[22,22,29,53,53],"current_hp_per_floor":[70,70,53,42,30,51,51,51,51,51,51,41,62,62,62,24,70,60,60,51,46,54,17,5,5,5,5,28,28,28,23,46,26,78,77,77,60,41,38,32,32,25,25,50,50,37,37,22,47,22,86,86,86,69,22],"gold":83,"neow_bonus":"BOSS_RELIC","is_daily":false,"chose_seed":false,"campfire_upgraded":0,"win_rate":0.0,"timestamp":1614065497,"path_taken":["M","?","?","?","?","R","M","?","T","?","M","M","R","?","R","BOSS","M","M","?","?","$","E","M","M","T","?","R","?","M","?","R","BOSS","M","$","?","M","M","E","M","?","T","R","?","M","?","E","R","BOSS","R","$","E","BOSS"],"items_purchased_type":["Card","Relic","Relic","Relic","Relic"],"build_version":"2020-12-22","purchased_purges":4,"victory":true,"max_hp_per_floor":[70,70,70,70,70,70,70,70,70,70,70,70,70,70,70,70,70,70,70,70,70,78,78,78,78,78,78,78,78,78,78,78,78,78,78,78,78,78,78,78,78,86,86,86,86,86,86,86,86,86,86,86,86,78,78],"card_choices":[{"not_picked":["Flying Knee","Skewer","Draining Mist"],"picked":"SKIP","floor":1},{"not_picked":["Backflip","Reflex"],"picked":"Dagger Throw","floor":7},{"not_picked":["Deflect","Bane","Dodge and Roll"],"picked":"SKIP","floor":8},{"not_picked":["hubris:SlightOfHand","Prepared","Deadly Poison"],"picked":"SKIP","floor":11},{"not_picked":["Envenom","Cloak And Dagger"],"picked":"Blade Dance","floor":12},{"not_picked":["Die Die Die","Glass Knife"],"picked":"Envenom","floor":16},{"not_picked":["Outmaneuver+1","Bouncing Flask","Expertise"],"picked":"SKIP","floor":18},{"not_picked":["Underhanded Strike+1","Deflect"],"picked":"Quick Slash+1","floor":19},{"not_picked":["Quick Slash","Outmaneuver","Acrobatics"],"picked":"SKIP","floor":20},{"not_picked":["Corpse Explosion","Backflip","Wraith Form v2"],"picked":"SKIP","floor":23},{"not_picked":["Dagger Throw","Deflect"],"picked":"Blade Dance+1","floor":24},{"not_picked":["ReplayTheSpireMod:Tripwire","Sucker Punch"],"picked":"Dagger Throw+1","floor":25},{"not_picked":["Leg Sweep+1","Skewer","Underhanded Strike"],"picked":"SKIP","floor":30},{"not_picked":["Dagger Throw","Envenom"],"picked":"hubris:Counter","floor":31},{"not_picked":["Envenom","Grand Finale"],"picked":"Burst","floor":33},{"not_picked":["Sucker Punch+1","Replay:Poison Smokescreen+1"],"picked":"Blade Dance+1","floor":35},{"not_picked":["Dodge and Roll+1","Toxin Wave+1","Riddle With Holes"],"picked":"SKIP","floor":37},{"not_picked":["Dodge and Roll","Riddle With Holes"],"picked":"A Thousand Cuts","floor":38},{"not_picked":["Poisoned Stab+1","Cloak And Dagger"],"picked":"hubris:Sniper+1","floor":39},{"not_picked":["Backflip+1","Underhanded Strike+1","Toxin Wave+1"],"picked":"SKIP","floor":40},{"not_picked":["Blur+1","hubris:SlightOfHand","Masterful Stab+1"],"picked":"SKIP","floor":41},{"not_picked":["Toxin Wave","Replay:Poison Smokescreen+1"],"picked":"ReplayTheSpireMod:Scrap Shanks","floor":42},{"not_picked":["Catalyst+1","hubris:SlightOfHand+1","Blade Dance+1"],"picked":"SKIP","floor":46},{"not_picked":["ReplayTheSpireMod:Necrosis","ReplayTheSpireMod:The Works+1"],"picked":"Accuracy+1","floor":47},{"not_picked":["hubris:SpiceAddiction","Dodge and Roll","Slice+1"],"picked":"SKIP","floor":48},{"not_picked":["Corpse Explosion","Accuracy+1","Underhanded Strike+1"],"picked":"SKIP","floor":54}],"player_experience":912371,"relics_obtained":[{"floor":23,"key":"hubris:BottledRain"},{"floor":26,"key":"reliquary:PartyBalloon"},{"floor":40,"key":"Blue Doll"},{"floor":42,"key":"hubris:Spice"},{"floor":43,"key":"Replay:Bandana"},{"floor":54,"key":"hubris:Spice"}],"event_choices":[{"damage_healed":0,"gold_gain":0,"player_choice":"Take Damage","damage_taken":17,"relics_obtained":["Golden Idol"],"max_hp_gain":0,"max_hp_loss":0,"event_name":"Golden Idol","floor":3,"gold_loss":0},{"damage_healed":0,"gold_gain":75,"player_choice":"Gather Gold","damage_taken":11,"max_hp_gain":0,"max_hp_loss":0,"event_name":"World of Goop","floor":4,"gold_loss":0},{"damage_healed":0,"gold_gain":0,"player_choice":"Success","damage_taken":12,"relics_obtained":["Kunai"],"max_hp_gain":0,"max_hp_loss":0,"event_name":"Scrap Ooze","floor":5,"gold_loss":0},{"damage_healed":0,"gold_gain":0,"player_choice":"Ignored","damage_taken":0,"max_hp_gain":0,"max_hp_loss":0,"event_name":"Liars Game","floor":10,"gold_loss":0},{"cards_removed":["Strike_G"],"damage_healed":0,"gold_gain":0,"player_choice":"Purged","damage_taken":0,"max_hp_gain":0,"max_hp_loss":0,"event_name":"Purifier","floor":14,"gold_loss":0},{"damage_healed":0,"gold_gain":99,"player_choice":"Stole From Cult","damage_taken":0,"max_hp_gain":0,"max_hp_loss":0,"event_name":"Nest","floor":27,"gold_loss":0},{"damage_healed":0,"gold_gain":0,"player_choice":"Fight","damage_taken":0,"max_hp_gain":0,"max_hp_loss":0,"event_name":"Mysterious Sphere","floor":42,"gold_loss":0},{"damage_healed":0,"gold_gain":0,"player_choice":"Ignored","damage_taken":0,"max_hp_gain":0,"max_hp_loss":0,"event_name":"Tomb of Lord Red Mask","floor":45,"gold_loss":0},{"damage_healed":0,"gold_gain":0,"player_choice":"Fight","damage_taken":0,"max_hp_gain":0,"max_hp_loss":0,"event_name":"MindBloom","floor":47,"gold_loss":0}],"is_beta":false,"boss_relics":[{"not_picked":["Pandora\u0027s Box","bronze:MakeshiftBattery","hubris:GrandSneckoEye"]},{"not_picked":["reliquary:WritOfMandamus","Runic Pyramid"],"picked":"Cursed Key"}],"items_purged_floors":[22,29,36,53],"is_endless":false,"potions_floor_spawned":[8,19,20,24,35,37,41,42,48,54],"ascension_level":0}}