{"host":"strpjp9enjjpooof","time":1614045611,"event":{"mods":["Aspiration","BaseMod","Better Altar","Better Match","Better Note","Better Sensory Stone","Better Skull","Better Third Choice","Colored Powertips","Conspire","Energized Spire","Force Act Four","GifTheSpireLib","Halation","Hubris","Lobotomy","Minty Spire (QoL Compilation)","Relic Filter Mod","Reliquary","Replay The Spire","Spicy Shops","Spikes Relics","StSLib","Stuff the Spire","The Blue Laboratory","Together in Spire"],"gold_per_floor":[112,137,10,10,10,27,53,53,78,78,93,127,77,97,177,189,187,187,187,44,44,77,277,348,368,445,470,483,494,494,595,595,608,624,163,163,20,51,68,100,149,149,161,44,59,59,59,59,59,59,530,564,564],"floor_reached":54,"language":"ENG","playtime":2701,"items_purged":[],"score":918,"play_id":"66f721d7-6dde-4675-969c-eb96efc983af","local_time":"20210222170011","is_ascension_mode":false,"campfire_choices":[{"data":"Apotheosis","floor":8.0,"key":"SMITH"},{"data":"Limit Break","floor":10.0,"key":"SMITH"},{"data":"Life Link","floor":21.0,"key":"SMITH"},{"data":"ReplayTheSpireMod:Private Reserves","floor":21.0,"key":"SMITH"},{"floor":30.0,"key":"RECALL"},{"data":"Bloodletting","floor":47.0,"key":"SMITH"},{"data":"Bloodletting","floor":47.0,"key":"SMITH"},{"data":"ReplayTheSpireMod:Private Reserves","floor":50.0,"key":"SMITH"},{"data":"Impervious","floor":50.0,"key":"SMITH"}],"circlet_count":0,"master_deck":["Strike_R","Strike_R","Strike_R","Strike_R","Strike_R","Defend_R","Defend_R+1","Defend_R","Defend_R+1","Bash","Cleave","Apotheosis+1","ReplayTheSpireMod:Private Reserves+1","ReplayTheSpireMod:Private Reserves+1","Thunderclap+1","Limit Break+1","Run Through+1","Life Link+1","Uppercut+1","Perfected Strike+1","Disarm","ReplayTheSpireMod:Limb From Limb+1","Pummel+1","Bloodletting+1","Impervious+1","Rage+1","Fiend Fire+1","Perfected Strike+1","Disarm","Flex","Sword Boomerang+1","Clash+1","Cleave+1","Twin Strike+1","Bloodletting+1","Pommel Strike+1","Double Tap"],"relics":["Burning Blood","aspiration:Nostalgia","Cracked Core","StuffTheSpire:Experiment12","ReplayTheSpireMod:ShopPack","hubris:Icosahedron","Molten Egg 2","War Paint","Omamori","Replay:Arrowhead","Runic Pyramid","MealTicket","halation:AfternoonTea","Bottled Lightning","Eternal Feather","Smiling Mask","aspiration:RunicSpoon","hubris:MedicalManual","reliquary:Boomerang","reliquary:Bookmark","hubris:Towel","Toy Ornithopter","Nunchaku","StuffTheSpire:Expresso","reliquary:RosewoodLute","hubris:FunFungus","aspiration:ChemicalBlood","Bronze Scales","Bottled Flame","hubris:SlimyHat"],"acts_visited":[],"potions_floor_usage":[53,53,53,53,53],"damage_taken":[{"damage":0.0,"enemies":"Cultist","floor":1.0,"turns":2.0},{"damage":0.0,"enemies":"2 Louse","floor":6.0,"turns":2.0},{"damage":0.0,"enemies":"Gremlin Nob","floor":7.0,"turns":2.0},{"damage":4.0,"enemies":"conspire:RoseBush","floor":11.0,"turns":1.0},{"damage":11.0,"enemies":"Lagavulin","floor":12.0,"turns":5.0},{"damage":0.0,"enemies":"Looter","floor":14.0,"turns":2.0},{"damage":24.0,"enemies":"Shell Parasite","floor":16.0,"turns":7.0},{"damage":0.0,"enemies":"2 Thieves","floor":17.0,"turns":2.0},{"damage":0.0,"enemies":"Gremlin Leader","floor":22.0,"turns":3.0},{"damage":0.0,"enemies":"Snake Plant","floor":25.0,"turns":2.0},{"damage":3.0,"enemies":"conspire:SneckoGhost","floor":27.0,"turns":3.0},{"damage":0.0,"enemies":"3 Cultists","floor":28.0,"turns":3.0},{"damage":1.0,"enemies":"Centurion and Healer","floor":29.0,"turns":3.0},{"damage":2.0,"enemies":"conspire:MysteriousRune","floor":31.0,"turns":5.0},{"damage":8.0,"enemies":"Orb Walker","floor":33.0,"turns":1.0},{"damage":42.0,"enemies":"3 Shapes","floor":34.0,"turns":2.0},{"damage":0.0,"enemies":"Giant Head","floor":38.0,"turns":5.0},{"damage":0.0,"enemies":"Transient","floor":39.0,"turns":1.0},{"damage":11.0,"enemies":"Reptomancer","floor":40.0,"turns":4.0},{"damage":6.0,"enemies":"Spire Growth","floor":43.0,"turns":2.0},{"damage":0.0,"enemies":"Jaw Worm Horde","floor":45.0,"turns":2.0},{"damage":44.0,"enemies":"Donu and Deca","floor":48.0,"turns":5.0},{"damage":0.0,"enemies":"Shield and Spear","floor":52.0,"turns":2.0},{"damage":66,"enemies":"The Heart","floor":53,"turns":4}],"seed_played":"-6826493043097679265","potions_obtained":[{"floor":7.0,"key":"SpeedPotion"},{"floor":12.0,"key":"Swift Potion"},{"floor":14.0,"key":"blueLaboratory:CorrosionFlask"},{"floor":17.0,"key":"blueLaboratory:IronCompound"},{"floor":31.0,"key":"BloodPotion"},{"floor":33.0,"key":"blueLaboratory:LouseDecoction"},{"floor":39.0,"key":"DistilledChaos"},{"floor":45.0,"key":"blueLaboratory:AbyssPotion"}],"is_trial":false,"path_per_floor":["M","T","$","?","?","M","E","R","T","R","M","E","?","M","R","M","M","?","?","$","R","E","?","T","M","T","E","M","M","R","B",null,"M","M","$","?","$","E","M","E","T","?","M","$","M","?","R","B",null,"R","$","E","B",null],"character_chosen":"IRONCLAD","items_purchased":["ReplayTheSpireMod:ShopPack","MealTicket","hubris:MedicalManual","reliquary:Boomerang","reliquary:Bookmark","Toy Ornithopter","hubris:FunFungus","Pommel Strike+1","aspiration:ChemicalBlood","Bronze Scales","Bottled Flame","LifebloodPotion"],"campfire_rested":0,"item_purchase_floors":[3,20,35,35,35,37,44,51,51,51,51,51],"current_hp_per_floor":[80,80,80,80,80,80,80,80,80,80,80,75,75,80,80,62,74,74,74,74,74,80,80,80,80,80,80,80,80,80,80,80,78,42,57,57,72,78,80,80,80,80,80,80,80,80,80,45,80,80,80,80,69],"gold":564,"neow_bonus":"NOSTALGIA","is_daily":false,"chose_seed":false,"campfire_upgraded":8,"win_rate":0.0,"timestamp":1614045611,"path_taken":["M","?","$","?","?","M","E","R","T","R","M","E","?","M","R","M","M","?","?","$","R","E","?","T","?","?","E","M","M","R","BOSS","M","M","$","?","$","E","M","E","T","?","M","?","M","?","R","BOSS","R","$","E","BOSS"],"items_purchased_type":["Relic","Relic","Relic","Relic","Relic","Relic","Relic","Card","Relic","Relic","Relic","Potion"],"build_version":"2020-12-22","purchased_purges":0,"victory":true,"max_hp_per_floor":[80,80,80,80,80,80,80,80,80,80,80,80,80,80,80,80,80,80,80,80,80,80,80,80,80,80,80,80,80,80,80,80,80,80,80,80,80,80,80,80,80,80,80,80,80,80,80,80,80,80,80,80,80],"card_choices":[{"not_picked":["StuffTheSpire:Slingshot","Abandon"],"picked":"Cleave","floor":1.0},{"not_picked":["Sadistic Nature","Feint"],"picked":"Apotheosis","floor":3.0},{"not_picked":["Swift Strike","Good Instincts"],"picked":"ReplayTheSpireMod:Private Reserves","floor":3.0},{"not_picked":["Replay:Parry","Forethought"],"picked":"ReplayTheSpireMod:Private Reserves","floor":3.0},{"not_picked":["Cleave+1","Defy Death"],"picked":"Thunderclap+1","floor":6.0},{"not_picked":["Evolve","Havoc"],"picked":"Limit Break","floor":7.0},{"not_picked":["conspire:Charge+1","ReplayTheSpireMod:Corrosion Curse"],"picked":"Run Through+1","floor":11.0},{"not_picked":["Defy Death","Run Through+1"],"picked":"Life Link","floor":12.0},{"not_picked":["Pommel Strike+1","Run Through+1"],"picked":"Uppercut+1","floor":14.0},{"not_picked":["Replay:Undeath\u0027s Touch+1","StuffTheSpire:Slingshot+1"],"picked":"Perfected Strike+1","floor":16.0},{"not_picked":["StuffTheSpire:Resist+1","Second Wind+1"],"picked":"Disarm","floor":17.0},{"not_picked":["StuffTheSpire:RockThrow+1","Shrug It Off"],"picked":"ReplayTheSpireMod:Limb From Limb+1","floor":22.0},{"not_picked":["hubris:SharpeningStone+1","Body Slam+1"],"picked":"Pummel+1","floor":25.0},{"not_picked":["Whirlwind+1","StuffTheSpire:RagingBull+1"],"picked":"Bloodletting","floor":27.0},{"not_picked":["Replay:Undeath\u0027s Touch+1","Headbutt+1"],"picked":"Impervious","floor":28.0},{"not_picked":["StuffTheSpire:RockThrow+1","hubris:SharpeningStone"],"picked":"Rage+1","floor":29.0},{"not_picked":["Demon Form","conspire:HitWhereItHurts+1"],"picked":"Fiend Fire+1","floor":31.0},{"not_picked":["Replay:Undeath\u0027s Touch+1","StuffTheSpire:Slingshot+1"],"picked":"Perfected Strike+1","floor":33.0},{"not_picked":["StuffTheSpire:Resist+1","Second Wind+1"],"picked":"Disarm","floor":34.0},{"not_picked":["Clothesline+1","Anger+1"],"picked":"Flex","floor":38.0},{"not_picked":["StuffTheSpire:RockThrow+1","ReplayTheSpireMod:Limb From Limb+1"],"picked":"Sword Boomerang+1","floor":39.0},{"not_picked":["Headbutt+1","Warcry"],"picked":"Clash+1","floor":40.0},{"not_picked":["Iron Wave+1","Warcry"],"picked":"Cleave+1","floor":43.0},{"not_picked":["StuffTheSpire:TitanForm","Iron Wave+1"],"picked":"Twin Strike+1","floor":45.0},{"not_picked":["Clash+1","Hemokinesis+1"],"picked":"Double Tap","floor":52.0}],"player_experience":173889,"relics_obtained":[{"floor":2.0,"key":"StuffTheSpire:Experiment12"},{"floor":7.0,"key":"War Paint"},{"floor":9.0,"key":"Omamori"},{"floor":12.0,"key":"Replay:Arrowhead"},{"floor":22.0,"key":"halation:AfternoonTea"},{"floor":24.0,"key":"Bottled Lightning"},{"floor":26.0,"key":"Eternal Feather"},{"floor":27.0,"key":"Smiling Mask"},{"floor":38.0,"key":"Nunchaku"},{"floor":40.0,"key":"StuffTheSpire:Expresso"},{"floor":41.0,"key":"reliquary:RosewoodLute"},{"floor":52.0,"key":"hubris:SlimyHat"}],"event_choices":[{"cards_removed":["Injury"],"damage_healed":0.0,"max_hp_gain":0.0,"max_hp_loss":0.0,"gold_gain":0.0,"event_name":"The Cleric","player_choice":"Card Removal","floor":13.0,"gold_loss":50.0,"damage_taken":0.0},{"damage_healed":0.0,"max_hp_gain":0.0,"max_hp_loss":0.0,"gold_gain":0.0,"event_name":"Wheel of Change","player_choice":"Cursed","floor":18.0,"gold_loss":0.0,"damage_taken":0.0,"cards_obtained":["Decay"]},{"damage_healed":0.0,"max_hp_gain":0.0,"max_hp_loss":0.0,"gold_gain":0.0,"event_name":"betterNote:BetterNote","player_choice":"Ignored","floor":19.0,"gold_loss":0.0,"damage_taken":0.0,"cards_obtained":["Injury"]},{"damage_healed":0.0,"max_hp_gain":0.0,"max_hp_loss":0.0,"gold_gain":250.0,"event_name":"The Joust","player_choice":"Bet on Owner","floor":23.0,"gold_loss":50.0,"damage_taken":0.0}],"is_beta":false,"boss_relics":[{"not_picked":["Empty Cage","halation:HeavySnake"],"picked":"aspiration:RunicSpoon"}],"items_purged_floors":[],"is_endless":false,"potions_floor_spawned":[7,12,14,16,17,31,33,39,43,45],"ascension_level":0}}