{"host":"2lvuisjyit3p3u01","time":1614101007,"event":{"mods":["Act Like it!","BaseMod","Bestiary","Better Synergies","Bossed Relics","CapriCore","Colored Map","Colored Powertips","GifTheSpireLib","Library of Ruina","Minty Spire (QoL Compilation)","Quick Restart","Replay The Spire","Ruina","StSLib"],"gold_per_floor":[112,130,130,146,163,163,195,195,222,222,222,0,0,0,0,96,96,106,6,23,23,23,54,54,66,92,112,112,132,145,161,161,263,263,273,1272,1296,785,785,785,796,796,821,308,308,325,325,335,335,335],"floor_reached":51,"language":"ENG","playtime":4046,"items_purged":["LightAttack","Normality","Normality"],"score":540,"play_id":"a9812a77-f406-4f81-9c11-3eddccd655b1","local_time":"20210223192327","is_ascension_mode":false,"campfire_choices":[{"data":"ChargeAndCover","floor":6,"key":"SMITH"},{"data":"UpbeatPerformance","floor":8,"key":"SMITH"},{"data":"FocusedStrikes","floor":10,"key":"SMITH"},{"data":"Dodge","floor":13,"key":"SMITH"},{"floor":15,"key":"REST"},{"floor":28,"key":"REST"},{"floor":32,"key":"REST"},{"data":"UnforgettableMelody","floor":40,"key":"SMITH"},{"data":"GreatSerpentsImpact","floor":45,"key":"SMITH"},{"data":"FormingStorm","floor":49,"key":"SMITH"}],"circlet_count":0,"master_deck":["Dodge+1","LightDefense+1","LightDefense","LightDefense","ChargeAndCover+1","FocusedStrikes+1","SpearedSweep+1","Pound","UpbeatPerformance+1","Pound","FormingStorm+1","SilentNight","TrimTheIngredients","BattleCommand+1","LawAndOrder","SpearedSweep","Thrust","UnforgettableMelody+1","GreatSerpentsImpact+1","Diversion","Parry2+1"],"relics":["PageOfLibrarian","Replay:Baseball","Strawberry","MealTicket","Empty Cage","ruina:PrescriptsGrace","Gremlin Food","PageOfPorccubus","Pandora\u0027s Box","Juzu Bracelet","PageOfSnowWhitesApple","ReplayFunnel","PageOfSingingMachine","Membership Card","PageOfHappyTeddyBear","Bronze Scales","Bottled Lightning"],"acts_visited":["Exordium","ruina:Briah","TheBeyond"],"potions_floor_usage":[7,7,16,29,29,33,33,33,50,50],"damage_taken":[{"damage":0,"enemies":"Cultist","floor":1,"turns":4},{"damage":0,"enemies":"Small Slimes","floor":2,"turns":3},{"damage":0,"enemies":"2 Louse","floor":4,"turns":1},{"damage":3,"enemies":"Large Slime","floor":5,"turns":4},{"damage":6,"enemies":"Lagavulin","floor":7,"turns":3},{"damage":15,"enemies":"Fading Forest","floor":16,"turns":11},{"damage":14,"enemies":"ruina:3_Bats","floor":18,"turns":3},{"damage":20,"enemies":"ruina:Nosferatu","floor":20,"turns":3},{"damage":26,"enemies":"ruina:ServantOfWrath","floor":23,"turns":5},{"damage":29,"enemies":"ruina:KingOfGreed","floor":25,"turns":4},{"damage":7,"enemies":"ruina:QueenOfHate","floor":27,"turns":3},{"damage":11,"enemies":"ruina:KnightOfDespair","floor":29,"turns":5},{"damage":7,"enemies":"ruina:KingOfGreed","floor":30,"turns":3},{"damage":14,"enemies":"ruina:3_Scarecrows","floor":31,"turns":3},{"damage":36,"enemies":"ruina:Red_and_Wolf","floor":33,"turns":6},{"damage":0,"enemies":"3 Darklings","floor":35,"turns":2},{"damage":12,"enemies":"Orb Walker","floor":41,"turns":2},{"damage":0,"enemies":"3 Darklings","floor":46,"turns":2},{"damage":0,"enemies":"Sphere and 2 Shapes","floor":48,"turns":2},{"damage":14,"enemies":"Replay:Hell Engine","floor":50,"turns":5}],"seed_played":"8590690870525933441","potions_obtained":[{"floor":0,"key":"SmokeBomb"},{"floor":0,"key":"Block Potion"},{"floor":0,"key":"GamblersBrew"},{"floor":2,"key":"PowerPotion"},{"floor":20,"key":"Explosive Potion"},{"floor":27,"key":"EssenceOfSteel"},{"floor":29,"key":"BlessingOfTheForge"},{"floor":30,"key":"FearPotion"},{"floor":31,"key":"BlessingOfTheForge"}],"is_trial":false,"path_per_floor":["M","M","?","M","M","R","E","R","T","R","?","$","R","?","R","B",null,"M","?","M","$","?","E","?","M","T","M","R","M","M","M","R","B",null,"M","?","T","$","?","R","M","?","T","$","R","M","T","M","R","B",null],"character_chosen":"Librarian","items_purchased":["MealTicket","PageOfSnowWhitesApple","SmokeBomb","ReplayFunnel","Membership Card","PageOfHappyTeddyBear","Bronze Scales","DistilledChaos","LiquidMemories"],"campfire_rested":3,"item_purchase_floors":[12,38,38,38,44,44,44,44,44],"current_hp_per_floor":[60,60,60,60,57,57,51,51,58,58,51,51,51,48,71,66,96,82,82,62,77,77,51,51,22,22,17,42,33,28,18,43,21,84,84,84,84,84,84,84,72,72,72,81,81,81,81,81,81,69],"gold":335,"neow_bonus":"THREE_SMALL_POTIONS","is_daily":false,"chose_seed":false,"campfire_upgraded":7,"win_rate":0.0,"timestamp":1614101007,"path_taken":["M","?","?","M","M","R","E","R","T","R","?","$","R","?","R","BOSS","M","?","?","?","?","E","?","M","T","M","R","?","M","?","R","BOSS","M","?","?","$","?","R","M","?","T","$","R","M","?","M","R","BOSS"],"items_purchased_type":["Relic","Relic","Potion","Relic","Relic","Relic","Relic","Potion","Potion"],"build_version":"2020-12-22","purchased_purges":3,"victory":true,"max_hp_per_floor":[77,78,78,78,62,77,71,71,78,78,78,78,78,78,78,96,96,96,96,96,96,96,96,96,96,96,96,84,84,84,84,84,84,84,84,84,84,84,84,84,81,81,81,81,81,81,81,81,81,81],"card_choices":[{"not_picked":["WillOfThePrescript","Struggle","AutomatedMovement","NightInTheBackstreets","EndlessBattle","DarkCloud","Multislash","GuidanceOfTheGears"],"picked":"SpearedSweep","floor":1},{"not_picked":["CoordinatedAssault","Cruelty","GreatSerpentsImpact","Parry2","UnavoidableGaze","AsThePrescriptOrders","PinpointShot","BizarreAttack"],"picked":"Pound","floor":2},{"not_picked":["SharpNails","IdentifyWeakpoint","GutHarvesting","StructuralAnalysis","StrikeDown","GuardingStance","Tailoring","Multislash"],"picked":"UpbeatPerformance","floor":4},{"not_picked":["SetFire","RushDown","Wallop_lor","CoordinatedAssault","TasteMyFlamingBat","MultiHit","Parry","Brawl"],"picked":"Pound","floor":5},{"not_picked":["CutIn","WillOfThePrescript","Outburst","SetFire","RepressedFlesh","SparkingSpear","HighKick","SearingSword","UnavoidableGaze"],"picked":"SKIP","floor":7},{"not_picked":["Tttonst","Commandeering"],"picked":"FormingStorm","floor":16},{"not_picked":["Deflect_lor","Rewind","SharpSwipe","OpportunitySpotted+1","BackAttack+1","Track","GuardingStance","ToOvercomeCrisis","Standoff"],"picked":"SKIP","floor":18},{"not_picked":["RipSpace","FlamingDragonFist","RepressedFlesh","TieShanKao","EmotionalTurbulence","MirageStorm","TrashDisposal","BlazingStrike"],"picked":"SilentNight","floor":19},{"not_picked":["WillOfThePrescript","GuidanceOfTheGears","Rewind","Wallop_lor","Multislash+1","PreemptiveStrike","SharpSwipe","CoordinatedAssault+1"],"picked":"TrimTheIngredients","floor":20},{"not_picked":["TieShanKao","Thrust","Duel_lor","Track","SpearedSweep","DarkCloud+1","Parry","EnergyStrike"],"picked":"BattleCommand","floor":23},{"not_picked":["Creak+1","SuppressingShot+1","Reload","Thrust","SpearedSweep+1","Ripple","Deflect_lor","StartinOutLightly"],"picked":"LawAndOrder","floor":25},{"not_picked":["FendThisOffIfYouCan","AbsorbImpact+1","WillOfThePrescript","TheArtOfRapidSteps+1","FleetFootsteps","WrathOfTorment","EnergyStrike","Quickness","Track+1"],"picked":"SKIP","floor":27},{"not_picked":["Decapitation","StructuralAnalysis","MindWhip","SummaryJudgment+1","YouOnlyLiveOnce","EndlessBattle","FierceCharge","Thrust","Wallop_lor"],"picked":"SKIP","floor":29},{"not_picked":["SnakesPrey+1","MultiHit","BackAttack","Marionette+1","BayonetCombat+1","Collision+1","DriedUp+1","ShrineToMusic"],"picked":"SpearedSweep","floor":30},{"not_picked":["ConcentratedFire+1","MultiBlock","StrongStrike","SmokingPipe","Pound","Leap_lor","SnakesPrey+1","StructuralAnalysis"],"picked":"Thrust","floor":31},{"not_picked":["SenseQuarry","BoundaryOfDeath"],"picked":"UnforgettableMelody","floor":33},{"not_picked":["MultiHit","CumulusWall+1","PreemptiveStrike+1","MultiBlock+1","DefenseOrder","ViolentFlame+1","FleetFootsteps","Multislash+1"],"picked":"GreatSerpentsImpact","floor":35},{"not_picked":["SunsetBlade+1","DarkCloud+1","Outburst+1","HeavyPeaks","MindWhip+1","YouOnlyLiveOnce","NightInTheBackstreets","DestructiveImpact"],"picked":"Diversion","floor":41},{"not_picked":["SuppressingShot","DesperateStruggle","GreatSerpentsImpact+1","QuickAttack+1","UpbeatPerformance","Creak+1","WillOfThePrescript","Parry2","HiddenBlade+1"],"picked":"SKIP","floor":46},{"not_picked":["SpearedSweep","ScratchThat","SnakesPrey+1","HighKick+1","ScatteringSlash","Crush+1","DirtyBlow","SmokingPipe"],"picked":"Parry2+1","floor":48}],"player_experience":213647,"relics_obtained":[{"floor":7,"key":"Replay:Baseball"},{"floor":9,"key":"Strawberry"},{"floor":23,"key":"Gremlin Food"},{"floor":26,"key":"PageOfPorccubus"},{"floor":37,"key":"Juzu Bracelet"},{"floor":43,"key":"PageOfSingingMachine"},{"floor":47,"key":"Bottled Lightning"}],"event_choices":[{"damage_healed":0,"gold_gain":0,"player_choice":"Grow","damage_taken":0,"max_hp_gain":0,"max_hp_loss":0,"event_name":"Living Wall","floor":3,"gold_loss":0,"cards_upgraded":["SpearedSweep"]},{"cards_removed":["LightAttack"],"damage_healed":0,"gold_gain":0,"player_choice":"Card Removal","damage_taken":7,"max_hp_gain":0,"max_hp_loss":0,"event_name":"Golden Wing","floor":11,"gold_loss":0},{"damage_healed":0,"gold_gain":0,"player_choice":"Fled","damage_taken":3,"max_hp_gain":0,"max_hp_loss":0,"event_name":"Scrap Ooze","floor":14,"gold_loss":0},{"damage_healed":0,"gold_gain":999,"player_choice":"Gold","damage_taken":0,"max_hp_gain":0,"max_hp_loss":0,"event_name":"MindBloom","floor":36,"gold_loss":0,"cards_obtained":["Normality","Normality"]},{"damage_healed":0,"gold_gain":0,"player_choice":"Ignored","damage_taken":0,"max_hp_gain":0,"max_hp_loss":0,"event_name":"Mysterious Sphere","floor":42,"gold_loss":0}],"is_beta":false,"boss_relics":[{"not_picked":["Velvet Choker","Fusion Hammer"],"picked":"Empty Cage"},{"not_picked":["Painkiller Herb","Replay:Wanted Poster"],"picked":"Pandora\u0027s Box"}],"items_purged_floors":[12,38,44],"is_endless":false,"potions_floor_spawned":[2,4,20,27,29,30,31],"ascension_level":0}}