{"host":"xo0glkmxta74xh34","time":1614115633,"event":{"mods":["BaseMod","Downfall","Minty Spire (QoL Compilation)","Reliquary","Replay The Spire","StSLib"],"gold_per_floor":[20,35,35,110,110,110,144,144,144,144,155,170,184,202,202,306,306,325,340,138,138,138,172,187,212,235,249,259,259,273,287,287,390,390,402,302,352,98,116,141,151,151,151,186,186,198,198,209,209,209,209,209,44,44,44],"floor_reached":54,"language":"ENG","playtime":2660,"items_purged":["Strike_G","Strike_G+1"],"score":991,"play_id":"3b396d5d-4faa-4fe5-b050-72815f1ad4c6","local_time":"20210223152713","is_ascension_mode":false,"campfire_choices":[{"floor":6.0,"key":"REST"},{"floor":10.0,"key":"REST"},{"floor":15.0,"key":"REST"},{"data":"Bullet Time","floor":32.0,"key":"SMITH"},{"floor":42.0,"key":"REST"},{"floor":47.0,"key":"REST"},{"floor":49.0,"key":"RECALL"},{"data":"Burst","floor":52,"key":"SMITH"}],"circlet_count":0,"master_deck":["Strike_G+1","Defend_G+1","Defend_G+1","Defend_G+1","Defend_G+1","Defend_G+1","Survivor","Neutralize","Poisoned Stab","Poison Darts","Well Laid Plans","Dash","Bullet Time+1","Poisoned Stab","PiercingWail+1","Toxin Wave+1","Noxious Fumes","Venomology","Bouncing Flask+1","Poison Darts","Burst+1","Bullet Time","Noxious Fumes+1","Finisher","Sneak Up","Fluid Movement","Dash"],"relics":["Ring of the Snake","Snake Skull","Ring of Misfortune","Ring of Panic","White Beast Statue","reliquary:Vitrine","reliquary:Aerogel","bronze:MakeshiftBattery","StoneCalendar","Ice Cream","Slimebound:StickyStick","reliquary:ThirdArm","Basket Of Snakes","Blue Candle","Mummified Hand","Mercury Hourglass"],"acts_visited":["Exordium","TheCity","TheBeyond","TheEnding"],"potions_floor_usage":[50,50,50,50],"damage_taken":[{"damage":2.0,"enemies":"Small Slimes","floor":1.0,"turns":5.0},{"damage":0.0,"enemies":"Jaw Worm","floor":2.0,"turns":4.0},{"damage":50.0,"enemies":"Gremlin Nob","floor":7.0,"turns":6.0},{"damage":0.0,"enemies":"2 Louse","floor":11.0,"turns":3.0},{"damage":1.0,"enemies":"Exordium Thugs","floor":12.0,"turns":5.0},{"damage":0.0,"enemies":"3 Louse","floor":13.0,"turns":2.0},{"damage":0.0,"enemies":"Gremlin Gang","floor":14.0,"turns":3.0},{"damage":27.0,"enemies":"Slime Boss","floor":16.0,"turns":8.0},{"damage":0.0,"enemies":"3 Byrds","floor":18.0,"turns":4.0},{"damage":0.0,"enemies":"Spheric Guardian","floor":19.0,"turns":3.0},{"damage":0.0,"enemies":"Replay:Snechameleon","floor":23.0,"turns":4.0},{"damage":1.0,"enemies":"Snecko","floor":24.0,"turns":4.0},{"damage":0.0,"enemies":"Slavers","floor":25.0,"turns":4.0},{"damage":2.0,"enemies":"Centurion and Healer","floor":27.0,"turns":4.0},{"damage":0.0,"enemies":"Chosen and Byrds","floor":28.0,"turns":2.0},{"damage":0.0,"enemies":"Snake Plant","floor":30.0,"turns":2.0},{"damage":0.0,"enemies":"Snecko","floor":31.0,"turns":3.0},{"damage":28.0,"enemies":"Pondfish","floor":33.0,"turns":7.0},{"damage":0.0,"enemies":"3 Darklings","floor":35.0,"turns":3.0},{"damage":0.0,"enemies":"Mind Bloom Boss Battle","floor":37.0,"turns":6.0},{"damage":3.0,"enemies":"Orb Walker","floor":39.0,"turns":3.0},{"damage":33.0,"enemies":"Nemesis","floor":40.0,"turns":5.0},{"damage":4.0,"enemies":"4 Shapes","floor":41.0,"turns":3.0},{"damage":20.0,"enemies":"Reptomancer","floor":44.0,"turns":5.0},{"damage":0.0,"enemies":"Sphere and 2 Shapes","floor":46.0,"turns":3.0},{"damage":5.0,"enemies":"Maw","floor":48.0,"turns":3.0},{"damage":28,"enemies":"Awakened One","floor":50,"turns":9},{"damage":75,"enemies":"Shield and Spear","floor":54,"turns":3}],"seed_played":"-5605201735371314190","potions_obtained":[{"floor":11.0,"key":"DistilledChaos"},{"floor":12.0,"key":"Slimebound:ThreeZeroPotion"},{"floor":13.0,"key":"Dexterity Potion"},{"floor":14.0,"key":"AttackPotion"},{"floor":16.0,"key":"hexamod:SoulburnPotion"},{"floor":18.0,"key":"Dexterity Potion"},{"floor":23.0,"key":"Regen Potion"},{"floor":30.0,"key":"ColorlessPotion"},{"floor":33.0,"key":"Swift Potion"},{"floor":35.0,"key":"Poison Potion"},{"floor":37.0,"key":"PowerPotion"},{"floor":40.0,"key":"Poison Potion"},{"floor":41.0,"key":"Explosive Potion"},{"floor":44.0,"key":"Death Potion"},{"floor":46.0,"key":"PowerPotion"},{"floor":48.0,"key":"SkillPotion"}],"is_trial":false,"path_per_floor":["M","M","?","?","?","R","E","T","T","R","M","M","M","M","R","B",null,"M","M","$","?","?","E","M","E","T","M","M","$","M","M","R","B",null,"M","$","?","$","M","E","M","R","T","E","?","M","R","M","R","B",null,"R","$","E"],"character_chosen":"THE_SILENT","items_purchased":["Toxin Wave+1","Noxious Fumes","Blue Candle","Fluid Movement","Dash","SpeedPotion"],"campfire_rested":5,"item_purchase_floors":[20,20,38,53,53,53],"current_hp_per_floor":[68,68,50,39,39,60,10,10,10,31,31,30,30,30,51,24,70,70,70,70,70,70,70,69,69,69,67,67,67,67,70,70,42,70,70,70,70,70,67,34,30,51,51,31,31,31,52,47,47,19,70,70,70,0,0],"gold":44,"neow_bonus":"THREE_RARE_CARDS","is_daily":false,"chose_seed":false,"campfire_upgraded":2,"win_rate":0.0,"timestamp":1614115633,"path_taken":["M","M","?","?","?","R","E","?","T","R","M","M","M","M","R","BOSS","M","M","$","?","?","E","M","E","T","M","?","$","M","?","R","BOSS","M","$","?","$","M","E","M","R","T","E","?","?","R","M","R","BOSS","R","$","E"],"items_purchased_type":["Card","Card","Relic","Card","Card","Potion"],"build_version":"2020-12-22","purchased_purges":2,"victory":false,"max_hp_per_floor":[70,70,70,70,70,70,70,70,70,70,70,70,70,70,70,70,70,70,70,70,70,70,70,70,70,70,70,70,70,70,70,70,70,70,70,70,70,70,70,70,70,70,70,70,70,70,70,70,70,70,70,70,70,70,70],"card_choices":[{"not_picked":["Burst","Glass Knife"],"picked":"ReplayTheSpireMod:Necrosis","floor":0.0},{"not_picked":["Cloak And Dagger","Acrobatics"],"picked":"Poisoned Stab","floor":1.0},{"not_picked":["Deadly Poison","Sucker Punch","Blade Dance"],"picked":"SKIP","floor":2.0},{"not_picked":["Dodge and Roll","Expertise","Heel Hook"],"picked":"SKIP","floor":7.0},{"not_picked":["Outmaneuver","Finisher","Reflex"],"picked":"SKIP","floor":11.0},{"not_picked":["Deadly Poison","Dagger Spray"],"picked":"Poison Darts","floor":12.0},{"not_picked":["Cloak And Dagger","Prepared"],"picked":"Well Laid Plans","floor":13.0},{"not_picked":["Flying Knee","Sucker Punch"],"picked":"Dash","floor":14.0},{"not_picked":["Doppelganger","Malaise"],"picked":"Bullet Time","floor":16.0},{"not_picked":["Underhanded Strike","Setup"],"picked":"Poisoned Stab","floor":18.0},{"not_picked":["Slice","Backflip+1"],"picked":"PiercingWail+1","floor":19.0},{"not_picked":["Distraction+1","Draining Mist+1"],"picked":"Venomology","floor":23.0},{"not_picked":["Poisoned Stab","Hidden Blade"],"picked":"Bouncing Flask+1","floor":24.0},{"not_picked":["Heel Hook","Calculated Gamble"],"picked":"Poison Darts","floor":25.0},{"not_picked":["Calculated Gamble","Bane","Underhanded Strike"],"picked":"SKIP","floor":27.0},{"not_picked":["Backflip","Eviscerate","Slice"],"picked":"SKIP","floor":28.0},{"not_picked":["Hidden Blade","Slice","Finisher"],"picked":"SKIP","floor":30.0},{"not_picked":["Terror","Quick Slash+1","Blade Dance"],"picked":"SKIP","floor":31.0},{"not_picked":["Storm of Steel","Tools of the Trade"],"picked":"Burst","floor":33.0},{"not_picked":["Endless Agony+1","Hidden Blade+1","Slice+1"],"picked":"SKIP","floor":35.0},{"not_picked":["Dagger Spray","Outmaneuver","Poisoned Stab+1"],"picked":"SKIP","floor":39.0},{"not_picked":["Malaise","Slice+1"],"picked":"Bullet Time","floor":40.0},{"not_picked":["Backflip+1","PiercingWail","ReplayTheSpireMod:The Works+1"],"picked":"SKIP","floor":41.0},{"not_picked":["Infinite Blades","Flying Knee+1"],"picked":"Noxious Fumes+1","floor":44.0},{"not_picked":["All Out Attack","Dagger Spray"],"picked":"Sneak Up","floor":46.0},{"not_picked":["Prepared+1","Bane+1","Unload"],"picked":"SKIP","floor":48.0}],"player_experience":546108,"relics_obtained":[{"floor":5.0,"key":"Ring of Misfortune"},{"floor":5.0,"key":"Ring of Panic"},{"floor":7.0,"key":"White Beast Statue"},{"floor":8.0,"key":"reliquary:Vitrine"},{"floor":9.0,"key":"reliquary:Aerogel"},{"floor":23.0,"key":"StoneCalendar"},{"floor":25.0,"key":"Ice Cream"},{"floor":26.0,"key":"Slimebound:StickyStick"},{"floor":37.0,"key":"Basket Of Snakes"},{"floor":40.0,"key":"Mummified Hand"},{"floor":44.0,"key":"Mercury Hourglass"}],"event_choices":[{"damage_healed":0.0,"max_hp_gain":0.0,"max_hp_loss":0.0,"gold_gain":0.0,"event_name":"Scrap Ooze","player_choice":"Success","floor":3.0,"gold_loss":0.0,"damage_taken":18.0,"relics_obtained":["Snake Skull"]},{"damage_healed":0.0,"max_hp_gain":0.0,"max_hp_loss":0.0,"gold_gain":75.0,"event_name":"World of Goop","player_choice":"Gather Gold","floor":4.0,"gold_loss":0.0,"damage_taken":11.0},{"damage_healed":0.0,"max_hp_gain":0.0,"max_hp_loss":0.0,"gold_gain":0.0,"event_name":"Back to Basics","player_choice":"Simplicity","floor":21.0,"gold_loss":0.0,"damage_taken":0.0,"cards_upgraded":["Strike_G","Strike_G","Strike_G","Strike_G","Defend_G","Defend_G","Defend_G","Defend_G","Defend_G"]},{"cards_removed":["Strike_G"],"damage_healed":0.0,"max_hp_gain":0.0,"max_hp_loss":0.0,"gold_gain":0.0,"event_name":"Bonfire Elementals","player_choice":"Offered Basic","floor":22.0,"gold_loss":0.0,"damage_taken":0.0},{"damage_healed":0.0,"max_hp_gain":0.0,"max_hp_loss":0.0,"gold_gain":0.0,"event_name":"MindBloom","player_choice":"Fight","floor":37.0,"gold_loss":0.0,"damage_taken":0.0},{"damage_healed":0.0,"max_hp_gain":0.0,"max_hp_loss":0.0,"gold_gain":0.0,"cards_transformed":["Strike_G"],"event_name":"Transmorgrifier","player_choice":"Transformed","floor":45.0,"gold_loss":0.0,"damage_taken":0.0,"cards_obtained":["Finisher"]}],"is_beta":false,"boss_relics":[{"not_picked":["Runic Dome","reliquary:RedCape"],"picked":"bronze:MakeshiftBattery"},{"not_picked":["Replay:Bronze Core","WristBlade"],"picked":"reliquary:ThirdArm"}],"items_purged_floors":[20,36],"is_endless":false,"potions_floor_spawned":[11,12,13,14,16,18,19,23,24,25,27,28,30,31,33,35,37,39,40,41,44,46,48],"killed_by":"Shield and Spear","ascension_level":0}}