{"host":"7wi4qgm5yw4j7oz0","time":1614091053,"event":{"mods":["AchievementEnabler","BaseMod","Block Reminder","Colored Map","Colored Powertips","Highlight Path","Minty Spire (QoL Compilation)","Permanent Neow","Random Character Button","StSLib","SuperFastMode","everything is the same but u backflip on backflip"],"gold_per_floor":[118,129,139,22,22,49,49,49,74,46,46,62,62,78,78,156,156,175,75,87,105,117,117,117,117],"floor_reached":24,"language":"KOR","playtime":952,"items_purged":["Strike_R","Strike_R"],"score":366,"play_id":"2503c4f3-bf14-40ac-a4a2-f776bfd2809e","local_time":"20210223233733","is_ascension_mode":true,"campfire_choices":[{"floor":8.0,"key":"REST"},{"data":"True Grit","floor":11.0,"key":"SMITH"},{"data":"Barricade","floor":13.0,"key":"SMITH"},{"data":"Inflame","floor":15.0,"key":"SMITH"},{"data":"Pommel Strike","floor":23.0,"key":"SMITH"}],"circlet_count":0,"master_deck":["AscendersBane","Strike_R","Strike_R","Strike_R","Defend_R","Defend_R","Defend_R","Defend_R","Bash+1","Pommel Strike+1","Inflame+1","Clothesline","Disarm","Barricade+1","Iron Wave","True Grit+1","Dropkick","Second Wind","Corruption","Dark Embrace","Sentinel"],"relics":["Burning Blood","Anchor","Vajra","Snecko Eye"],"acts_visited":["Exordium","TheCity"],"potions_floor_usage":[24],"damage_taken":[{"damage":23.0,"enemies":"Small Slimes","floor":1.0,"turns":4.0},{"damage":6.0,"enemies":"Cultist","floor":2.0,"turns":3.0},{"damage":1.0,"enemies":"2 Louse","floor":3.0,"turns":2.0},{"damage":37.0,"enemies":"Lagavulin","floor":6.0,"turns":9.0},{"damage":10.0,"enemies":"2 Fungi Beasts","floor":12.0,"turns":4.0},{"damage":7.0,"enemies":"Looter","floor":14.0,"turns":3.0},{"damage":37.0,"enemies":"Slime Boss","floor":16.0,"turns":10.0},{"damage":0.0,"enemies":"2 Thieves","floor":18.0,"turns":3.0},{"damage":30.0,"enemies":"Spheric Guardian","floor":20.0,"turns":5.0},{"damage":7.0,"enemies":"Shelled Parasite and Fungi","floor":21.0,"turns":3.0},{"damage":0.0,"enemies":"Chosen and Byrds","floor":22.0,"turns":4.0},{"damage":47,"enemies":"Slavers","floor":24,"turns":3}],"seed_played":"-3489418392803432328","potions_obtained":[{"floor":2.0,"key":"SkillPotion"},{"floor":3.0,"key":"Explosive Potion"},{"floor":14.0,"key":"Explosive Potion"},{"floor":16.0,"key":"EntropicBrew"},{"floor":21.0,"key":"Block Potion"},{"floor":22.0,"key":"SpeedPotion"}],"is_trial":false,"path_per_floor":["M","M","M","$","?","E","$","R","T","$","R","M","R","M","R","B",null,"M","$","M","M","M","R","E"],"character_chosen":"IRONCLAD","items_purchased":["Disarm","True Grit"],"campfire_rested":1,"item_purchase_floors":[4,10],"current_hp_per_floor":[51,51,56,56,56,25,25,47,47,47,47,43,43,42,42,11,59,65,65,41,40,46,46,0,0],"gold":117,"neow_bonus":"UPGRADE_CARD","is_daily":false,"chose_seed":false,"campfire_upgraded":4,"win_rate":0.0,"timestamp":1614091053,"path_taken":["M","M","M","$","?","E","$","R","T","?","R","M","R","M","R","BOSS","M","$","M","M","M","R","E"],"items_purchased_type":["Card","Card"],"build_version":"2020-12-22","purchased_purges":2,"victory":false,"max_hp_per_floor":[75,75,75,75,75,75,75,75,75,75,75,75,75,75,75,75,75,75,75,75,75,75,75,75,75],"card_choices":[{"not_picked":["Armaments","Evolve"],"picked":"Pommel Strike","floor":1.0},{"not_picked":["Ghostly Armor","Pummel"],"picked":"Inflame","floor":2.0},{"not_picked":["Warcry","Iron Wave"],"picked":"Clothesline","floor":3.0},{"not_picked":["Spot Weakness","Carnage"],"picked":"Iron Wave","floor":6.0},{"not_picked":["Barricade","Heavy Blade"],"picked":"Dropkick","floor":12.0},{"not_picked":["Feel No Pain","Anger"],"picked":"Second Wind","floor":14.0},{"not_picked":["Bludgeon","Double Tap"],"picked":"Corruption","floor":16.0},{"not_picked":["Pommel Strike","Shockwave"],"picked":"Dark Embrace","floor":18.0},{"not_picked":["Iron Wave","Perfected Strike","True Grit"],"picked":"SKIP","floor":20.0},{"not_picked":["Iron Wave","Perfected Strike","True Grit"],"picked":"SKIP","floor":20.0},{"not_picked":["Body Slam","Headbutt"],"picked":"Sentinel","floor":21.0},{"not_picked":["Feed","Wild Strike","Perfected Strike"],"picked":"SKIP","floor":22.0}],"player_experience":358568,"relics_obtained":[{"floor":6.0,"key":"Anchor"},{"floor":9.0,"key":"Vajra"}],"event_choices":[{"damage_healed":0.0,"max_hp_gain":0.0,"max_hp_loss":0.0,"gold_gain":0.0,"event_name":"Match and Keep!","player_choice":"1 cards matched","floor":5.0,"gold_loss":0.0,"damage_taken":0.0,"cards_obtained":["Barricade"]}],"is_beta":false,"boss_relics":[{"not_picked":["Coffee Dripper","Black Star"],"picked":"Snecko Eye"}],"items_purged_floors":[4,19],"is_endless":false,"potions_floor_spawned":[2,3,14,16,21,22],"killed_by":"Slavers","ascension_level":17}}