{"host":"m1loc25s2tepoquo","time":1614040195,"event":{"mods":["BaseMod","Minty Spire (QoL Compilation)","SuperFastMode"],"gold_per_floor":[114,114,68,86,86,117,132,132,159,119,151,178,201,229,241,353,365,395,427,439,451,463,475,475],"floor_reached":23,"language":"ENG","playtime":1588,"items_purged":[],"score":218,"play_id":"c64f3141-21b7-4f1b-988b-e12c9d2f961c","local_time":"20210222182955","is_ascension_mode":false,"campfire_choices":[{"floor":8,"key":"REST"},{"data":"Uppercut","floor":15,"key":"SMITH"}],"circlet_count":0,"master_deck":["Defend_R","Defend_R","Defend_R","Defend_R","Bash","Shrug It Off","Clothesline+1","Flex","Demon Form","Battle Trance","Cleave","Headbutt","Uppercut+1","Demon Form","Armaments","Bite","Bite","Bite","Bite","Bite","Necronomicurse"],"relics":["Burning Blood","Incense Burner","MealTicket","Blue Candle","MawBank","Bag of Preparation","Velvet Choker","Necronomicon"],"acts_visited":["Exordium","TheCity"],"potions_floor_usage":[16,16],"damage_taken":[{"damage":7,"enemies":"Cultist","floor":1,"turns":5},{"damage":0,"enemies":"2 Louse","floor":4,"turns":3},{"damage":24,"enemies":"Lagavulin","floor":6,"turns":7},{"damage":12,"enemies":"Small Slimes","floor":7,"turns":3},{"damage":22,"enemies":"Exordium Thugs","floor":11,"turns":5},{"damage":5,"enemies":"Blue Slaver","floor":12,"turns":3},{"damage":0,"enemies":"2 Fungi Beasts","floor":13,"turns":3},{"damage":1,"enemies":"3 Louse","floor":14,"turns":3},{"damage":17,"enemies":"The Guardian","floor":16,"turns":7},{"damage":5,"enemies":"Spheric Guardian","floor":18,"turns":4},{"damage":15,"enemies":"Shell Parasite","floor":19,"turns":5},{"damage":47,"enemies":"Gremlin Leader","floor":23,"turns":7}],"seed_played":"-6913639094212842610","potions_obtained":[{"floor":11,"key":"Fire Potion"},{"floor":12,"key":"GamblersBrew"},{"floor":13,"key":"EssenceOfSteel"},{"floor":19,"key":"FearPotion"}],"is_trial":false,"path_per_floor":["M","T","$","M","?","E","M","R","T","?","M","M","M","M","R","B",null,"M","M","?","?","?","E"],"character_chosen":"IRONCLAD","items_purchased":["Clothesline"],"campfire_rested":1,"item_purchase_floors":[3],"current_hp_per_floor":[71,71,72,72,58,40,34,55,55,55,39,40,46,51,51,40,72,72,63,50,42,26,0,0],"gold":475,"neow_bonus":"ONE_RARE_RELIC","is_daily":false,"chose_seed":false,"campfire_upgraded":1,"win_rate":0.0,"timestamp":1614040195,"path_taken":["M","?","$","M","?","E","M","R","T","?","M","?","M","M","R","BOSS","M","M","?","?","?","E"],"items_purchased_type":["Card"],"build_version":"2020-12-22","purchased_purges":0,"victory":false,"max_hp_per_floor":[72,72,72,72,72,72,72,72,72,72,72,72,72,72,72,72,72,72,72,50,55,55,55,55],"card_choices":[{"not_picked":["Iron Wave","Pommel Strike"],"picked":"Shrug It Off","floor":1},{"not_picked":["Shrug It Off","Clothesline"],"picked":"Flex","floor":4},{"not_picked":["Havoc","Heavy Blade"],"picked":"Demon Form","floor":6},{"not_picked":["Perfected Strike","True Grit"],"picked":"Battle Trance","floor":7},{"not_picked":["Iron Wave","Anger"],"picked":"Cleave","floor":11},{"not_picked":["Burning Pact","Blood for Blood"],"picked":"Headbutt","floor":12},{"not_picked":["Warcry","Corruption","Entrench"],"picked":"SKIP","floor":13},{"not_picked":["Heavy Blade","Dropkick"],"picked":"Uppercut","floor":14},{"not_picked":["Immolate","Corruption"],"picked":"Demon Form","floor":16},{"not_picked":["Rampage","Thunderclap"],"picked":"Armaments","floor":18},{"not_picked":["Second Wind+1","Power Through","Searing Blow"],"picked":"SKIP","floor":19}],"player_experience":122149,"relics_obtained":[{"floor":2,"key":"MealTicket"},{"floor":6,"key":"Blue Candle"},{"floor":9,"key":"MawBank"},{"floor":22,"key":"Necronomicon"}],"event_choices":[{"damage_healed":0,"gold_gain":0,"player_choice":"Entered Light","damage_taken":14,"max_hp_gain":0,"max_hp_loss":0,"event_name":"Shining Light","floor":5,"gold_loss":0,"cards_upgraded":["Clothesline","Strike_R"]},{"damage_healed":0,"gold_gain":0,"player_choice":"Paid Gold","damage_taken":0,"relics_obtained":["Bag of Preparation"],"max_hp_gain":0,"max_hp_loss":0,"event_name":"WeMeetAgain","floor":10,"gold_loss":52},{"damage_healed":0,"gold_gain":0,"player_choice":"Became a vampire","damage_taken":0,"max_hp_gain":0,"max_hp_loss":22,"event_name":"Vampires","floor":20,"gold_loss":0,"cards_obtained":["Bite","Bite","Bite","Bite","Bite"]},{"damage_healed":0,"gold_gain":0,"player_choice":"Shed Blood","damage_taken":13,"max_hp_gain":5,"max_hp_loss":0,"event_name":"Forgotten Altar","floor":21,"gold_loss":0},{"damage_healed":0,"gold_gain":0,"player_choice":"Obtained Book","damage_taken":16,"max_hp_gain":0,"max_hp_loss":0,"event_name":"Cursed Tome","floor":22,"gold_loss":0}],"is_beta":false,"boss_relics":[{"not_picked":["Fusion Hammer","Calling Bell"],"picked":"Velvet Choker"}],"items_purged_floors":[],"is_endless":false,"potions_floor_spawned":[11,12,13,19],"killed_by":"Gremlin Leader","ascension_level":0}}