{"host":"of8gj1gadsx6jhxl","time":1614097166,"event":{"mods":["BaseMod","Bestiary","Colored Map","Minty Spire (QoL Compilation)","Reliquary","Shop Mod","StSLib"],"gold_per_floor":[114,125,125,145,164,192,172,172,199,219,229,229,240,251,251,348,348,362,57,69,69,69],"floor_reached":21,"language":"ENG","playtime":2010,"items_purged":["Strike_R"],"score":221,"play_id":"a7b8f3be-1aca-4b01-9a9d-2eb41960c8cb","local_time":"20210223111926","is_ascension_mode":true,"campfire_choices":[{"data":"Heavy Blade","floor":8,"key":"SMITH"},{"data":"Heavy Blade","floor":12,"key":"SMITH"},{"data":"Inflame","floor":15,"key":"SMITH"}],"circlet_count":0,"master_deck":["Strike_R","Strike_R","Strike_R","Strike_R","Defend_R","Defend_R","Defend_R","Defend_R","Bash","Spot Weakness+1","Warcry","Headbutt","Heavy Blade+1","Thunderclap","Flex","Pummel","Heavy Blade+1","Inflame+1","Flex","Limit Break","Spot Weakness","Shrug It Off"],"relics":["Burning Blood","reliquary:WeakTea","Bag of Preparation","Black Star","ClockworkSouvenir"],"acts_visited":["Exordium","TheCity"],"potions_floor_usage":[6,16,16,16],"damage_taken":[{"damage":5,"enemies":"Jaw Worm","floor":1,"turns":4},{"damage":5,"enemies":"Small Slimes","floor":2,"turns":4},{"damage":1,"enemies":"Cultist","floor":4,"turns":3},{"damage":6,"enemies":"2 Fungi Beasts","floor":5,"turns":4},{"damage":28,"enemies":"Lagavulin","floor":6,"turns":6},{"damage":6,"enemies":"Exordium Wildlife","floor":10,"turns":3},{"damage":8,"enemies":"Lots of Slimes","floor":11,"turns":3},{"damage":2,"enemies":"3 Louse","floor":13,"turns":2},{"damage":6,"enemies":"Large Slime","floor":14,"turns":3},{"damage":19,"enemies":"Hexaghost","floor":16,"turns":6},{"damage":31,"enemies":"3 Byrds","floor":18,"turns":6},{"damage":30,"enemies":"2 Thieves","floor":20,"turns":3},{"damage":33,"enemies":"Centurion and Healer","floor":21,"turns":4}],"seed_played":"274988517228727293","potions_obtained":[{"floor":2,"key":"Block Potion"},{"floor":4,"key":"Weak Potion"},{"floor":7,"key":"EssenceOfSteel"},{"floor":11,"key":"Fire Potion"},{"floor":13,"key":"PowerPotion"},{"floor":18,"key":"DuplicationPotion"},{"floor":20,"key":"Explosive Potion"}],"is_trial":false,"path_per_floor":["M","M","?","M","M","E","?","R","T","M","M","R","M","M","R","B",null,"M","$","M","M"],"character_chosen":"IRONCLAD","items_purchased":["Spot Weakness","ClockworkSouvenir"],"campfire_rested":0,"item_purchase_floors":[19,19],"current_hp_per_floor":[80,80,80,80,80,58,58,58,58,58,56,56,60,60,60,47,80,55,55,31,0,0],"gold":69,"neow_bonus":"THREE_CARDS","is_daily":false,"chose_seed":false,"campfire_upgraded":3,"win_rate":0.0,"timestamp":1614097166,"path_taken":["M","M","?","M","M","E","?","R","T","M","M","R","M","M","R","BOSS","M","$","M","M"],"items_purchased_type":["Card","Relic"],"build_version":"2020-12-22","purchased_purges":1,"victory":false,"max_hp_per_floor":[80,80,80,80,80,80,80,80,80,80,80,80,80,80,80,80,80,80,80,80,80,80],"card_choices":[{"not_picked":["Flex","Dropkick"],"picked":"Spot Weakness","floor":0},{"not_picked":["Iron Wave","Wild Strike"],"picked":"Warcry","floor":1},{"not_picked":["Perfected Strike","Armaments"],"picked":"Headbutt","floor":2},{"not_picked":["Flex","Fire Breathing"],"picked":"Heavy Blade","floor":4},{"not_picked":["Twin Strike","Cleave"],"picked":"Thunderclap","floor":5},{"not_picked":["Second Wind","Clash"],"picked":"Flex","floor":6},{"not_picked":["Power Through","Shrug It Off"],"picked":"Pummel","floor":10},{"not_picked":["Juggernaut","Headbutt"],"picked":"Heavy Blade","floor":11},{"not_picked":["Shrug It Off","Body Slam"],"picked":"Inflame","floor":13},{"not_picked":["Infernal Blade","Clothesline"],"picked":"Flex","floor":14},{"not_picked":["Impervious","Offering"],"picked":"Limit Break","floor":16},{"not_picked":["Blood for Blood","Cleave","Dropkick+1"],"picked":"SKIP","floor":18},{"not_picked":["Evolve","Heavy Blade"],"picked":"Shrug It Off","floor":20}],"player_experience":124864,"relics_obtained":[{"floor":6,"key":"reliquary:WeakTea"},{"floor":9,"key":"Bag of Preparation"}],"event_choices":[{"damage_healed":0,"gold_gain":0,"player_choice":"Grow","damage_taken":0,"max_hp_gain":0,"max_hp_loss":0,"event_name":"Living Wall","floor":3,"gold_loss":0,"cards_upgraded":["Spot Weakness"]},{"damage_healed":0,"gold_gain":0,"player_choice":"Bought 1 Potion","damage_taken":0,"max_hp_gain":0,"max_hp_loss":0,"event_name":"The Woman in Blue","floor":7,"gold_loss":0}],"is_beta":false,"boss_relics":[{"not_picked":["Busted Crown","Runic Pyramid"],"picked":"Black Star"}],"items_purged_floors":[19],"is_endless":false,"potions_floor_spawned":[2,4,11,13,14,18,20],"killed_by":"Centurion and Healer","ascension_level":1}}