{"host":"snggrqcauaf0m8fe","time":1614107933,"event":{"mods":["BaseMod","Minty Spire (QoL Compilation)","Quick Restart"],"gold_per_floor":[116,66,66,81,81,81,81,122,122,47,47,90,90,105,105,228,228,243,243,262,187,205,205,226,226,226,262,294,324,103,103,103],"floor_reached":31,"language":"ENG","playtime":937,"items_purged":["Defend_G","Strike_G"],"score":405,"play_id":"fd9185e6-a39d-4e04-bf29-4a71128b10e1","local_time":"20210223201853","is_ascension_mode":true,"campfire_choices":[{"data":"Footwork","floor":6,"key":"SMITH"},{"data":"Storm of Steel","floor":11,"key":"SMITH"},{"data":"1","floor":13,"key":"LIFT"},{"data":"2","floor":15,"key":"LIFT"},{"floor":23,"key":"REST"},{"data":"3","floor":25,"key":"LIFT"}],"circlet_count":0,"master_deck":["AscendersBane","Strike_G","Defend_G","Defend_G","Defend_G","Defend_G","Survivor","Neutralize","Finisher","Footwork+1","Storm of Steel+1","A Thousand Cuts+1","Backstab","Outmaneuver+1","Infinite Blades"],"relics":["Ring of the Snake","NeowsBlessing","Golden Idol","Tingsha","HornCleat","Girya","HoveringKite","MawBank","Membership Card"],"acts_visited":["Exordium","TheCity"],"potions_floor_usage":[12,16,27,28,29],"damage_taken":[{"damage":0,"enemies":"2 Louse","floor":1,"turns":1},{"damage":0,"enemies":"Jaw Worm","floor":4,"turns":1},{"damage":0,"enemies":"3 Sentries","floor":8,"turns":2},{"damage":6,"enemies":"Lagavulin","floor":12,"turns":4},{"damage":0,"enemies":"Cultist","floor":14,"turns":3},{"damage":43,"enemies":"The Guardian","floor":16,"turns":10},{"damage":5,"enemies":"Shell Parasite","floor":18,"turns":6},{"damage":4,"enemies":"2 Thieves","floor":20,"turns":4},{"damage":18,"enemies":"Sentry and Sphere","floor":22,"turns":6},{"damage":4,"enemies":"Snake Plant","floor":24,"turns":3},{"damage":0,"enemies":"Snecko","floor":27,"turns":4},{"damage":1,"enemies":"3 Cultists","floor":28,"turns":4},{"damage":18,"enemies":"Cultist and Chosen","floor":29,"turns":5},{"damage":31,"enemies":"Snecko","floor":31,"turns":4}],"seed_played":"-1759236856856786780","potions_obtained":[{"floor":8,"key":"Block Potion"},{"floor":14,"key":"PowerPotion"},{"floor":16,"key":"SpeedPotion"},{"floor":24,"key":"DistilledChaos"},{"floor":27,"key":"PowerPotion"}],"is_trial":false,"path_per_floor":["M","?","?","M","?","R","?","E","T","$","R","E","R","M","R","B",null,"M","?","M","?","M","R","M","R","T","M","M","M","$","M"],"character_chosen":"THE_SILENT","items_purchased":["Membership Card","Infinite Blades"],"campfire_rested":1,"item_purchase_floors":[30,30],"current_hp_per_floor":[63,63,56,56,61,61,61,61,61,61,61,55,55,55,55,12,55,50,50,46,46,28,48,44,44,44,44,43,25,25,0,0],"gold":103,"neow_bonus":"THREE_ENEMY_KILL","is_daily":false,"chose_seed":false,"campfire_upgraded":2,"win_rate":0.0,"timestamp":1614107933,"path_taken":["M","?","?","?","?","R","?","E","T","$","R","E","R","M","R","BOSS","M","?","?","?","M","R","M","R","T","M","M","M","$","M"],"items_purchased_type":["Relic","Card"],"build_version":"2020-12-22","purchased_purges":2,"victory":false,"max_hp_per_floor":[70,70,70,70,75,75,69,69,69,69,69,69,69,69,69,69,69,69,69,69,69,69,69,69,69,69,69,69,69,69,69,69],"card_choices":[{"not_picked":["Slice","PiercingWail"],"picked":"Finisher","floor":1},{"not_picked":["Reflex","Underhanded Strike"],"picked":"Footwork","floor":4},{"not_picked":["Masterful Stab","Slice"],"picked":"Storm of Steel","floor":8},{"not_picked":["Masterful Stab","Choke","Quick Slash"],"picked":"SKIP","floor":12},{"not_picked":["Masterful Stab","Caltrops","Deflect"],"picked":"SKIP","floor":14},{"not_picked":["Die Die Die","Phantasmal Killer"],"picked":"A Thousand Cuts","floor":16},{"not_picked":["Sucker Punch","Flying Knee"],"picked":"Backstab","floor":18},{"not_picked":["Deadly Poison+1","Eviscerate","Deflect"],"picked":"SKIP","floor":20},{"not_picked":["All Out Attack","Dagger Spray"],"picked":"Outmaneuver+1","floor":22},{"not_picked":["Dodge and Roll+1","Bullet Time","Slice"],"picked":"SKIP","floor":24},{"not_picked":["Bane+1","Sucker Punch+1","Slice+1"],"picked":"SKIP","floor":27},{"not_picked":["PiercingWail+1","Dagger Spray","Acrobatics+1"],"picked":"SKIP","floor":28},{"not_picked":["Deflect+1","Dagger Throw","Quick Slash"],"picked":"SKIP","floor":29}],"player_experience":808375,"relics_obtained":[{"floor":8,"key":"Tingsha"},{"floor":9,"key":"HornCleat"},{"floor":12,"key":"Girya"},{"floor":26,"key":"MawBank"}],"event_choices":[{"cards_removed":["Strike_G"],"damage_healed":0,"gold_gain":0,"player_choice":"Card Removal","damage_taken":0,"max_hp_gain":0,"max_hp_loss":0,"event_name":"The Cleric","floor":2,"gold_loss":50},{"cards_removed":["Strike_G"],"damage_healed":0,"gold_gain":0,"player_choice":"Card Removal","damage_taken":7,"max_hp_gain":0,"max_hp_loss":0,"event_name":"Golden Wing","floor":3,"gold_loss":0},{"damage_healed":0,"gold_gain":0,"player_choice":"Donut","damage_taken":0,"max_hp_gain":5,"max_hp_loss":0,"event_name":"Big Fish","floor":5,"gold_loss":0},{"damage_healed":0,"gold_gain":0,"player_choice":"Lose Max HP","damage_taken":0,"relics_obtained":["Golden Idol"],"max_hp_gain":0,"max_hp_loss":6,"event_name":"Golden Idol","floor":7,"gold_loss":0},{"damage_healed":0,"gold_gain":0,"player_choice":"Forge","damage_taken":0,"max_hp_gain":0,"max_hp_loss":0,"event_name":"Accursed Blacksmith","floor":19,"gold_loss":0,"cards_upgraded":["A Thousand Cuts"]},{"cards_removed":["Strike_G"],"damage_healed":0,"gold_gain":0,"player_choice":"Gave Gold","damage_taken":0,"max_hp_gain":0,"max_hp_loss":0,"event_name":"Beggar","floor":21,"gold_loss":75}],"is_beta":false,"boss_relics":[{"not_picked":["Coffee Dripper","Pandora\u0027s Box"],"picked":"HoveringKite"}],"items_purged_floors":[10,30],"is_endless":false,"potions_floor_spawned":[8,14,16,24,27],"killed_by":"Snecko","ascension_level":10}}