{"host":"8akdrwfmzu5ai7mr","time":1614055005,"event":{"mods":["100% Spire Juice","Act Like it!","BaseMod","Colored Powertips","Decade(Õı–°√˜)","Downfall","Gensokyo","Marisa£®ÏF”Í°°ƒß¿Ì…≥£©","Minty Spire (QoL Compilation)","Quick Restart","Reimu£®≤©¿ˆ¡È√Œ£©","Remilia£®¿Ÿ√◊¿Ú—«£©","Replay The Spire","StSLib","The Administrix","The Marked","The Runesmith","The Servant 0.9.4","Youmu£®ªÍ∆«—˝√Œ£©","°æ“≈ŒÔø®≈∆°øREMEMod"],"gold_per_floor":[119,14,30,45,56,56,56],"floor_reached":6,"language":"ZHS","playtime":488,"items_purged":[],"score":40,"play_id":"2502d589-9545-424e-9b5d-089a29548057","local_time":"20210223123645","is_ascension_mode":false,"campfire_choices":[],"circlet_count":0,"master_deck":["Moonworks:Strike","Moonworks:Strike","Moonworks:Strike","Moonworks:Strike","Moonworks:Defend","Moonworks:Defend","Moonworks:Defend","Moonworks:Defend","Moonworks:Ambush","Moonworks:LongDistanceShot","sneckomod:UnendingSupply","Moonworks:CloudOfSeagulls","Moonworks:EvilSpyWorkPreparation","Moonworks:IndiscriminateFireSupport","Moonworks:Heat300Percent","Moonworks:LulusLuckyEgg"],"relics":["Moonworks:BrokenBomb","Moonworks:Homemark","REME_ComplimentaryCards","NeowsBlessing"],"acts_visited":["Exordium"],"potions_floor_usage":[],"damage_taken":[{"damage":0,"enemies":"2 Louse","floor":1,"turns":1},{"damage":0,"enemies":"Cultist","floor":2,"turns":1},{"damage":2,"enemies":"Small Slimes","floor":3,"turns":1},{"damage":15,"enemies":"Blue Slaver","floor":4,"turns":3},{"damage":15,"enemies":"2 Fungi Beasts","floor":5,"turns":3},{"damage":39,"enemies":"Gremlin Nob","floor":6,"turns":4}],"seed_played":"8335391870562898329","potions_obtained":[{"floor":1,"key":"ZuzhouPotion:ReiMu"},{"floor":4,"key":"Fire Potion"}],"is_trial":false,"path_per_floor":["M","M","M","M","M","E"],"character_chosen":"THE_STARBREAKER","items_purchased":[],"campfire_rested":0,"item_purchase_floors":[],"current_hp_per_floor":[60,60,58,43,28,0,0],"gold":56,"neow_bonus":"THREE_ENEMY_KILL","is_daily":false,"chose_seed":false,"campfire_upgraded":0,"win_rate":0.0,"timestamp":1614055005,"path_taken":["M","M","M","M","M","E"],"items_purchased_type":[],"build_version":"2020-12-22","purchased_purges":0,"victory":false,"max_hp_per_floor":[60,60,60,60,60,60,60],"card_choices":[{"not_picked":["Moonworks:SealedMemories","Moonworks:JonathanRush"],"picked":"Moonworks:CloudOfSeagulls","floor":1},{"not_picked":["Moonworks:ImOnFire","Moonworks:DeployBits"],"picked":"Moonworks:EvilSpyWorkPreparation","floor":2},{"not_picked":["Moonworks:CloudOfSeagulls","Moonworks:AwakeningOfTalent"],"picked":"Moonworks:IndiscriminateFireSupport","floor":3},{"not_picked":["Moonworks:JonathanRush","Moonworks:CloudOfSeagulls"],"picked":"Moonworks:Heat300Percent","floor":4},{"not_picked":["Moonworks:EvilSpyWorkPreparation","Moonworks:ReproductionOfRecords"],"picked":"Moonworks:LulusLuckyEgg","floor":5}],"player_experience":139965,"relics_obtained":[],"event_choices":[],"is_beta":false,"boss_relics":[],"items_purged_floors":[],"is_endless":false,"potions_floor_spawned":[1,4],"killed_by":"Gremlin Nob","ascension_level":0}}