{"host":"b1k9tvirjqaexfiq","time":1614047291,"event":{"mods":["AchievementEnabler","BaseMod","Bestiary","Better Third Choice","BetterRewards","Bossed Relics","CapriCore","Colored Powertips","Conspire","Curses Come First","Energized Spire","Highlight Path","Hubris","Infinite Spire","Marked Mod","Minty Spire (QoL Compilation)","Permanent Neow","Quick Restart","Rare Cards Sparkle","Reliquary","Shop Mod","StSLib","The Animator","Together in Spire","Waifu the Spire","??????REMEMod"],"gold_per_floor":[111,121,51,51,67,67,84,97,97,26,42,42,58,58,58,161,161,177,31,50,63,63,90,90,123,123,123,149,149,149,165,165,265,265,279,294,294,294,308,337,337,337,337,337,337,351,351,370,370,370],"floor_reached":51,"language":"ENG","playtime":3189,"items_purged":[],"score":840,"play_id":"509f979f-6b71-4dc5-a0df-c277fa1caceb","local_time":"20210222202811","is_ascension_mode":true,"campfire_choices":[{"data":"hubris:DoWhile","floor":6.0,"key":"SMITH"},{"data":"Inflame","floor":12.0,"key":"SMITH"},{"data":"REME_Cut","floor":15.0,"key":"SMITH"},{"data":"Sword Boomerang","floor":24.0,"key":"SMITH"},{"data":"Double Tap","floor":27.0,"key":"SMITH"},{"data":"Heavy Blade","floor":30.0,"key":"SMITH"},{"data":"hubris:ReadiedAction","floor":32.0,"key":"SMITH"},{"floor":41.0,"key":"REST"},{"data":"Warcry","floor":44.0,"key":"SMITH"},{"data":"Feel No Pain","floor":49.0,"key":"SMITH"}],"circlet_count":0,"master_deck":["Strike_R","Strike_R","Defend_R","Defend_R","Defend_R","Defend_R","Bash","hubris:DoWhile+1","hubris:CleavingFinish","Cleave","Inflame+1","Heavy Blade+1","Clash","hubris:ReadiedAction+1","REME_Cut+1","Sword Boomerang+1","Warcry+1","Reaper","Shrug It Off","Dropkick","Headbutt+1","Iron Wave","Double Tap+1","Armaments","Brutality+1","Clothesline+1","Thunderclap+1","Clash","Disarm+1","hubris:ReadiedAction","Feel No Pain+1"],"relics":["Burning Blood","REME_ComplimentaryCards","hubris:Icosahedron","Toy Ornithopter","hubris:HollowSoul","REME_CardOfGreed","Pear","reliquary:WeakTea","Blue Candle","hubris:DeckOfHolding","Tiny House","Smiling Mask","conspire:GlowingRock"],"acts_visited":["Exordium","TheCity","TheBeyond"],"potions_floor_usage":[50],"damage_taken":[{"damage":13.0,"enemies":"2 Louse","floor":1.0,"turns":5.0},{"damage":12.0,"enemies":"Small Slimes","floor":2.0,"turns":4.0},{"damage":9.0,"enemies":"infinitespire:Voidling","floor":5.0,"turns":5.0},{"damage":23.0,"enemies":"Exordium Thugs","floor":7.0,"turns":3.0},{"damage":6.0,"enemies":"3 Louse","floor":8.0,"turns":3.0},{"damage":0.0,"enemies":"2 Fungi Beasts","floor":11.0,"turns":2.0},{"damage":0.0,"enemies":"Exordium Wildlife","floor":13.0,"turns":2.0},{"damage":35.0,"enemies":"The Guardian","floor":16.0,"turns":6.0},{"damage":15.0,"enemies":"3 Byrds","floor":18.0,"turns":4.0},{"damage":21.0,"enemies":"2 Thieves","floor":20.0,"turns":3.0},{"damage":13.0,"enemies":"Snecko","floor":21.0,"turns":3.0},{"damage":10.0,"enemies":"Gremlin Leader","floor":23.0,"turns":4.0},{"damage":27.0,"enemies":"Slavers","floor":25.0,"turns":3.0},{"damage":10.0,"enemies":"REME_1_Revenger","floor":28.0,"turns":3.0},{"damage":7.0,"enemies":"Cultist and Chosen","floor":31.0,"turns":3.0},{"damage":47.0,"enemies":"hubris:MusketHawk","floor":33.0,"turns":7.0},{"damage":7.0,"enemies":"Orb Walker","floor":35.0,"turns":2.0},{"damage":21.0,"enemies":"3 Shapes","floor":36.0,"turns":5.0},{"damage":19.0,"enemies":"Jaw Worm Horde","floor":39.0,"turns":3.0},{"damage":41.0,"enemies":"Giant Head","floor":40.0,"turns":7.0},{"damage":0.0,"enemies":"Writhing Mass","floor":45.0,"turns":1.0},{"damage":10.0,"enemies":"Sphere and 2 Shapes","floor":46.0,"turns":3.0},{"damage":24.0,"enemies":"Transient","floor":48.0,"turns":5.0},{"damage":43,"enemies":"conspire:OrnateMirror","floor":50,"turns":15}],"seed_played":"2095015961208264010","potions_obtained":[{"floor":7.0,"key":"FearPotion"},{"floor":13.0,"key":"Dexterity Potion"},{"floor":16.0,"key":"Energy Potion"},{"floor":21.0,"key":"Energy Potion"},{"floor":25.0,"key":"DistilledChaos"},{"floor":28.0,"key":"AttackPotion"},{"floor":33.0,"key":"FairyPotion"},{"floor":39.0,"key":"SmokeBomb"},{"floor":46.0,"key":"Swift Potion"}],"is_trial":false,"path_per_floor":["M","M","$","?","M","R","M","M","T","$","M","R","M","?","R","B",null,"M","$","M","M","?","E","R","E","T","R","E","?","R","M","R","B",null,"M","M","?","?","M","E","R","T","T","R","M","M","?","M","R","B",null],"character_chosen":"IRONCLAD","items_purchased":["Inflame","REME_Cut","REME_CardOfGreed"],"campfire_rested":1,"item_purchase_floors":[3,10,19],"current_hp_per_floor":[73,67,67,67,69,69,52,52,52,52,58,58,64,64,64,40,80,77,77,62,70,70,81,81,67,67,67,86,86,86,85,85,57,90,89,90,90,90,81,60,87,87,87,87,90,86,86,90,90,81],"gold":370,"neow_bonus":"REMOVE_CARD","is_daily":false,"chose_seed":false,"campfire_upgraded":9,"win_rate":0.0,"timestamp":1614047291,"path_taken":["M","M","$","?","M","R","M","M","T","$","M","R","M","?","R","BOSS","M","$","M","?","?","E","R","E","T","R","E","?","R","M","R","BOSS","M","M","?","?","?","E","R","?","T","R","M","M","?","?","R","BOSS"],"items_purchased_type":["Card","Card","Relic"],"build_version":"2020-12-22","purchased_purges":0,"victory":true,"max_hp_per_floor":[80,80,80,80,80,80,80,80,80,80,80,80,80,80,80,80,80,80,80,80,80,80,90,90,90,90,90,90,90,90,90,90,90,90,90,90,90,90,90,90,90,90,90,90,90,90,90,90,90,90],"card_choices":[{"not_picked":["Perfected Strike","Iron Wave"],"picked":"hubris:CleavingFinish","floor":1.0},{"not_picked":["Battle Trance","Shockwave"],"picked":"Cleave","floor":2.0},{"not_picked":["Anger","hubris:SharpeningStone"],"picked":"Heavy Blade","floor":5.0},{"not_picked":["Shockwave","hubris:StunningStrike"],"picked":"Clash","floor":7.0},{"not_picked":["Flex","Power Through"],"picked":"hubris:ReadiedAction","floor":8.0},{"not_picked":["Clothesline","hubris:ReadiedAction"],"picked":"Sword Boomerang","floor":11.0},{"not_picked":["Dark Embrace","Battle Trance"],"picked":"Warcry","floor":13.0},{"not_picked":["conspire:Purge","Berserk"],"picked":"Reaper","floor":16.0},{"not_picked":["Havoc","Rampage"],"picked":"Shrug It Off","floor":18.0},{"not_picked":["Havoc+1","Wild Strike+1"],"picked":"Dropkick","floor":20.0},{"not_picked":["Havoc","hubris:CleavingFinish"],"picked":"Headbutt+1","floor":21.0},{"not_picked":["Rampage","Blood for Blood"],"picked":"Iron Wave","floor":23.0},{"not_picked":["Bludgeon","Ghostly Armor+1"],"picked":"Double Tap","floor":25.0},{"not_picked":["Fire Breathing","Entrench","hubris:ReadiedAction"],"picked":"SKIP","floor":28.0},{"not_picked":["Rampage+1","Power Through"],"picked":"Armaments","floor":31.0},{"not_picked":["Immolate","Barricade"],"picked":"Brutality","floor":33.0},{"not_picked":["Flex","Warcry"],"picked":"Clothesline+1","floor":35.0},{"not_picked":["Pommel Strike+1","Warcry"],"picked":"Thunderclap+1","floor":36.0},{"not_picked":["REME_FearOfPain+1","Wild Strike"],"picked":"Clash","floor":39.0},{"not_picked":["Berserk","Wild Strike"],"picked":"Disarm+1","floor":40.0},{"not_picked":["Fire Breathing+1","Perfected Strike+1"],"picked":"hubris:ReadiedAction","floor":46.0},{"not_picked":["Clash","Blood for Blood","Anger"],"picked":"SKIP","floor":48.0}],"player_experience":75373,"relics_obtained":[{"floor":9.0,"key":"Toy Ornithopter"},{"floor":23.0,"key":"Pear"},{"floor":25.0,"key":"reliquary:WeakTea"},{"floor":26.0,"key":"Blue Candle"},{"floor":28.0,"key":"hubris:DeckOfHolding"},{"floor":40.0,"key":"Smiling Mask"},{"floor":42.0,"key":"conspire:GlowingRock"}],"event_choices":[{"cards_removed":["Strike_R"],"damage_healed":0.0,"max_hp_gain":0.0,"max_hp_loss":0.0,"gold_gain":0.0,"event_name":"Bonfire Elementals","player_choice":"Offered Basic","floor":14.0,"gold_loss":0.0,"damage_taken":0.0},{"damage_healed":0.0,"max_hp_gain":0.0,"max_hp_loss":0.0,"gold_gain":0.0,"event_name":"Vampires","player_choice":"Ignored","floor":22.0,"gold_loss":0.0,"damage_taken":0.0},{"damage_healed":0.0,"max_hp_gain":0.0,"max_hp_loss":0.0,"gold_gain":0.0,"event_name":"The Mausoleum","player_choice":"Ignored","floor":29.0,"gold_loss":0.0,"damage_taken":0.0},{"damage_healed":0.0,"max_hp_gain":0.0,"max_hp_loss":0.0,"gold_gain":0.0,"event_name":"Tomb of Lord Red Mask","player_choice":"Ignored","floor":37.0,"gold_loss":0.0,"damage_taken":0.0},{"damage_healed":0.0,"max_hp_gain":0.0,"max_hp_loss":0.0,"gold_gain":0.0,"event_name":"Upgrade Shrine","player_choice":"Upgraded","floor":38.0,"gold_loss":0.0,"damage_taken":0.0,"cards_upgraded":["Brutality"]},{"damage_healed":0.0,"max_hp_gain":0.0,"max_hp_loss":0.0,"gold_gain":0.0,"cards_transformed":["Strike_R"],"event_name":"Transmorgrifier","player_choice":"Transformed","floor":47.0,"gold_loss":0.0,"damage_taken":0.0,"cards_obtained":["Feel No Pain"]}],"is_beta":false,"boss_relics":[{"not_picked":["energizedSpire:OgreHead","hubris:GrandSneckoEye"],"picked":"hubris:HollowSoul"},{"not_picked":["REME_DemonsWealth","Mark of Pain"],"picked":"Tiny House"}],"items_purged_floors":[],"is_endless":false,"potions_floor_spawned":[7,13,16,21,25,28,33,35,36,39,46],"ascension_level":4}}