{"host":"vnz4608r4gf5d2ow","time":1614056449,"event":{"mods":["AchievementEnabler","BaseMod","Minty Spire (QoL Compilation)"],"gold_per_floor":[112,123,223,237,13,13,42,53,77,93,93,121,121,136,136,239,239,258,333,74,90,100,127,127,158,158,158,0,23,23,23,23,23,23],"floor_reached":33,"language":"ENG","playtime":2140,"items_purged":["Strike_G"],"score":454,"play_id":"2fcb5208-fc06-45dd-a943-0ab68d288e5a","local_time":"20210223000049","is_ascension_mode":true,"campfire_choices":[{"data":"Neutralize","floor":6.0,"key":"SMITH"},{"floor":11.0,"key":"REST"},{"floor":15.0,"key":"REST"},{"floor":24.0,"key":"REST"},{"floor":27.0,"key":"REST"},{"floor":32.0,"key":"REST"}],"circlet_count":0,"master_deck":["AscendersBane","Strike_G","Defend_G","Defend_G","Defend_G","Defend_G","Defend_G","Survivor","Neutralize+1","Dagger Spray","Dagger Throw","Cloak And Dagger","Acrobatics","Quick Slash","Burst","Crippling Poison","Blade Dance+1","Backstab","Dagger Spray","Well Laid Plans","Bullet Time+1","Deadly Poison","After Image","Underhanded Strike","Poisoned Stab","Blur+1","Footwork+1"],"relics":["Ring of the Snake","Happy Flower","Vajra","Omamori","Bag of Marbles","Empty Cage","Bronze Scales","Juzu Bracelet","Singing Bowl","War Paint","MutagenicStrength"],"acts_visited":["Exordium","TheCity"],"potions_floor_usage":[],"damage_taken":[{"damage":4.0,"enemies":"Small Slimes","floor":1.0,"turns":5.0},{"damage":0.0,"enemies":"Cultist","floor":2.0,"turns":4.0},{"damage":0.0,"enemies":"2 Louse","floor":4.0,"turns":2.0},{"damage":12.0,"enemies":"Lagavulin","floor":7.0,"turns":6.0},{"damage":15.0,"enemies":"Exordium Thugs","floor":8.0,"turns":6.0},{"damage":10.0,"enemies":"Red Slaver","floor":10.0,"turns":3.0},{"damage":18.0,"enemies":"Gremlin Nob","floor":12.0,"turns":4.0},{"damage":0.0,"enemies":"3 Louse","floor":14.0,"turns":2.0},{"damage":37.0,"enemies":"Slime Boss","floor":16.0,"turns":9.0},{"damage":9.0,"enemies":"Shell Parasite","floor":18.0,"turns":4.0},{"damage":11.0,"enemies":"2 Thieves","floor":21.0,"turns":4.0},{"damage":11.0,"enemies":"Centurion and Healer","floor":22.0,"turns":6.0},{"damage":22.0,"enemies":"Gremlin Leader","floor":23.0,"turns":6.0},{"damage":25.0,"enemies":"Book of Stabbing","floor":25.0,"turns":4.0},{"damage":75,"enemies":"Collector","floor":33,"turns":5}],"seed_played":"3307537694461488662","potions_obtained":[{"floor":1.0,"key":"Dexterity Potion"},{"floor":2.0,"key":"Regen Potion"},{"floor":4.0,"key":"SteroidPotion"},{"floor":22.0,"key":"Fire Potion"},{"floor":23.0,"key":"FearPotion"}],"is_trial":false,"path_per_floor":["M","M","?","M","$","R","E","M","T","M","R","E","?","M","R","B",null,"M","?","$","M","M","E","R","E","T","R","?","T","?","?","R","B"],"character_chosen":"THE_SILENT","items_purchased":["Happy Flower","Acrobatics","Quick Slash","After Image","Underhanded Strike"],"campfire_rested":5,"item_purchase_floors":[5,5,5,20,20],"current_hp_per_floor":[66,66,66,66,66,66,54,39,39,29,52,34,34,34,57,20,63,54,47,47,36,25,3,26,1,1,24,24,24,24,24,47,0,0],"gold":23,"neow_bonus":"TEN_PERCENT_HP_BONUS","is_daily":false,"chose_seed":false,"campfire_upgraded":1,"win_rate":0.0,"timestamp":1614056449,"path_taken":["M","M","?","M","$","R","E","M","T","?","R","E","?","M","R","BOSS","M","?","?","M","?","E","R","E","T","R","?","?","?","?","R","BOSS"],"items_purchased_type":["Relic","Card","Card","Card","Card"],"build_version":"2020-12-22","purchased_purges":1,"victory":false,"max_hp_per_floor":[77,77,77,77,77,77,77,77,77,77,77,77,77,77,77,77,77,77,77,77,77,77,77,77,77,77,77,77,77,77,77,77,77,77],"card_choices":[{"not_picked":["Flying Knee","Deadly Poison"],"picked":"Dagger Spray","floor":1.0},{"not_picked":["Flying Knee","Quick Slash"],"picked":"Dagger Throw","floor":2.0},{"not_picked":["Concentrate","Dagger Throw"],"picked":"Cloak And Dagger","floor":4.0},{"not_picked":["Deadly Poison","Outmaneuver"],"picked":"Burst","floor":7.0},{"not_picked":["Masterful Stab","PiercingWail"],"picked":"Crippling Poison","floor":8.0},{"not_picked":["Quick Slash","Cloak And Dagger"],"picked":"Blade Dance","floor":10.0},{"not_picked":["Setup","Escape Plan"],"picked":"Backstab","floor":12.0},{"not_picked":["Eviscerate","Blade Dance"],"picked":"Well Laid Plans","floor":14.0},{"not_picked":["Adrenaline","Grand Finale"],"picked":"Bullet Time","floor":16.0},{"not_picked":["Flying Knee+1","Cloak And Dagger+1"],"picked":"Deadly Poison","floor":18.0},{"not_picked":["Slice","Dagger Spray"],"picked":"Poisoned Stab","floor":21.0},{"not_picked":["Distraction","Dagger Spray+1","Flying Knee"],"picked":"SKIP","floor":22.0},{"not_picked":["Deflect","Underhanded Strike"],"picked":"Blur+1","floor":23.0},{"not_picked":["Noxious Fumes","Dodge and Roll"],"picked":"Footwork+1","floor":25.0}],"player_experience":1021632,"relics_obtained":[{"floor":7.0,"key":"Vajra"},{"floor":9.0,"key":"Omamori"},{"floor":12.0,"key":"Bag of Marbles"},{"floor":23.0,"key":"Bronze Scales"},{"floor":25.0,"key":"Juzu Bracelet"},{"floor":26.0,"key":"Singing Bowl"},{"floor":29.0,"key":"War Paint"}],"event_choices":[{"damage_healed":0.0,"max_hp_gain":0.0,"max_hp_loss":0.0,"gold_gain":100.0,"event_name":"Golden Shrine","player_choice":"Pray","floor":3.0,"gold_loss":0.0,"damage_taken":0.0},{"damage_healed":0.0,"max_hp_gain":0.0,"max_hp_loss":0.0,"gold_gain":0.0,"cards_transformed":["Strike_G"],"event_name":"Transmorgrifier","player_choice":"Transformed","floor":13.0,"gold_loss":0.0,"damage_taken":0.0,"cards_obtained":["Dagger Spray"]},{"damage_healed":0.0,"max_hp_gain":0.0,"max_hp_loss":0.0,"gold_gain":75.0,"event_name":"FaceTrader","player_choice":"Touch","floor":19.0,"gold_loss":0.0,"damage_taken":7.0},{"damage_healed":0.0,"max_hp_gain":0.0,"max_hp_loss":0.0,"gold_gain":0.0,"event_name":"Masked Bandits","player_choice":"Paid Fearfully","floor":28.0,"gold_loss":158.0,"damage_taken":0.0},{"damage_healed":0.0,"max_hp_gain":0.0,"max_hp_loss":0.0,"gold_gain":0.0,"event_name":"Forgotten Altar","player_choice":"Smashed Altar","floor":30.0,"gold_loss":0.0,"damage_taken":0.0,"cards_obtained":["Decay"]},{"damage_healed":0.0,"max_hp_gain":0.0,"max_hp_loss":0.0,"gold_gain":0.0,"event_name":"Drug Dealer","player_choice":"Inject Mutagens","floor":31.0,"gold_loss":0.0,"damage_taken":0.0,"relics_obtained":["MutagenicStrength"]}],"is_beta":false,"boss_relics":[{"not_picked":["Astrolabe","Runic Pyramid"],"picked":"Empty Cage"}],"items_purged_floors":[20],"is_endless":false,"potions_floor_spawned":[1,2,4,22,23],"killed_by":"Collector","ascension_level":11}}