{"host":"skr63qsdfgeey3it","time":1614056783,"event":{"mods":["BaseMod","Colored Map","Hubris","Minty Spire (QoL Compilation)","Monster B Gone","Reliquary","Replay The Spire","Spicy Shops","StSLib"],"gold_per_floor":[114,189,189,199,209,209,209,6,6,6,36,2,27,38,38,38,38],"floor_reached":16,"language":"ENG","playtime":648,"items_purged":["hubris:Wrath"],"score":189,"play_id":"b286817b-568a-4640-859c-25149fdfb7a1","local_time":"20210222230623","is_ascension_mode":true,"campfire_choices":[{"data":"Apotheosis","floor":6,"key":"SMITH"},{"floor":10,"key":"REST"},{"data":"ReplayRNGCard","floor":15,"key":"SMITH"}],"circlet_count":0,"master_deck":["AscendersBane","Strike_B","Strike_B","Strike_B","Strike_B","Defend_B","Defend_B","Defend_B","Zap","Dualcast","Apotheosis+1","Auto Shields","Creative AI","Conserve Battery","White Noise","Tempest","Skim","ReplayRNGCard+1","Ball Lightning","Skim"],"relics":["Cracked Core","ReplayTheSpireMod:Ring of Exchange","Ring of Peace","Replay:PocketPolymizer","Membership Card","hubris:TinFlute","Meat on the Bone","FossilizedHelix"],"acts_visited":["Exordium"],"potions_floor_usage":[11,13,16],"damage_taken":[{"damage":0,"enemies":"Small Slimes","floor":1,"turns":3},{"damage":0,"enemies":"2 Louse","floor":4,"turns":2},{"damage":0,"enemies":"Jaw Worm","floor":5,"turns":3},{"damage":33,"enemies":"Gremlin Nob","floor":11,"turns":5},{"damage":10,"enemies":"3 Sentries","floor":13,"turns":7},{"damage":0,"enemies":"3 Louse","floor":14,"turns":5},{"damage":56,"enemies":"Fading Forest","floor":16,"turns":7}],"seed_played":"-150373542999733106","potions_obtained":[{"floor":1,"key":"AttackPotion"},{"floor":11,"key":"SneckoOil"},{"floor":13,"key":"Cursed Concoction"}],"is_trial":false,"path_per_floor":["M","?","?","M","M","R","?","$","T","R","E","$","E","M","R","B"],"character_chosen":"DEFECT","items_purchased":["Membership Card","White Noise","Skim"],"campfire_rested":1,"item_purchase_floors":[8,8,12],"current_hp_per_floor":[64,53,53,53,53,53,42,42,42,63,30,30,32,44,44,0,0],"gold":38,"neow_bonus":"RANDOM_COLORLESS_2","is_daily":false,"chose_seed":false,"campfire_upgraded":2,"win_rate":0.0,"timestamp":1614056783,"path_taken":["M","?","?","M","M","R","?","$","T","R","E","?","E","M","R","BOSS"],"items_purchased_type":["Relic","Card","Card"],"build_version":"2020-12-22","purchased_purges":1,"victory":false,"max_hp_per_floor":[71,71,71,71,71,71,71,71,71,71,71,71,71,71,71,71,71],"card_choices":[{"not_picked":["Master of Strategy","ReplayTheSpireMod:Brewmster"],"picked":"Apotheosis","floor":0},{"not_picked":["Barrage","Beam Cell"],"picked":"Auto Shields","floor":1},{"not_picked":["Force Field","Capacitor"],"picked":"Creative AI","floor":4},{"not_picked":["Cold Snap","Leap"],"picked":"Conserve Battery","floor":5},{"not_picked":["Steam","Go for the Eyes"],"picked":"hubris:Prefetch","floor":11},{"not_picked":["Steam","Conserve Battery"],"picked":"ReplayRNGCard","floor":13},{"not_picked":["Go for the Eyes","Sweeping Beam"],"picked":"Ball Lightning","floor":14}],"player_experience":993582,"relics_obtained":[{"floor":3,"key":"ReplayTheSpireMod:Ring of Exchange"},{"floor":3,"key":"Ring of Peace"},{"floor":9,"key":"hubris:TinFlute"},{"floor":11,"key":"Meat on the Bone"},{"floor":13,"key":"FossilizedHelix"}],"event_choices":[{"damage_healed":0,"gold_gain":75,"player_choice":"Gather Gold","damage_taken":11,"max_hp_gain":0,"max_hp_loss":0,"event_name":"World of Goop","floor":2,"gold_loss":0},{"damage_healed":0,"gold_gain":0,"player_choice":"Success","damage_taken":11,"relics_obtained":["Replay:PocketPolymizer"],"max_hp_gain":0,"max_hp_loss":0,"event_name":"Scrap Ooze","floor":7,"gold_loss":0}],"is_beta":false,"boss_relics":[],"items_purged_floors":[8],"is_endless":false,"potions_floor_spawned":[1,11,13],"killed_by":"Fading Forest","ascension_level":15}}