{"host":"bxdue9bkfm2khp2x","time":1614055509,"event":{"mods":["ATMod(阿瑾Mod)","Aspiration","BaseMod","Better Vampires","Challenge The Spire","Colored Map","Colored Powertips","Conspire","Decade(王小明)","Dota2Spire","Downfall","Good Game Mod","Highlight Path","Minty Spire (QoL Compilation)","MostiFishMod","Reliquary","Remilia（蕾米莉亚）","Replay The Spire","RumiaBox-露米娅的神秘盒子","Ryuuou龙王","Spicy Shops","StSLib","The Alterego","The Bug Knight","The Cursed","Waifu the Spire","WarShipGirlsR/战舰少女R mod","Wide Potions","noobMod","【功能Mod】混沌之环修复补丁","残留之物","篝火指南"],"gold_per_floor":[115,65,82,82,96,96,21,21,21,21,37,37,51,82,82,180,180,196,215,225,324,324,324,338,338,338,338,238,271,291,316,316,419,419,435,478,497,511,225,225,225,225,252,279,291,291,304,333,108,108],"floor_reached":51,"language":"ZHS","playtime":4687,"items_purged":["PlaceholderMod:PoisonWhip","PlaceholderMod:BaseStrike","PlaceholderMod:BaseStrike","PlaceholderMod:BaseDefend"],"score":1025,"play_id":"22c6f4ba-ec25-48d6-bb35-59e2c38df1ce","local_time":"20210223124509","is_ascension_mode":true,"campfire_choices":[{"data":"PlaceholderMod:GrowthForm","floor":6.0,"key":"SMITH"},{"data":"PlaceholderMod:HardStrike","floor":8.0,"key":"SMITH"},{"data":"PlaceholderMod:ParasiteChange","floor":12.0,"key":"SMITH"},{"data":"PlaceholderMod:SubstitutionNucleophilic1","floor":15.0,"key":"SMITH"},{"data":"PlaceholderMod:SelfCoupling","floor":23.0,"key":"SMITH"},{"data":"PlaceholderMod:Crystallization","floor":25.0,"key":"SMITH"},{"data":"Devotion","floor":27.0,"key":"SMITH"},{"data":"PlaceholderMod:HealingAttack","floor":32.0,"key":"SMITH"},{"data":"PlaceholderMod:Activation","floor":40,"key":"SMITH"},{"data":"PlaceholderMod:DiffusionPoison","floor":42,"key":"SMITH"},{"data":"PlaceholderMod:Crystal","floor":46,"key":"SMITH"}],"circlet_count":0,"master_deck":["PlaceholderMod:BaseDefend","PlaceholderMod:BaseDefend","PlaceholderMod:BaseDefend","PlaceholderMod:Crystal+1","Devotion+1","PlaceholderMod:ThreeBenzyolStart","PlaceholderMod:HardStrike+1","PlaceholderMod:GrowthForm+1","PlaceholderMod:ParasiteChange+1","PlaceholderMod:ParasiteChange+1","PlaceholderMod:ThreeBenzyolStart","PlaceholderMod:SubstitutionNucleophilic1+1","PlaceholderMod:SelfCoupling+1","PlaceholderMod:Crystallization+1","PlaceholderMod:Crystallization+1","PlaceholderMod:HealingAttack+1","PlaceholderMod:DiffusionPoison+1","PlaceholderMod:Crystallization+1","PlaceholderMod:CrystallizationStrike+1","PlaceholderMod:Activation+1","PlaceholderMod:HardStrike+1"],"relics":["PlaceholderMod:Tancle","DaveBox","ice","AT_ATBox","REME:ComplimentaryCards","DianPoetry","SynthV:TestCard","HollowMod:LifeEnderRelic","Dota2Spire:Butterfly","Dota2Spire:RefresherOrb","aspiration:StickyExplosives_weak","Guardian:PocketSentry","LastBattle","reliquary:ThirdArm","reliquary:SilkGlove","AT_BellDemon","reliquary:OuijaBoard","reliquary:RosewoodLute","PlaceholderMod:NyogSothep"],"acts_visited":["Exordium","TheCity","TheBeyond"],"potions_floor_usage":[36,38,48,50],"damage_taken":[{"damage":0.0,"enemies":"2 Louse","floor":1.0,"turns":3.0},{"damage":0.0,"enemies":"Cultist","floor":3.0,"turns":3.0},{"damage":6.0,"enemies":"Small Slimes","floor":5.0,"turns":3.0},{"damage":0.0,"enemies":"3 Louse","floor":11.0,"turns":5.0},{"damage":1.0,"enemies":"conspire:2 RoseBushes","floor":13.0,"turns":4.0},{"damage":0.0,"enemies":"HollowMod:MossKnight","floor":14.0,"turns":5.0},{"damage":16.0,"enemies":"Hexaghost","floor":16.0,"turns":5.0},{"damage":0.0,"enemies":"conspire:FuzzyDice","floor":18.0,"turns":4.0},{"damage":6.0,"enemies":"2 Thieves","floor":19.0,"turns":4.0},{"damage":0.0,"enemies":"conspire:HollyBat","floor":20.0,"turns":5.0},{"damage":0.0,"enemies":"3 Cultists","floor":24.0,"turns":4.0},{"damage":0.0,"enemies":"conspire:SneckoGhost","floor":29.0,"turns":5.0},{"damage":0.0,"enemies":"Centurion and Healer","floor":30.0,"turns":5.0},{"damage":6.0,"enemies":"Gremlin Leader","floor":31.0,"turns":5.0},{"damage":0.0,"enemies":"Champ","floor":33.0,"turns":5.0},{"damage":0.0,"enemies":"3 Shapes","floor":35.0,"turns":4.0},{"damage":13,"enemies":"conspire:MimicChest","floor":36,"turns":5},{"damage":0,"enemies":"Orb Walker","floor":37,"turns":3},{"damage":0,"enemies":"Writhing Mass","floor":38,"turns":5},{"damage":0,"enemies":"Giant Head","floor":44,"turns":6},{"damage":1,"enemies":"Sphere and 2 Shapes","floor":45,"turns":4},{"damage":0,"enemies":"3 Darklings","floor":47,"turns":4},{"damage":43,"enemies":"Reptomancer","floor":48,"turns":5},{"damage":3,"enemies":"Donu and Deca","floor":50,"turns":5}],"seed_played":"-8858668979016113969","potions_obtained":[{"floor":0.0,"key":"GamblersBrew"},{"floor":0.0,"key":"PowerPotion"},{"floor":0.0,"key":"Cursed Concoction"},{"floor":5.0,"key":"CultistPotion"},{"floor":14.0,"key":"AttackPotion"},{"floor":18.0,"key":"DistilledChaos"},{"floor":29.0,"key":"Venom Potion"},{"floor":30.0,"key":"Swift Potion"},{"floor":33.0,"key":"Guardian:BlockOnCardUsePotion"},{"floor":36,"key":"Dexterity Potion"},{"floor":37,"key":"Flashbang"},{"floor":38,"key":"Energy Potion"}],"is_trial":false,"path_per_floor":["M","?","M","?","M","R","$","R","T","?","M","R","M","E","R","B",null,"M","M","M","?","?","R","M","R","T","R","$","E","M","E","R","B",null,"M","?","M","M","$","R","?","R","T","E","M","R","M","E","R","B",null],"character_chosen":"THE_PLACEHOLDER","items_purchased":["PlaceholderMod:Activation","PlaceholderMod:NyogSothep"],"campfire_rested":0,"item_purchase_floors":[39,49],"current_hp_per_floor":[78,78,78,78,72,72,72,72,72,72,72,72,71,71,71,74,77,77,71,71,71,71,71,71,71,71,71,71,71,71,65,65,74,77,78,65,74,78,78,78,78,78,78,78,78,78,78,40,40,63],"gold":108,"neow_bonus":"THREE_SMALL_POTIONS","is_daily":false,"chose_seed":false,"campfire_upgraded":11,"win_rate":0.0,"timestamp":1614055509,"path_taken":["M","?","M","?","?","R","$","R","T","?","M","R","M","E","R","BOSS","M","M","M","?","?","R","M","R","T","R","$","E","M","E","R","BOSS","M","?","M","M","$","R","?","R","T","E","M","R","M","E","R","BOSS"],"items_purchased_type":["Card","Relic"],"build_version":"2020-12-22","purchased_purges":4,"victory":true,"max_hp_per_floor":[78,78,78,78,78,78,78,78,78,78,78,78,78,78,78,78,78,78,78,78,78,78,78,78,78,78,78,78,78,78,78,78,78,78,78,78,78,78,78,78,78,78,78,78,78,78,78,78,78,78],"card_choices":[{"not_picked":["PlaceholderMod:PoisonAbsorb","PlaceholderMod:ProliferateStrike"],"picked":"PlaceholderMod:ThreeBenzyolStart","floor":1.0},{"not_picked":["PlaceholderMod:Break","PlaceholderMod:StressReaction","PlaceholderMod:FastReaction","PlaceholderMod:RadicalHit"],"picked":"PlaceholderMod:HardStrike","floor":3.0},{"not_picked":["PlaceholderMod:NearChange","PlaceholderMod:HornyBlast","PlaceholderMod:StressReaction","PlaceholderMod:PoisonExcitation"],"picked":"PlaceholderMod:GrowthForm","floor":5.0},{"not_picked":["PlaceholderMod:HardStinger","PlaceholderMod:SeverePoisonStrike","PlaceholderMod:Internalization","PlaceholderMod:StressReaction"],"picked":"PlaceholderMod:ParasiteChange","floor":11.0},{"not_picked":["PlaceholderMod:SpinBlade","PlaceholderMod:ComplexForm","PlaceholderMod:NearChange","PlaceholderMod:UnpureUse"],"picked":"PlaceholderMod:ThreeBenzyolStart","floor":13.0},{"not_picked":["PlaceholderMod:DiffusionPoison","PlaceholderMod:NearChange","PlaceholderMod:EvolutionSpray","PlaceholderMod:SprayAttack"],"picked":"PlaceholderMod:SubstitutionNucleophilic1","floor":14.0},{"not_picked":["PlaceholderMod:BlastSpray","PlaceholderMod:MultiReaction","PlaceholderMod:Eat","PlaceholderMod:Activation"],"picked":"PlaceholderMod:SelfCoupling","floor":16.0},{"not_picked":["PlaceholderMod:ConsolidateHit+1","PlaceholderMod:Sweep+1","PlaceholderMod:Corrosion+1","PlaceholderMod:Internalization"],"picked":"PlaceholderMod:Crystallization","floor":18.0},{"not_picked":["PlaceholderMod:SprayAttack","PlaceholderMod:SubstitutionNucleophilic1","PlaceholderMod:SevereHeat","PlaceholderMod:Break","PlaceholderMod:RadicalHit"],"picked":"SKIP","floor":19.0},{"not_picked":["PlaceholderMod:StressReaction","PlaceholderMod:Break","PlaceholderMod:Sweep","PlaceholderMod:StrongAcid+1","PlaceholderMod:ChainPoly"],"picked":"SKIP","floor":20.0},{"not_picked":["PlaceholderMod:TriggerStrike","PlaceholderMod:HardStrike+1","PlaceholderMod:GrowthForm","PlaceholderMod:SpinBlade"],"picked":"PlaceholderMod:Crystallization+1","floor":24.0},{"not_picked":["PlaceholderMod:DissolvingSpikes","PlaceholderMod:CycleAttack","PlaceholderMod:DirectingGroup","PlaceholderMod:PoisonAbsorb+1","PlaceholderMod:ConsolidateHit"],"picked":"SKIP","floor":29.0},{"not_picked":["PlaceholderMod:StrongAcid+1","PlaceholderMod:HighConcentration","PlaceholderMod:Colorful+1","PlaceholderMod:Sweep"],"picked":"PlaceholderMod:HealingAttack","floor":30.0},{"not_picked":["PlaceholderMod:StressReaction","PlaceholderMod:CrystallizationStrike","PlaceholderMod:HardStinger","PlaceholderMod:Hyperplasia","PlaceholderMod:ConsolidateHit"],"picked":"SKIP","floor":31.0},{"not_picked":["PlaceholderMod:Inner","PlaceholderMod:GrowthForm","PlaceholderMod:PericyclicReaction","PlaceholderMod:MultiReaction"],"picked":"PlaceholderMod:DiffusionPoison","floor":33.0},{"not_picked":["PlaceholderMod:PoisonAbsorb+1","PlaceholderMod:Turn","PlaceholderMod:HardStinger+1","PlaceholderMod:NutritionAbsorb+1"],"picked":"PlaceholderMod:Crystallization+1","floor":35.0},{"not_picked":["PlaceholderMod:ConsolidateHit","PlaceholderMod:Stratification","PlaceholderMod:HardStinger","PlaceholderMod:Polyp+1"],"picked":"PlaceholderMod:CrystallizationStrike+1","floor":36},{"not_picked":["PlaceholderMod:ParasiteChange+1","PlaceholderMod:StressReaction+1","PlaceholderMod:HornyBlast+1","PlaceholderMod:PoisonAbsorb","PlaceholderMod:PoisonExcitation+1"],"picked":"SKIP","floor":37},{"not_picked":["PlaceholderMod:TriggerStrike","PlaceholderMod:Break","PlaceholderMod:ThreeBenzyolStart","PlaceholderMod:RadicalHit+1","PlaceholderMod:FastReaction"],"picked":"SKIP","floor":38},{"not_picked":["PlaceholderMod:CorePoison","PlaceholderMod:EvolutionSpray+1","PlaceholderMod:TriggerStrike+1","PlaceholderMod:Corrosion","PlaceholderMod:Polyp+1"],"picked":"SKIP","floor":44},{"not_picked":["PlaceholderMod:SpinBlade+1","PlaceholderMod:HardStinger","PlaceholderMod:Internalization+1","PlaceholderMod:Polyp+1","PlaceholderMod:HornyBlast+1"],"picked":"SKIP","floor":45},{"not_picked":["PlaceholderMod:QualitativeChange","PlaceholderMod:Polyp","PlaceholderMod:Sweep","PlaceholderMod:ParasiteChange+1"],"picked":"PlaceholderMod:HardStrike+1","floor":47},{"not_picked":["PlaceholderMod:SprayAttack","PlaceholderMod:SevereHeat+1","PlaceholderMod:SubstitutionNucleophilic1","PlaceholderMod:HornyBlast+1","PlaceholderMod:NearChange+1"],"picked":"SKIP","floor":48}],"player_experience":930506,"relics_obtained":[{"floor":1.0,"key":"SynthV:TestCard"},{"floor":9.0,"key":"HollowMod:LifeEnderRelic"},{"floor":14.0,"key":"Dota2Spire:Butterfly"},{"floor":26.0,"key":"aspiration:StickyExplosives_weak"},{"floor":29.0,"key":"Guardian:PocketSentry"},{"floor":31.0,"key":"LastBattle"},{"floor":36,"key":"reliquary:SilkGlove"},{"floor":43,"key":"AT_BellDemon"},{"floor":44,"key":"reliquary:OuijaBoard"},{"floor":48,"key":"reliquary:RosewoodLute"}],"event_choices":[{"cards_removed":["PlaceholderMod:BaseStrike"],"damage_healed":0.0,"max_hp_gain":0.0,"max_hp_loss":0.0,"gold_gain":0.0,"event_name":"The Cleric","player_choice":"Card Removal","floor":2.0,"gold_loss":50.0,"damage_taken":0.0},{"cards_removed":["PlaceholderMod:BaseStrike"],"damage_healed":0.0,"max_hp_gain":0.0,"max_hp_loss":0.0,"gold_gain":0.0,"event_name":"Purifier","player_choice":"Purged","floor":4.0,"gold_loss":0.0,"damage_taken":0.0},{"damage_healed":0.0,"max_hp_gain":0.0,"max_hp_loss":0.0,"gold_gain":99.0,"event_name":"Nest","player_choice":"Stole From Cult","floor":21.0,"gold_loss":0.0,"damage_taken":0.0},{"damage_healed":0.0,"max_hp_gain":0.0,"max_hp_loss":0.0,"gold_gain":0.0,"event_name":"conspire:Investor","player_choice":"Leave","floor":22.0,"gold_loss":0.0,"damage_taken":0.0},{"cards_removed":["PlaceholderMod:BaseDefend"],"damage_healed":0,"gold_gain":0,"player_choice":"Removed Skill","damage_taken":0,"max_hp_gain":0,"max_hp_loss":0,"event_name":"Falling","floor":41,"gold_loss":0}],"is_beta":false,"boss_relics":[{"not_picked":["HereWithMe","conspire:RunicOctahedron"],"picked":"Dota2Spire:RefresherOrb"},{"not_picked":["Snecko Eye","Astrolabe"],"picked":"reliquary:ThirdArm"}],"items_purged_floors":[7,28,39,49],"is_endless":false,"potions_floor_spawned":[5,13,14,18,29,30,33,36,37,38],"ascension_level":5}}