{"host":"ec3b6qygjurkg9iw","time":1614101369,"event":{"mods":["AchievementEnabler","Act Like it!","BaseMod","BetterRewards","Bossed Relics","Colored Map","Dio Mod","Downfall","Extra Virgin Snecko Oil","GifTheSpireLib","Good Game Mod","Hermit","Highlight Path","Hubris","Infinite Spire","Lobotomy","Minty Spire (QoL Compilation)","Pale of the Ancients","Reliquary","Replay The Spire","Small Relic Pack","Spicy Shops","StSLib","Stuff the Spire","The Blue Laboratory","The Exalted","The Runesmith","Thieving Mod","Wandering Minibosses"],"gold_per_floor":[116,191,203,203,213,213,213,232,232,250,250,250],"floor_reached":11,"language":"ENG","playtime":1264,"items_purged":[],"score":65,"play_id":"3fa1e756-6dd9-4fd0-ab67-e0845c336527","local_time":"20210223122929","is_ascension_mode":false,"campfire_choices":[{"floor":6,"key":"REST"}],"circlet_count":0,"master_deck":["Strike_P","Strike_P","Strike_P","Strike_P","Defend_P","Defend_P","Defend_P","Defend_P","Eruption","Vigilance","Slimebound:DouseInSlime","OSAHOGD","SashWhip","MeatLantern","PathToVictory","NakedNest","Consecrate","Woodsman","FlurryOfBlows","UniverseFragment","FlurryOfBlows"],"relics":["PureWater","REME:ComplimentaryCards","CogitoBucket","infinitespire:WardingShard","hubris:SphereOfDissonance"],"acts_visited":["Exordium"],"potions_floor_usage":[5],"damage_taken":[{"damage":3,"enemies":"2 Louse","floor":1,"turns":3},{"damage":6,"enemies":"Small Slimes","floor":3,"turns":3},{"damage":51,"enemies":"Jaw Worm","floor":5,"turns":3},{"damage":8,"enemies":"Exordium Wildlife","floor":8,"turns":5},{"damage":14,"enemies":"Gremlin Gang","floor":10,"turns":4},{"damage":59,"enemies":"3 Sentries","floor":11,"turns":7}],"seed_played":"-5058050946020452412","potions_obtained":[{"floor":1,"key":"PowerPotion"},{"floor":8,"key":"Regen Potion"}],"is_trial":false,"path_per_floor":["M","?","M","?","M","R","T","M","T","M","E"],"character_chosen":"WATCHER","items_purchased":[],"campfire_rested":1,"item_purchase_floors":[],"current_hp_per_floor":[69,58,52,52,1,22,22,14,14,24,0,0],"gold":250,"neow_bonus":"","is_daily":false,"chose_seed":false,"campfire_upgraded":0,"win_rate":0.0,"timestamp":1614101369,"path_taken":["M","?","M","?","M","R","?","M","T","M","E"],"items_purchased_type":[],"build_version":"2020-12-22","purchased_purges":0,"victory":false,"max_hp_per_floor":[72,72,72,72,72,72,72,72,72,72,72,72],"card_choices":[{"not_picked":["ShyLook","Murderer"],"picked":"OSAHOGD","floor":1},{"not_picked":["EmptyBody","FearNoEvil"],"picked":"SashWhip","floor":1},{"not_picked":["ShyLook","VoidDream"],"picked":"MeatLantern","floor":3},{"not_picked":["Replay:Anticipation","EmptyFist"],"picked":"PathToVictory","floor":3},{"not_picked":["Murderer","ShyLook"],"picked":"NakedNest","floor":5},{"not_picked":["Worship","Replay:Anticipation"],"picked":"Consecrate","floor":5},{"not_picked":["Murderer","WhitesApple"],"picked":"Woodsman","floor":8},{"not_picked":["JustLucky","SignatureMove"],"picked":"FlurryOfBlows","floor":8},{"not_picked":["OldLady","CrumblingArmor"],"picked":"UniverseFragment","floor":10},{"not_picked":["JustLucky","FlyingSleeves"],"picked":"FlurryOfBlows","floor":10}],"player_experience":98926,"relics_obtained":[{"floor":7,"key":"infinitespire:WardingShard"},{"floor":9,"key":"hubris:SphereOfDissonance"}],"event_choices":[{"damage_healed":0,"gold_gain":75,"player_choice":"Gather Gold","damage_taken":11,"max_hp_gain":0,"max_hp_loss":0,"event_name":"World of Goop","floor":2,"gold_loss":0},{"damage_healed":0,"gold_gain":0,"player_choice":"Ignored","damage_taken":0,"max_hp_gain":0,"max_hp_loss":0,"event_name":"Golden Wing","floor":4,"gold_loss":0}],"is_beta":false,"boss_relics":[],"items_purged_floors":[],"is_endless":false,"potions_floor_spawned":[1,8],"killed_by":"3 Sentries","ascension_level":0}}