{"host":"ucui2dhitt7z24xz","time":1614101703,"event":{"mods":["2.2 Compatiblity","AchievementEnabler","Act Like it!","AlwaysNeverKeys","Aspiration","BaseMod","Better Altar","Better Match","Better Note","Better Sensory Stone","Better Skull","Better Synergies","Better Third Choice","Block Reminder","Colored Map","Conspire","Dark Map","Disable Question Mark Monsters","GifTheSpireLib","Halation","Hubris","Infinite Spire","Jedi Mod","Marked Mod","Minty Spire (QoL Compilation)","Pale of the Ancients","Permanent Neow","Random Character Button","Rare Cards Sparkle","Relic Filter","Reliquary","Replay The Spire","SCP261 Mod","Spicy Shops","Spikes Relics","Spire Arcade","StSLib","Stuff the Spire","The Blue Laboratory","Wandering Minibosses"],"gold_per_floor":[119,138,153,153,8,33,33,48,48,63,97,107,123,123,123,225,225,184,198,198,211,14,43,53,70,117,67,67,67,91,91,91,176,226,236,236,251,251,258,277,277,1090,1090,1118,1137,1150,1163,1194,1194,1194,1207,1217,1228,1228,1228,1247,1247,791,791,791],"floor_reached":61,"language":"ENG","playtime":5574,"items_purged":["Strike_G","Strike_G","Defend_G"],"score":1568,"play_id":"ba248a1c-d322-4226-865d-4caa61561964","local_time":"20210223123503","is_ascension_mode":false,"campfire_choices":[{"data":"Replay:Bag of Tricks","floor":7,"key":"SMITH"},{"data":"Burst","floor":15,"key":"SMITH"},{"floor":29,"key":"RECALL"},{"data":"Footwork","floor":32,"key":"SMITH"},{"data":"Adrenaline","floor":41,"key":"SMITH"},{"data":"StuffTheSpire:MirrorStance","floor":49,"key":"SMITH"},{"data":"Venomology","floor":55,"key":"SMITH"},{"data":"Phantasmal Killer","floor":57,"key":"SMITH"}],"circlet_count":0,"master_deck":["Strike_G","Strike_G","Defend_G","Defend_G","Defend_G","Defend_G","Survivor","Neutralize","Quick Slash","Dagger Spray","Blade Dance+1","Replay:Bag of Tricks+1","Burst+1","Doppelganger+1","Backflip","Footwork+1","Slice+1","Adrenaline+1","Backflip+1","conspire:PoisonWeapons+1","Phantasmal Killer+1","StuffTheSpire:MirrorStance+1","ReplayTheSpireMod:Tripwire+1","Venomology+1","Choke","Footwork","Footwork","Hidden Blade"],"relics":["StuffTheSpire:Kangaroo","hubris:SphereOfDissonance","Happy Flower","SnailShell","Black Star","Replay:Kaleidoscope","ReplayTheSpireMod:TigerMarble","reliquary:IridiumChain","Bird Faced Urn","Nunchaku","Bottled Lightning","hubris:Towel","infinitespire:WardingShard","reliquary:RoseTintedGlasses","wanderingMiniBosses:MasterThiefsPresence","jedi:arcanewood","BlackRope","jedi:cryingmask","hubris:ToyBattleship","paleoftheancients:Timepiece","paleoftheancients:KeyRelic","Ice Cream","Bronze Scales","paleoftheancients:SoulOfTheTimeEater","paleoftheancients:BlurryLens","Kunai","Pear","halation:Thesaurus","hubris:Backtick","Shuriken","hubris:NiceRug","SpikesRelics:DaevaFist","ReplayTheSpireMod:Ninjato","conspire:Dentures","ExplosiveVial"],"acts_visited":["Exordium","TheCity","TheBeyond","paleoftheancients:PaleOfTheAncients"],"potions_floor_usage":[6,16,18,23,27,27,40,45,51,51,56,58,60,60,60,60],"damage_taken":[{"damage":3,"enemies":"Small Slimes","floor":1,"turns":3},{"damage":0,"enemies":"2 Louse","floor":2,"turns":2},{"damage":0,"enemies":"Cultist","floor":3,"turns":3},{"damage":32,"enemies":"Lagavulin","floor":6,"turns":8},{"damage":3,"enemies":"Large Slime","floor":8,"turns":5},{"damage":4,"enemies":"2 Fungi Beasts","floor":10,"turns":2},{"damage":6,"enemies":"Gremlin Nob","floor":11,"turns":3},{"damage":0,"enemies":"Red Slaver","floor":12,"turns":3},{"damage":0,"enemies":"Looter","floor":13,"turns":1},{"damage":14,"enemies":"The Guardian","floor":16,"turns":10},{"damage":13,"enemies":"Chosen","floor":18,"turns":7},{"damage":0,"enemies":"Spheric Guardian","floor":19,"turns":4},{"damage":5,"enemies":"Centurion and Healer","floor":21,"turns":6},{"damage":0,"enemies":"Nightmare","floor":23,"turns":5},{"damage":0,"enemies":"3 Cultists","floor":24,"turns":6},{"damage":4,"enemies":"Shelled Parasite and Fungi","floor":25,"turns":3},{"damage":10,"enemies":"Sentry and Sphere","floor":27,"turns":8},{"damage":6,"enemies":"Book of Stabbing","floor":30,"turns":6},{"damage":0,"enemies":"Champ","floor":33,"turns":12},{"damage":0,"enemies":"Orb Walker","floor":35,"turns":2},{"damage":0,"enemies":"3 Shapes","floor":37,"turns":3},{"damage":0,"enemies":"Jaw Worm Horde","floor":39,"turns":3},{"damage":25,"enemies":"R_Hoarder","floor":40,"turns":9},{"damage":0,"enemies":"Sphere and 2 Shapes","floor":42,"turns":5},{"damage":0,"enemies":"conspire:MimicChest","floor":44,"turns":4},{"damage":13,"enemies":"Spire Growth","floor":45,"turns":5},{"damage":0,"enemies":"Jaw Worm Horde","floor":46,"turns":3},{"damage":0,"enemies":"Writhing Mass","floor":47,"turns":4},{"damage":6,"enemies":"Nightmare","floor":48,"turns":6},{"damage":0,"enemies":"hubris:GrandSnecko","floor":50,"turns":3},{"damage":0,"enemies":"hubris:GrandSnecko","floor":51,"turns":5},{"damage":0,"enemies":"hubris:GrandSnecko","floor":52,"turns":3},{"damage":0,"enemies":"paleoftheancients:BASlime2","floor":53,"turns":1},{"damage":0,"enemies":"paleoftheancients:BASlime2","floor":56,"turns":11},{"damage":0,"enemies":"hubris:Merchant","floor":58,"turns":5},{"damage":74,"enemies":"paleoftheancients:N","floor":60,"turns":7}],"seed_played":"1943978900579718152","potions_obtained":[{"floor":1,"key":"jedi:wingpotion"},{"floor":2,"key":"Elixir"},{"floor":3,"key":"SCP261:GirlTearsPotion"},{"floor":13,"key":"Poison Potion"},{"floor":16,"key":"SkillPotion"},{"floor":18,"key":"jedi:hoardpotion"},{"floor":24,"key":"Explosive Potion"},{"floor":25,"key":"blueLaboratory:BlinkPotion"},{"floor":30,"key":"SCP261:BarrettColaPotion"},{"floor":34,"key":"Block Potion"},{"floor":39,"key":"blueLaboratory:AbyssPotion"},{"floor":40,"key":"blueLaboratory:FrostheartPotion"},{"floor":42,"key":"Poison Potion"},{"floor":46,"key":"Block Potion"},{"floor":48,"key":"SCP261:GirlTearsPotion"},{"floor":53,"key":"CultistPotion"},{"floor":56,"key":"Adrenaline Potion"}],"is_trial":false,"path_per_floor":["M","M","M","?","$","E","R","M","T","M","E","M","M","?","R","B",null,"M","M","AVR","M","$","NM","M","M","T","M","?","R","E","?","R","B",null,"M","?","M","?","M","E","R","M","T","?","M","M","M","NM","R","B","M","M","M","T","R","M","R","$","?","B",null],"character_chosen":"THE_SILENT","items_purchased":["Replay:Bag of Tricks","ReplayTheSpireMod:TigerMarble","blueLaboratory:EnvenomedCoating","Choke","Pear","halation:Thesaurus","Footwork","Adrenaline Potion"],"campfire_rested":0,"item_purchase_floors":[5,22,22,58,58,58,58,58],"current_hp_per_floor":[67,67,67,67,67,35,35,32,32,28,22,22,22,22,22,8,70,57,57,57,52,52,52,57,55,55,49,49,49,51,51,51,61,76,76,76,76,76,76,51,51,53,53,57,46,46,54,52,52,76,76,76,76,76,76,76,76,86,86,49],"gold":791,"neow_bonus":"BOSS_RELIC","is_daily":false,"chose_seed":false,"campfire_upgraded":7,"win_rate":0.0,"timestamp":1614101703,"path_taken":["M","M","M","?","?","E","R","M","T","M","E","M","M","?","R","BOSS","M","M","AVR","M","$","NM","M","M","T","M","?","R","E","?","R","BOSS","M","?","M","?","M","E","R","?","T","?","M","M","M","NM","R","BOSS","M","M","?","T","R","M","R","$","?","BOSS"],"items_purchased_type":["Card","Relic","Potion","Card","Relic","Relic","Card","Potion"],"build_version":"2020-12-22","purchased_purges":3,"victory":true,"max_hp_per_floor":[70,70,70,70,70,70,70,70,70,70,70,70,70,70,70,70,70,70,70,70,70,70,70,71,71,71,71,71,71,71,71,71,71,76,76,76,76,76,76,76,76,76,76,76,76,76,76,76,76,76,76,76,76,76,76,76,76,86,86,86],"card_choices":[{"not_picked":["Underhanded Strike","StuffTheSpire:Incursion"],"picked":"Quick Slash","floor":1},{"not_picked":["StuffTheSpire:ClusterCrunch","Deadly Poison"],"picked":"Dagger Spray","floor":2},{"not_picked":["All Out Attack","Bane"],"picked":"Blade Dance","floor":3},{"not_picked":["Endless Agony","Tools of the Trade"],"picked":"Burst","floor":6},{"not_picked":["StuffTheSpire:Injection","Dagger Spray","ReplayTheSpireMod:Scrap Shanks"],"picked":"SKIP","floor":8},{"not_picked":["Terror","Concentrate","Toxin Wave"],"picked":"SKIP","floor":10},{"not_picked":["Deflect","Eviscerate","hubris:SlightOfHand"],"picked":"SKIP","floor":11},{"not_picked":["ReplayTheSpireMod:Shiv Toss","Dagger Throw","Toxin Wave"],"picked":"SKIP","floor":12},{"not_picked":["Flying Knee","Underhanded Strike","Slice"],"picked":"SKIP","floor":13},{"not_picked":["Cloak And Dagger","StuffTheSpire:BumpUp+1","Quick Slash"],"picked":"SKIP","floor":18},{"not_picked":["StuffTheSpire:Sprint","Underhanded Strike"],"picked":"Doppelganger","floor":19},{"not_picked":["Distraction+1","StuffTheSpire:Incantation+1"],"picked":"Backflip","floor":21},{"not_picked":["Blur","Quick Slash"],"picked":"Footwork","floor":23},{"not_picked":["Concentrate","Bane+1"],"picked":"Slice+1","floor":24},{"not_picked":["ReplayTheSpireMod:Speed Training","Bouncing Flask","Prepared"],"picked":"SKIP","floor":25},{"not_picked":["Cloak And Dagger","ReplayTheSpireMod:Shiv Toss","ReplayTheSpireMod:Speed Training"],"picked":"SKIP","floor":27},{"not_picked":["StuffTheSpire:FinalStruggle","Sneak Up","StuffTheSpire:Injection+1"],"picked":"SKIP","floor":30},{"not_picked":["Doppelganger","Malaise"],"picked":"Adrenaline","floor":33},{"not_picked":["StuffTheSpire:ClusterCrunch","Sucker Punch+1","Underhanded Strike"],"picked":"SKIP","floor":35},{"not_picked":["Tactician","ReplayTheSpireMod:Scrap Shanks+1"],"picked":"Backflip+1","floor":37},{"not_picked":["Eviscerate+1","Catalyst"],"picked":"conspire:PoisonWeapons+1","floor":39},{"not_picked":["hubris:SlightOfHand","ReplayTheSpireMod:Speed Training","jedi:collectorvenom+1"],"picked":"SKIP","floor":40},{"not_picked":["Deflect+1","jedi:pocketpoison+1","Cloak And Dagger"],"picked":"SKIP","floor":42},{"not_picked":["Dodge and Roll","Sucker Punch+1"],"picked":"Phantasmal Killer","floor":44},{"not_picked":["Cloak And Dagger","Slice+1","Pace+1"],"picked":"SKIP","floor":45},{"not_picked":["ShadowRift+1","Acrobatics","Flying Knee"],"picked":"SKIP","floor":46},{"not_picked":["Outmaneuver+1","Caltrops"],"picked":"StuffTheSpire:MirrorStance","floor":47},{"not_picked":["Dodge and Roll","Masterful Stab","Quick Slash"],"picked":"SKIP","floor":48},{"not_picked":["ReplayTheSpireMod:Scrap Shanks+1","Tactician","Catalyst+1"],"picked":"SKIP","floor":51},{"not_picked":["All Out Attack+1","Concentrate"],"picked":"ReplayTheSpireMod:Tripwire+1","floor":52},{"not_picked":["jedi:pocketpoison","StuffTheSpire:BrimstoneBlast"],"picked":"Venomology","floor":53},{"not_picked":["Escape Plan","StuffTheSpire:DoubleShiv+1","Dagger Throw"],"picked":"SKIP","floor":56},{"not_picked":[],"picked":"Hidden Blade","floor":58},{"not_picked":["Masterful Stab"],"picked":"SKIP","floor":58},{"not_picked":["Outmaneuver"],"picked":"SKIP","floor":58},{"not_picked":["Mind Blast"],"picked":"SKIP","floor":58},{"not_picked":["StuffTheSpire:Recharge"],"picked":"SKIP","floor":58}],"player_experience":712032,"relics_obtained":[{"floor":6,"key":"hubris:SphereOfDissonance"},{"floor":9,"key":"Happy Flower"},{"floor":11,"key":"SnailShell"},{"floor":23,"key":"reliquary:IridiumChain"},{"floor":23,"key":"Bird Faced Urn"},{"floor":30,"key":"Nunchaku"},{"floor":30,"key":"Bottled Lightning"},{"floor":40,"key":"infinitespire:WardingShard"},{"floor":40,"key":"reliquary:RoseTintedGlasses"},{"floor":42,"key":"wanderingMiniBosses:MasterThiefsPresence"},{"floor":43,"key":"jedi:arcanewood"},{"floor":44,"key":"BlackRope"},{"floor":48,"key":"jedi:cryingmask"},{"floor":48,"key":"hubris:ToyBattleship"},{"floor":51,"key":"paleoftheancients:SoulOfTheTimeEater"},{"floor":52,"key":"paleoftheancients:SoulOfTheIroncluck"},{"floor":53,"key":"paleoftheancients:BlurryLens"},{"floor":54,"key":"Kunai"},{"floor":56,"key":"paleoftheancients:SoulOfTheHexaghost"},{"floor":58,"key":"SpikesRelics:DaevaFist"},{"floor":58,"key":"ReplayTheSpireMod:Ninjato"},{"floor":58,"key":"conspire:Dentures"},{"floor":58,"key":"ExplosiveVial"}],"event_choices":[{"damage_healed":0,"gold_gain":1,"player_choice":"1","damage_taken":0,"max_hp_gain":0,"max_hp_loss":0,"event_name":"betterStone:BetterStone","floor":4,"gold_loss":0},{"cards_removed":["Strike_G"],"damage_healed":0,"gold_gain":0,"player_choice":"Offered Basic","damage_taken":0,"max_hp_gain":0,"max_hp_loss":0,"event_name":"Bonfire Elementals","floor":14,"gold_loss":0},{"damage_healed":0,"gold_gain":0,"player_choice":"Upgraded","damage_taken":0,"max_hp_gain":0,"max_hp_loss":0,"event_name":"Upgrade Shrine","floor":28,"gold_loss":0,"cards_upgraded":["Doppelganger"]},{"cards_removed":["Strike_G"],"damage_healed":0,"gold_gain":0,"player_choice":"Give","damage_taken":0,"max_hp_gain":0,"max_hp_loss":0,"event_name":"betterNote:BetterNote","floor":31,"gold_loss":0,"cards_obtained":["Defend_R"]},{"damage_healed":0,"gold_gain":0,"player_choice":"Got Potions","damage_taken":0,"max_hp_gain":0,"max_hp_loss":0,"event_name":"Lab","floor":38,"gold_loss":0}],"is_beta":false,"boss_relics":[{"not_picked":["WristBlade","Coffee Dripper"],"picked":"Black Star"},{"not_picked":["Philosopher\u0027s Stone","jedi:hotpepper"],"picked":"Tiny House"}],"items_purged_floors":[20,58,58],"is_endless":false,"potions_floor_spawned":[1,2,3,13,16,18,24,25,30,33,39,40,42,46,48,53,56],"ascension_level":0}}