{"host":"hqxy2g3i5ker09hc","time":1614044463,"event":{"mods":["2.2 Compatiblity","AlwaysNeverKeys","Aspiration","BaseMod","Beaked The Cultist","Better Match","Better Note","Better Sensory Stone","Better Silent Start","Better Third Choice","Better-Laid Plans","Conspire","Downfall","GifTheSpireLib","Gold Saver","Hubris","Ironclad Rager","Kalas","Marked Mod","Melee Mod","Minty Spire (QoL Compilation)","MostiFishMod","Nova Terra(??·??)","Permanent Neow","Pikachu Mod","Quarter Circle Forward PUNCH!","Quick Restart","Railgun Mod","Replay The Spire","SIMod","SOS???????","Shop Mod","Small Relic Pack","Spikes Relics","StSLib","Stuff the Spire","The Animator","The Bug Knight","The Forsaken","The Wild Card"],"gold_per_floor":[1388,1388,1388,1388,1388,1388,1430,1453,1453,719,719,815,840,221,221,362,362,362,362],"floor_reached":18,"language":"ENG","playtime":1168,"items_purged":[],"score":166,"play_id":"0b7f0b01-e457-4637-acc4-0e6cf7a6e7e9","local_time":"20210223024103","is_ascension_mode":false,"campfire_choices":[{"data":"Perseverance","floor":6,"key":"SMITH"},{"data":"Pandora","floor":11,"key":"SMITH"},{"data":"Gunslinger","floor":15,"key":"SMITH"}],"circlet_count":0,"master_deck":["Attack_a","Attack_a","Attack_b","Shoot","Shoot","Provocation","Defend_Dante","Defend_Dante","Defend_Dante+1","Defend_Dante","Redorb","Lucifer","Perseverance+1","Pandora+1","Chargeshoot","HandOfGreed","PlatinumSkin","Stinger","Stinger","Stylechange","Gunslinger+1","Gunstinger","Rebellion","Goldorb"],"relics":["SSS","Combocheck","DaveBox","aspiration:Nostalgia","Pikachu:LeftoversRelic","MostiFishMod:AdaptiveDefenses","SynthV:TestCard","relicPack:OneForAll","qcfpunch:Red_Beret","Mummified Hand","hubris:BottledRain","Bag of Preparation","Gremlin Horn","ReplayTheSpireMod:Lightbulb","TungstenRod","Omamori","Ring of Chaos"],"acts_visited":["Exordium","TheCity"],"potions_floor_usage":[],"damage_taken":[{"damage":0,"enemies":"Small Slimes","floor":1,"turns":5},{"damage":23,"enemies":"3 Sentries","floor":7,"turns":9},{"damage":1,"enemies":"2 Louse","floor":8,"turns":3},{"damage":10,"enemies":"Gremlin Nob","floor":12,"turns":4},{"damage":0,"enemies":"Jaw Worm","floor":13,"turns":5},{"damage":38,"enemies":"Hexaghost","floor":16,"turns":10},{"damage":12,"enemies":"3 Byrds","floor":18,"turns":3}],"seed_played":"4278402951159602791","potions_obtained":[{"floor":8,"key":"Strength Potion"}],"is_trial":false,"path_per_floor":["M","?","?","?","?","R","E","M","T","$","R","E","M","$","R","B",null,"M"],"character_chosen":"DANTE","items_purchased":["Bag of Preparation","Gremlin Horn","HandOfGreed","PlatinumSkin","Stinger","TungstenRod","Omamori","Gunslinger","Gunstinger","Rebellion"],"campfire_rested":0,"item_purchase_floors":[10,10,10,10,10,14,14,14,14,14],"current_hp_per_floor":[80,80,80,71,71,71,61,62,62,62,62,70,72,72,72,46,80,68,68],"gold":362,"neow_bonus":"NOSTALGIA","is_daily":false,"chose_seed":false,"campfire_upgraded":3,"win_rate":0.0,"timestamp":1614044463,"path_taken":["M","?","?","?","?","R","E","M","T","$","R","E","M","$","R","BOSS","M"],"items_purchased_type":["Relic","Relic","Card","Card","Card","Relic","Relic","Card","Card","Card"],"build_version":"2020-12-22","purchased_purges":0,"victory":false,"max_hp_per_floor":[80,80,80,80,80,80,80,80,80,80,80,80,80,80,80,80,80,80,80],"card_choices":[{"not_picked":["Weaponchange","LucifercomboB"],"picked":"Lucifer","floor":1},{"not_picked":["Swordmaster","Millionkick","LucifercomboA","Royaldefend"],"picked":"Pandora","floor":7},{"not_picked":["Lucifer","LucifercomboA","LucifercomboB","Doubleshoot"],"picked":"Chargeshoot","floor":8},{"not_picked":["LucifercomboC","LucifercomboB","SSScard","Unrisingdragon","Pandora"],"picked":"SKIP","floor":12},{"not_picked":["Whiteorb","Chargeshoot","LucifercomboD","Gunslinger"],"picked":"Stylechange","floor":13},{"not_picked":["Blueorb","Demonreform","Trickster","Airtrick"],"picked":"Goldorb","floor":16}],"player_experience":691301,"relics_obtained":[{"floor":1,"key":"SynthV:TestCard"},{"floor":7,"key":"Mummified Hand"},{"floor":9,"key":"hubris:BottledRain"},{"floor":12,"key":"ReplayTheSpireMod:Lightbulb"}],"event_choices":[{"damage_healed":0,"gold_gain":0,"player_choice":"Ignored","damage_taken":0,"max_hp_gain":0,"max_hp_loss":0,"event_name":"Golden Wing","floor":3,"gold_loss":0}],"is_beta":false,"boss_relics":[{"not_picked":["Abe\u0027s Treasure","Kintsugi"],"picked":"Ring of Chaos"}],"items_purged_floors":[],"is_endless":false,"potions_floor_spawned":[8,16],"killed_by":"3 Byrds","ascension_level":0}}