{"host":"Bilverbakes","time":1614049836,"event":{"mods":["2.2 Compatiblity","AchievementEnabler","BaseMod","Bestiary","Colored Map","Minty Spire (QoL Compilation)","Relic Stats","StSLib","ojb\u0027s Info Mod"],"gold_per_floor":[114,264,264,277,292,292,302,302,329,59,59,100,100,14,14,108,108,121,121,139,64,89,89,89,89,89,89,139,183,202,245,245,339,339,354,385,385,400,415,415,438,438,438,477,495,495,495],"floor_reached":46,"language":"ENG","playtime":1997,"items_purged":["Doubt"],"score":1172,"play_id":"e729bf2d-f408-41a8-a907-88a716ed1d80","local_time":"20210222211036","is_ascension_mode":true,"campfire_choices":[{"data":"Go for the Eyes","floor":6.0,"key":"SMITH"},{"data":"Zap","floor":8.0,"key":"SMITH"},{"data":"Dualcast","floor":13.0,"key":"SMITH"},{"data":"Defragment","floor":15.0,"key":"SMITH"},{"floor":23.0,"key":"REST"},{"data":"Machine Learning","floor":25.0,"key":"SMITH"},{"floor":27.0,"key":"REST"},{"floor":32.0,"key":"REST"},{"floor":40.0,"key":"RECALL"},{"data":"Glacier","floor":42.0,"key":"SMITH"}],"circlet_count":0,"master_deck":["AscendersBane","Strike_B+1","Strike_B+1","Strike_B+1","Strike_B+1","Defend_B+1","Defend_B+1","Defend_B+1","Defend_B+1","Zap+1","Dualcast+1","Go for the Eyes+1","FTL+1","Steam","Glacier+1","Machine Learning+1","Defragment+1","Reboot+1","CurseOfTheBell","Doom and Gloom+1","Consume+1","Compile Driver+1","Ball Lightning+1","Turbo+1","Leap+1","Fission+1","Skim+1","Rainbow+1","Coolheaded+1"],"relics":["Inserter","PreservedInsect","Toxic Egg 2","Golden Idol","Dream Catcher","Calling Bell","Lantern","Molten Egg 2","Turnip","Sundial","Emotion Chip","Letter Opener","Busted Crown","CaptainsWheel","The Courier"],"acts_visited":["Exordium","TheCity","TheBeyond"],"potions_floor_usage":[],"damage_taken":[{"damage":2.0,"enemies":"Cultist","floor":1.0,"turns":4.0},{"damage":9.0,"enemies":"Jaw Worm","floor":4.0,"turns":5.0},{"damage":1.0,"enemies":"Small Slimes","floor":5.0,"turns":4.0},{"damage":11.0,"enemies":"Looter","floor":7.0,"turns":4.0},{"damage":0.0,"enemies":"Gremlin Nob","floor":12.0,"turns":3.0},{"damage":23.0,"enemies":"The Guardian","floor":16.0,"turns":16.0},{"damage":0.0,"enemies":"Chosen","floor":18.0,"turns":6.0},{"damage":19.0,"enemies":"3 Byrds","floor":20.0,"turns":5.0},{"damage":19.0,"enemies":"Snake Plant","floor":22.0,"turns":6.0},{"damage":16.0,"enemies":"Book of Stabbing","floor":29.0,"turns":7.0},{"damage":1.0,"enemies":"Centurion and Healer","floor":30.0,"turns":4.0},{"damage":0.0,"enemies":"Gremlin Leader","floor":31.0,"turns":3.0},{"damage":0.0,"enemies":"Champ","floor":33.0,"turns":11.0},{"damage":0.0,"enemies":"Orb Walker","floor":35.0,"turns":2.0},{"damage":0.0,"enemies":"Mind Bloom Boss Battle","floor":36.0,"turns":3.0},{"damage":3.0,"enemies":"3 Darklings","floor":38.0,"turns":4.0},{"damage":1.0,"enemies":"Maw","floor":39.0,"turns":6.0},{"damage":1.0,"enemies":"Spire Growth","floor":41.0,"turns":4.0},{"damage":31.0,"enemies":"Reptomancer","floor":44.0,"turns":5.0},{"damage":2.0,"enemies":"4 Shapes","floor":45.0,"turns":4.0},{"damage":31,"enemies":"Nemesis","floor":46,"turns":4}],"seed_played":"5671952642758572377","potions_obtained":[{"floor":4.0,"key":"FocusPotion"},{"floor":7.0,"key":"EntropicBrew"},{"floor":18.0,"key":"EssenceOfDarkness"},{"floor":22.0,"key":"BlessingOfTheForge"},{"floor":33.0,"key":"Fire Potion"},{"floor":35.0,"key":"LiquidBronze"},{"floor":39.0,"key":"Fire Potion"},{"floor":41.0,"key":"ColorlessPotion"},{"floor":44.0,"key":"BlessingOfTheForge"}],"is_trial":false,"path_per_floor":["M","?","?","M","M","R","M","R","T","$","?","E","R","$","R","B",null,"M","?","M","$","M","R","?","R","T","R","?","E","M","E","R","B",null,"M","?","?","M","M","R","M","R","T","E","M","E"],"character_chosen":"DEFECT","items_purchased":["Toxic Egg 2","Defragment"],"campfire_rested":3,"item_purchase_floors":[10,14],"current_hp_per_floor":[62,62,67,58,57,57,46,46,46,46,46,46,46,46,46,23,58,58,58,39,39,20,40,40,40,40,60,60,44,43,43,63,63,68,68,68,66,63,62,62,61,61,61,30,28,0,0],"gold":495,"neow_bonus":"BOSS_RELIC","is_daily":false,"chose_seed":false,"campfire_upgraded":6,"win_rate":0.0,"timestamp":1614049836,"path_taken":["M","?","?","M","M","R","M","R","T","$","?","E","R","$","R","BOSS","M","?","?","$","M","R","?","R","T","R","?","E","M","E","R","BOSS","M","?","?","?","M","R","?","R","T","E","M","E"],"items_purchased_type":["Relic","Card"],"build_version":"2020-12-18","purchased_purges":1,"victory":false,"max_hp_per_floor":[71,71,76,76,76,76,76,76,76,76,69,69,69,69,69,69,69,69,69,69,69,69,69,69,69,69,69,69,69,69,69,69,69,69,69,69,66,66,66,66,66,66,66,66,66,66,66],"relic_stats":{"Dream Catcher":3,"Emotion Chip":[18,6,4,8,0],"Inserter":[54],"Busted Crown":14,"counters":[21,110],"Golden Idol":112,"Sundial":[12],"PreservedInsect":226,"Turnip":[17],"Letter Opener":[163],"obtain_stats":[{"Lantern":17,"Inserter":0,"Golden Idol":11,"PreservedInsect":9,"The Courier":44,"Letter Opener":31,"Calling Bell":17,"Dream Catcher":12,"Emotion Chip":29,"CaptainsWheel":36,"Busted Crown":34,"Sundial":26,"Molten Egg 2":17,"Turnip":17,"Toxic Egg 2":10,"Cracked Core":0},{"Lantern":6,"Inserter":0,"Golden Idol":4,"PreservedInsect":4,"The Courier":19,"Letter Opener":12,"Calling Bell":6,"Dream Catcher":5,"Emotion Chip":10,"CaptainsWheel":15,"Busted Crown":13,"Sundial":9,"Molten Egg 2":6,"Turnip":6,"Toxic Egg 2":4,"Cracked Core":0},{"Lantern":36,"Inserter":0,"Golden Idol":17,"PreservedInsect":17,"The Courier":102,"Letter Opener":67,"Calling Bell":36,"Dream Catcher":20,"Emotion Chip":60,"CaptainsWheel":83,"Busted Crown":78,"Sundial":53,"Molten Egg 2":36,"Turnip":36,"Toxic Egg 2":17,"Cracked Core":0}]},"card_choices":[{"not_picked":["Hologram","Barrage"],"picked":"Go for the Eyes","floor":1.0},{"not_picked":["Sweeping Beam","Hologram"],"picked":"FTL","floor":4.0},{"not_picked":["Streamline","Rebound"],"picked":"Steam","floor":5.0},{"not_picked":["Beam Cell","Capacitor"],"picked":"Glacier","floor":7.0},{"not_picked":["Go for the Eyes","White Noise+1"],"picked":"Machine Learning","floor":12.0},{"not_picked":["Creative AI","Thunder Strike"],"picked":"Reboot+1","floor":16.0},{"not_picked":["Lockon+1","Gash+1"],"picked":"Doom and Gloom+1","floor":18.0},{"not_picked":["Skim+1","Defragment"],"picked":"Consume+1","floor":20.0},{"not_picked":["White Noise+1","Rebound+1"],"picked":"Compile Driver+1","floor":22.0},{"not_picked":["Cold Snap+1","Coolheaded+1"],"picked":"Ball Lightning+1","floor":23.0},{"not_picked":["Rip and Tear+1","Melter+1"],"picked":"Turbo+1","floor":29.0},{"not_picked":["Self Repair","Gash+1"],"picked":"Leap+1","floor":30.0},{"not_picked":["Auto Shields+1","Darkness+1"],"picked":"Fission+1","floor":31.0},{"not_picked":["Consume+1","Beam Cell+1"],"picked":"Skim+1","floor":32.0},{"not_picked":["Echo Form","Machine Learning"],"picked":"Rainbow+1","floor":33.0},{"not_picked":["Sweeping Beam+1"],"picked":"SKIP","floor":35.0},{"not_picked":["Gash+1"],"picked":"SKIP","floor":38.0},{"not_picked":["Sunder+1"],"picked":"SKIP","floor":39.0},{"not_picked":["Turbo+1"],"picked":"SKIP","floor":41.0},{"not_picked":["Melter+1"],"picked":"SKIP","floor":44.0},{"not_picked":[],"picked":"Coolheaded+1","floor":45.0}],"player_experience":998479,"relics_obtained":[{"floor":9.0,"key":"PreservedInsect"},{"floor":12.0,"key":"Dream Catcher"},{"floor":17.0,"key":"Lantern"},{"floor":17.0,"key":"Molten Egg 2"},{"floor":17.0,"key":"Turnip"},{"floor":26.0,"key":"Sundial"},{"floor":29.0,"key":"Emotion Chip"},{"floor":31.0,"key":"Letter Opener"},{"floor":36.0,"key":"CaptainsWheel"},{"floor":44.0,"key":"The Courier"}],"event_choices":[{"damage_healed":0.0,"max_hp_gain":0.0,"max_hp_loss":0.0,"gold_gain":150.0,"event_name":"Liars Game","player_choice":"AGREE","floor":2.0,"gold_loss":0.0,"damage_taken":0.0,"cards_obtained":["Doubt"]},{"damage_healed":0.0,"max_hp_gain":5.0,"max_hp_loss":0.0,"gold_gain":0.0,"event_name":"Big Fish","player_choice":"Donut","floor":3.0,"gold_loss":0.0,"damage_taken":0.0},{"damage_healed":0.0,"max_hp_gain":0.0,"max_hp_loss":7.0,"gold_gain":0.0,"event_name":"Golden Idol","player_choice":"Lose Max HP","floor":11.0,"gold_loss":0.0,"damage_taken":0.0,"relics_obtained":["Golden Idol"]},{"damage_healed":0.0,"max_hp_gain":0.0,"max_hp_loss":0.0,"gold_gain":0.0,"event_name":"Upgrade Shrine","player_choice":"Upgraded","floor":19.0,"gold_loss":0.0,"damage_taken":0.0,"cards_upgraded":["FTL"]},{"damage_healed":0.0,"max_hp_gain":0.0,"max_hp_loss":0.0,"gold_gain":0.0,"event_name":"Back to Basics","player_choice":"Simplicity","floor":24.0,"gold_loss":0.0,"damage_taken":0.0,"cards_upgraded":["Strike_B","Strike_B","Strike_B","Strike_B","Defend_B","Defend_B","Defend_B","Defend_B"]},{"damage_healed":0.0,"max_hp_gain":0.0,"max_hp_loss":0.0,"gold_gain":50.0,"event_name":"Nest","player_choice":"Stole From Cult","floor":28.0,"gold_loss":0.0,"damage_taken":0.0},{"damage_healed":0.0,"max_hp_gain":0.0,"max_hp_loss":0.0,"gold_gain":0.0,"event_name":"MindBloom","player_choice":"Fight","floor":36.0,"gold_loss":0.0,"damage_taken":0.0},{"damage_healed":0.0,"max_hp_gain":0.0,"max_hp_loss":3.0,"gold_gain":0.0,"event_name":"Winding Halls","player_choice":"Max HP","floor":37.0,"gold_loss":0.0,"damage_taken":0.0}],"is_beta":true,"boss_relics":[{"not_picked":["Philosopher\u0027s Stone","Astrolabe"],"picked":"Calling Bell"},{"not_picked":["Tiny House","Runic Dome"],"picked":"Busted Crown"}],"items_purged_floors":[21],"is_endless":false,"potions_floor_spawned":[4,7,18,22,33,35,39,41,44],"killed_by":"Nemesis","ascension_level":20}}