{"host":"cw0gp7779piw2km3","time":1614101285,"event":{"mods":["2.2 Compatiblity","BaseMod","Downfall","Minty Spire (QoL Compilation)","Shapeshifter Mod","Spire Arcade","StSLib"],"gold_per_floor":[111,129,109,36,36,36,62,75,75,75,94,112,112,122,122,222,222,232,232,243,228,228,258,258,287,313,327,252,252,252,262,262,376,376,392,404,49,69,81,81,113,113,113,128,140,140,140,157,157,157,157,157,47,75,75],"floor_reached":56,"language":"ENG","playtime":4320,"items_purged":[],"score":1194,"play_id":"9bd74776-b7cd-43bf-bd16-03c8616961fe","local_time":"20210223112805","is_ascension_mode":false,"campfire_choices":[{"data":"StSShapeShifter:VineHandcuffs","floor":6,"key":"SMITH"},{"data":"1","floor":10,"key":"LIFT"},{"floor":13,"key":"REST"},{"data":"StSShapeShifter:BurstingSpore","floor":15,"key":"SMITH"},{"floor":24,"key":"REST"},{"floor":29,"key":"REST"},{"floor":32,"key":"REST"},{"floor":40,"key":"REST"},{"floor":42,"key":"REST"},{"floor":46,"key":"REST"},{"floor":49,"key":"RECALL"},{"data":"2","floor":52,"key":"LIFT"}],"circlet_count":0,"master_deck":["StSShapeShifter:ShapeShifter_Strike","StSShapeShifter:ShapeShifter_Strike","StSShapeShifter:ShapeShifter_Strike","StSShapeShifter:ShapeShifter_Defend","StSShapeShifter:ShapeShifter_Defend","StSShapeShifter:ShapeShifter_Defend","StSShapeShifter:Lynx_Form+1","StSShapeShifter:VineHandcuffs+1","StSShapeShifter:BurstingSpore+1","StSShapeShifter:Bonk","StSShapeShifter:Rabid","StSShapeShifter:PorcupineForm","StSShapeShifter:BarkSkin+1","StSShapeShifter:Spring","StSShapeShifter:BloomingSlash","StSShapeShifter:Vengeance","StSShapeShifter:DeerForm+1","StSShapeShifter:ThornToss","StSShapeShifter:WolfForm","StSShapeShifter:BurstingSpore+1","StSShapeShifter:OakBlade+1","StSShapeShifter:CursedApple+1","StSShapeShifter:PowerShifter","StSShapeShifter:BulwarkOfDiscovery+1","StSShapeShifter:HummingbirdForm+1","StSShapeShifter:WolfsBane+1","StSShapeShifter:ThornToss+1","StSShapeShifter:RockSlide+1","StSShapeShifter:BladeOfGrass+1","StSShapeShifter:VileMushroom+1","StSShapeShifter:IntimidatingAura+1","StSShapeShifter:BurrBomb","StSShapeShifter:BarkSkin","StSShapeShifter:BarkSkin+1","StSShapeShifter:BladeOfGrass+1","StSShapeShifter:ThornedSkin","StSShapeShifter:Synchronicity","StSShapeShifter:FallingLeaves+1"],"relics":["StSShapeShifter:AnimalHeart","StSShapeShifter:TheShapeShiftersMagnolia","Girya","CaptainsWheel","expansioncontent:StudyCardRelic","Old Coin","Molten Egg 2","StSShapeShifter:WristwrapsOfDiscovery","Ice Cream","Toy Ornithopter","Astrolabe","PreservedInsect","Sling","Happy Flower","Lee\u0027s Waffle","Dead Branch","Lee\u0027s Waffle","Lee\u0027s Waffle"],"acts_visited":["Exordium","TheCity","TheBeyond","TheEnding"],"potions_floor_usage":[7,33,38,45,55],"damage_taken":[{"damage":0,"enemies":"Cultist","floor":1,"turns":4},{"damage":1,"enemies":"Jaw Worm","floor":2,"turns":4},{"damage":20,"enemies":"3 Sentries","floor":7,"turns":7},{"damage":0,"enemies":"2 Louse","floor":8,"turns":2},{"damage":10,"enemies":"Exordium Wildlife","floor":11,"turns":3},{"damage":16,"enemies":"Exordium Thugs","floor":12,"turns":4},{"damage":0,"enemies":"2 Fungi Beasts","floor":14,"turns":3},{"damage":25,"enemies":"The Guardian","floor":16,"turns":14},{"damage":2,"enemies":"Shell Parasite","floor":18,"turns":4},{"damage":0,"enemies":"Spheric Guardian","floor":20,"turns":4},{"damage":49,"enemies":"Book of Stabbing","floor":23,"turns":6},{"damage":35,"enemies":"Gremlin Leader","floor":25,"turns":7},{"damage":18,"enemies":"Snake Plant","floor":27,"turns":3},{"damage":8,"enemies":"Shelled Parasite and Fungi","floor":31,"turns":4},{"damage":70,"enemies":"Automaton","floor":33,"turns":10},{"damage":23,"enemies":"Orb Walker","floor":35,"turns":3},{"damage":27,"enemies":"3 Darklings","floor":36,"turns":3},{"damage":10,"enemies":"Spire Growth","floor":38,"turns":4},{"damage":16,"enemies":"Maw","floor":39,"turns":9},{"damage":23,"enemies":"Giant Head","floor":41,"turns":6},{"damage":22,"enemies":"4 Shapes","floor":44,"turns":3},{"damage":20,"enemies":"Spire Growth","floor":45,"turns":5},{"damage":54,"enemies":"Writhing Mass","floor":48,"turns":6},{"damage":68,"enemies":"Donu and Deca","floor":50,"turns":7},{"damage":28,"enemies":"Shield and Spear","floor":54,"turns":5},{"damage":177,"enemies":"The Heart","floor":55,"turns":12}],"seed_played":"2268295727070548232","potions_obtained":[{"floor":2,"key":"StSShapeShifter:PolyBeastPotion"},{"floor":3,"key":"EntropicBrew"},{"floor":12,"key":"FairyPotion"},{"floor":36,"key":"Ancient Potion"},{"floor":41,"key":"sneckomod:MuddlingPotion"}],"is_trial":false,"path_per_floor":["M","M","?","$","?","R","E","M","T","R","M","M","R","M","R","B",null,"M","?","M","$","?","E","R","E","T","M","?","R","?","M","R","B",null,"M","M","$","M","M","R","E","R","T","M","M","R","?","M","R","B",null,"R","$","E","B",null],"character_chosen":"SHAPESHIFTER","items_purchased":["StSShapeShifter:Bonk","Molten Egg 2","StSShapeShifter:WiltingWrath","PreservedInsect","StSShapeShifter:BladeOfGrass+1","Sling","StSShapeShifter:ThornedSkin","StSShapeShifter:Synchronicity"],"campfire_rested":7,"item_purchase_floors":[4,21,21,37,37,37,53,53],"current_hp_per_floor":[85,84,84,84,84,84,64,64,64,64,54,38,63,63,63,38,85,83,83,83,83,83,34,59,30,30,16,16,41,41,37,62,9,85,68,49,49,46,36,61,38,63,63,41,26,51,51,1,92,30,92,92,92,64,75],"gold":75,"neow_bonus":"TEN_PERCENT_HP_BONUS","is_daily":false,"chose_seed":false,"campfire_upgraded":2,"win_rate":0.0,"timestamp":1614101285,"path_taken":["M","?","?","?","?","R","E","M","T","R","M","M","R","M","R","BOSS","M","?","M","?","?","E","R","E","T","?","?","R","?","?","R","BOSS","M","M","$","M","M","R","E","R","T","M","M","R","?","M","R","BOSS","R","$","E","BOSS"],"items_purchased_type":["Card","Relic","Card","Relic","Card","Relic","Card","Card"],"build_version":"2020-12-22","purchased_purges":0,"victory":true,"max_hp_per_floor":[85,85,85,85,85,85,85,85,85,85,85,85,85,85,85,85,85,85,85,85,85,85,85,85,85,85,85,85,85,85,85,85,85,85,85,85,85,85,85,85,85,85,85,85,85,85,85,85,92,92,92,92,92,92,106],"card_choices":[{"not_picked":["StSShapeShifter:Maul","StSShapeShifter:ThornToss"],"picked":"StSShapeShifter:VineHandcuffs","floor":1},{"not_picked":["StSShapeShifter:FlowerShield","StSShapeShifter:Synchronicity"],"picked":"StSShapeShifter:BurstingSpore","floor":2},{"not_picked":["StSShapeShifter:SquirrelForm","StSShapeShifter:RaptorForm"],"picked":"StSShapeShifter:Rabid","floor":7},{"not_picked":["StSShapeShifter:Maul","StSShapeShifter:FallingLeaves"],"picked":"StSShapeShifter:PorcupineForm","floor":8},{"not_picked":["StSShapeShifter:TopazSkin","StSShapeShifter:Rest"],"picked":"StSShapeShifter:BarkSkin","floor":11},{"not_picked":["StSShapeShifter:SpiritOfTheEarth","StSShapeShifter:RockSlide"],"picked":"StSShapeShifter:Spring","floor":12},{"not_picked":["StSShapeShifter:ShiftingStrike","StSShapeShifter:Sapling"],"picked":"StSShapeShifter:BloomingSlash","floor":14},{"not_picked":["StSShapeShifter:RitualOfTheExtinct","StSShapeShifter:Tornado"],"picked":"StSShapeShifter:Vengeance","floor":16},{"not_picked":["StSShapeShifter:Rest","StSShapeShifter:EmbraceTheCycle"],"picked":"StSShapeShifter:DeerForm+1","floor":18},{"not_picked":["StSShapeShifter:DeerForm+1","StSShapeShifter:Evolution+1"],"picked":"StSShapeShifter:ThornToss","floor":20},{"not_picked":["StSShapeShifter:Flourish+1","StSShapeShifter:FallingLeaves"],"picked":"StSShapeShifter:WolfForm","floor":23},{"not_picked":["StSShapeShifter:Mystical_Branch+1","StSShapeShifter:Winter"],"picked":"StSShapeShifter:BurstingSpore+1","floor":25},{"not_picked":["StSShapeShifter:RatForm","StSShapeShifter:MultiSpiritedStrike+1"],"picked":"StSShapeShifter:OakBlade+1","floor":27},{"not_picked":["StSShapeShifter:PorcupineForm+1","StSShapeShifter:SquirrelForm"],"picked":"StSShapeShifter:CursedApple+1","floor":31},{"not_picked":["StSShapeShifter:Autumn","StSShapeShifter:WolfsBane"],"picked":"StSShapeShifter:PowerShifter","floor":33},{"not_picked":["StSShapeShifter:FlowerShield","StSShapeShifter:SunflowerShuriken+1"],"picked":"StSShapeShifter:ThornToss+1","floor":35},{"not_picked":["StSShapeShifter:DeerForm+1","StSShapeShifter:OakBlade+1"],"picked":"StSShapeShifter:RockSlide+1","floor":36},{"not_picked":["StSShapeShifter:FoxForm+1","StSShapeShifter:MonkeyForm"],"picked":"StSShapeShifter:VileMushroom+1","floor":38},{"not_picked":["StSShapeShifter:Rest+1","StSShapeShifter:Maul+1"],"picked":"StSShapeShifter:IntimidatingAura+1","floor":39},{"not_picked":["StSShapeShifter:Evolution+1","StSShapeShifter:Rest"],"picked":"StSShapeShifter:BurrBomb","floor":41},{"not_picked":["StSShapeShifter:Mystical_Branch+1","StSShapeShifter:BloomingSlash+1"],"picked":"StSShapeShifter:BarkSkin","floor":44},{"not_picked":["StSShapeShifter:Guard+1","StSShapeShifter:VineHandcuffs"],"picked":"StSShapeShifter:BarkSkin+1","floor":45},{"not_picked":["StSShapeShifter:HummingbirdForm","StSShapeShifter:SquirrelForm"],"picked":"StSShapeShifter:BladeOfGrass+1","floor":48},{"not_picked":["StSShapeShifter:EmbraceTheCycle+1","StSShapeShifter:ThornToss+1"],"picked":"StSShapeShifter:FallingLeaves+1","floor":54}],"player_experience":927793,"relics_obtained":[{"floor":7,"key":"Girya"},{"floor":9,"key":"CaptainsWheel"},{"floor":23,"key":"StSShapeShifter:WristwrapsOfDiscovery"},{"floor":25,"key":"Ice Cream"},{"floor":26,"key":"Toy Ornithopter"},{"floor":41,"key":"Happy Flower"},{"floor":54,"key":"Dead Branch"}],"event_choices":[{"damage_healed":0,"gold_gain":0,"player_choice":"Bought 1 Potion","damage_taken":0,"max_hp_gain":0,"max_hp_loss":0,"event_name":"The Woman in Blue","floor":3,"gold_loss":0},{"cards_removed":["StSShapeShifter:ShapeShifter_Strike"],"damage_healed":0,"gold_gain":0,"player_choice":"Card Removal","damage_taken":0,"max_hp_gain":0,"max_hp_loss":0,"event_name":"Wheel of Change","floor":19,"gold_loss":0},{"damage_healed":0,"gold_gain":0,"player_choice":"Upgraded","damage_taken":0,"max_hp_gain":0,"max_hp_loss":0,"event_name":"Upgrade Shrine","floor":22,"gold_loss":0,"cards_upgraded":["StSShapeShifter:BarkSkin"]},{"cards_removed":["StSShapeShifter:WiltingWrath"],"damage_healed":0,"gold_gain":0,"player_choice":"Gave Gold","damage_taken":0,"max_hp_gain":0,"max_hp_loss":0,"event_name":"Beggar","floor":28,"gold_loss":75},{"damage_healed":0,"gold_gain":0,"player_choice":"Ignored","damage_taken":0,"max_hp_gain":0,"max_hp_loss":0,"event_name":"N\u0027loth","floor":30,"gold_loss":0},{"damage_healed":0,"gold_gain":0,"player_choice":"Memory 1","damage_taken":0,"max_hp_gain":0,"max_hp_loss":0,"event_name":"SensoryStone","floor":47,"gold_loss":0}],"is_beta":false,"boss_relics":[{"not_picked":["Calling Bell","Snecko Eye"],"picked":"expansioncontent:StudyCardRelic"},{"not_picked":["Sozu","Pandora\u0027s Box"],"picked":"Astrolabe"}],"items_purged_floors":[],"is_endless":false,"potions_floor_spawned":[2,8,12,16,20,27,31,36,41],"ascension_level":0}}