{"host":"xspobo6976yah3h4","time":1614121198,"event":{"mods":["BaseMod","Clockwork Mod","Colored Map","Curses Come First","Downfall","Minty Spire (QoL Compilation)","Random Character Button","StSLib","The Cursed","The Servant 0.9.4"],"gold_per_floor":[0,14,14,25,25,25,48,48,76,76,7,20,47,63,79,79,79,79],"floor_reached":16,"language":"ENG","playtime":710,"items_purged":[],"score":100,"play_id":"c6cd8754-6eb4-4844-98ba-2ee0143e9b91","local_time":"20210223235958","is_ascension_mode":false,"campfire_choices":[{"data":"bronze:Goto","floor":1,"key":"SMITH"}],"circlet_count":0,"master_deck":["bronze:Strike","bronze:Strike","bronze:Defend","bronze:Defend","bronze:Defend","bronze:Replicate","bronze:Goto+1","bronze:Flail","bronze:Terminator","Strike_P","bronze:ClassDefault","bronze:FineTuning","bronze:DelayedGuard","bronze:Constructor"],"relics":["bronze:BronzeCore","Tiny Chest","Omamori","Lantern"],"acts_visited":["Exordium"],"potions_floor_usage":[9,16,16],"damage_taken":[{"damage":0,"enemies":"Small Slimes","floor":2,"turns":2},{"damage":2,"enemies":"2 Louse","floor":4,"turns":2},{"damage":0,"enemies":"Cultist","floor":6,"turns":1},{"damage":31,"enemies":"Lagavulin","floor":9,"turns":5},{"damage":0,"enemies":"downfall:FleeingMerchant","floor":11,"turns":4},{"damage":8,"enemies":"Gremlin Gang","floor":12,"turns":3},{"damage":17,"enemies":"Large Slime","floor":14,"turns":5},{"damage":0,"enemies":"2 Fungi Beasts","floor":15,"turns":1},{"damage":28,"enemies":"IC_STATUS_ARCHETYPE","floor":16,"turns":8}],"seed_played":"-892755759511209222","potions_obtained":[{"floor":2,"key":"Energy Potion"},{"floor":4,"key":"BlessingOfTheForge"},{"floor":12,"key":"Guardian:BlockOnCardUsePotion"}],"is_trial":false,"path_per_floor":["R","M","?","M","?","M","T","?","E","?","$","M","T","M","M","B"],"character_chosen":"THE_AUTOMATON","items_purchased":["bronze:FineTuning"],"campfire_rested":0,"item_purchase_floors":[11],"current_hp_per_floor":[70,70,75,73,73,73,73,73,42,42,42,34,34,17,17,0,0,0],"gold":79,"neow_bonus":"REMOVE_TWO","is_daily":false,"chose_seed":false,"campfire_upgraded":1,"win_rate":0.0,"timestamp":1614121198,"path_taken":["R","M","?","M","?","M","T","?","E","?","$","?","?","M","M","BOSS"],"items_purchased_type":["Card"],"build_version":"2020-12-22","purchased_purges":0,"victory":false,"max_hp_per_floor":[70,70,75,75,75,75,75,75,75,75,75,75,75,75,75,75,75,75],"card_choices":[{"not_picked":["bronze:Boost","bronze:Allocate","bronze:WildBeam"],"picked":"SKIP","floor":2},{"not_picked":["bronze:BuggyMess","bronze:DigitalCarnage"],"picked":"bronze:Flail","floor":4},{"not_picked":["bronze:CloningBeam","bronze:CutThrough"],"picked":"bronze:Terminator","floor":6},{"not_picked":["bronze:DelayedGuard","bronze:Boost"],"picked":"bronze:DelayedSlice","floor":9},{"not_picked":["bronze:ShipIt","bronze:WhirlingStrike"],"picked":"bronze:ClassDefault","floor":11},{"not_picked":["bronze:OilSpill","bronze:Frontload"],"picked":"bronze:DelayedGuard","floor":12},{"not_picked":["bronze:BronzeArmor","bronze:OilSpill"],"picked":"bronze:Constructor","floor":14},{"not_picked":["bronze:Optimize","bronze:Constructor","bronze:Deprecate"],"picked":"SKIP","floor":15}],"player_experience":771621,"relics_obtained":[{"floor":7,"key":"Tiny Chest"},{"floor":9,"key":"Omamori"},{"floor":13,"key":"Lantern"}],"event_choices":[{"damage_healed":0,"gold_gain":0,"player_choice":"Donut","damage_taken":0,"max_hp_gain":5,"max_hp_loss":0,"event_name":"Big Fish","floor":3,"gold_loss":0},{"cards_removed":["bronze:DelayedSlice"],"damage_healed":0,"gold_gain":0,"player_choice":"Took Card","damage_taken":0,"max_hp_gain":0,"max_hp_loss":0,"event_name":"NoteForYourself","floor":10,"gold_loss":0,"cards_obtained":["Strike_P"]}],"is_beta":false,"boss_relics":[],"items_purged_floors":[],"is_endless":false,"potions_floor_spawned":[2,4,12],"killed_by":"IC_STATUS_ARCHETYPE","ascension_level":0}}