{"host":"o3b7ow6d1xe49css","time":1614057377,"event":{"mods":["Aspiration","BaseMod","Better Altar","Better Match","Better Note","Better Sensory Stone","Better Skull","Better Third Choice","Colored Powertips","Conspire","Energized Spire","Force Act Four","GifTheSpireLib","Halation","Hubris","Lobotomy","Minty Spire (QoL Compilation)","Relic Filter Mod","Reliquary","Replay The Spire","Spicy Shops","Spikes Relics","StSLib","Stuff the Spire","The Blue Laboratory","Together in Spire"],"gold_per_floor":[115,130,144,144,155,187,187,204,249,249,282,302,302,317,317,414,414,434,445,288,300,311,311,311,330,355,390,401,401,420,455,455,552,552,562,589,514,531,44,72,84,84,135,35,47,79,79,94,94,94,94,94,394,0,0],"floor_reached":54,"language":"ENG","playtime":2838,"items_purged":["Strike_R","Strike_R"],"score":828,"play_id":"f7076f2f-492a-4a48-9492-df29d8dcd73e","local_time":"20210222201617","is_ascension_mode":false,"campfire_choices":[{"data":"Bash","floor":7,"key":"SMITH"},{"data":"Whirlwind","floor":10,"key":"SMITH"},{"data":"Armaments","floor":13,"key":"SMITH"},{"floor":15,"key":"DIG"},{"data":"Double Tap","floor":23,"key":"SMITH"},{"floor":29,"key":"REST"},{"data":"conspire:HitWhereItHurts","floor":32,"key":"SMITH"},{"data":"BarbarianYell","floor":42,"key":"SMITH"},{"floor":47,"key":"RECALL"},{"data":"Replay:Undeath\u0027s Touch","floor":49,"key":"PURGE"},{"data":"conspire:HitWhereItHurts","floor":52,"key":"SMITH"}],"circlet_count":0,"master_deck":["Strike_R+1","Defend_R+1","Defend_R","Defend_R","Defend_R+1","Bash+1","Whirlwind+1","Armaments+1","conspire:HitWhereItHurts+1","Shrug It Off+1","StuffTheSpire:Slingshot","Double Tap+1","StuffTheSpire:Slingshot","Feed+1","StuffTheSpire:Slingshot","Anger+1","Shockwave+1","Cleave+1","conspire:HitWhereItHurts+1","Shrug It Off+1","BarbarianYell+1","Flame Barrier","Good Instincts"],"relics":["Burning Blood","NeowsBlessing","Orichalcum","Pen Nib","WingedGreaves","StuffTheSpire:BottledHeartBeat","energizedSpire:DeadBattery","Gremlin Food","Omamori","Akabeko","halation:PrussianBluePaint","Replay:Bronze Core","Simple Rune","ClockworkSouvenir","aspiration:DSix","reliquary:TuningFork","MealTicket","hubris:MysteriousPyramids","hubris:NiceRug","reliquary:NewFriend","Replay:Accelerometer","Guide Book","reliquary:RoseTintedGlasses","Ginger","Membership Card"],"acts_visited":["Exordium","TheCity","TheBeyond","TheEnding"],"potions_floor_usage":[6,8,19,21,22,22,31,35,36,40,40,50,50,54,54,54],"damage_taken":[{"damage":0,"enemies":"Jaw Worm","floor":1,"turns":1},{"damage":0,"enemies":"Cultist","floor":2,"turns":1},{"damage":0,"enemies":"conspire:RoseBush","floor":3,"turns":1},{"damage":3,"enemies":"Red Slaver","floor":5,"turns":2},{"damage":6,"enemies":"3 Sentries","floor":6,"turns":3},{"damage":0,"enemies":"Gremlin Gang","floor":8,"turns":4},{"damage":0,"enemies":"Lagavulin","floor":11,"turns":4},{"damage":0,"enemies":"Exordium Wildlife","floor":12,"turns":1},{"damage":0,"enemies":"3 Louse","floor":14,"turns":2},{"damage":37,"enemies":"Hexaghost","floor":16,"turns":5},{"damage":0,"enemies":"Chosen","floor":18,"turns":2},{"damage":5,"enemies":"2 Thieves","floor":19,"turns":3},{"damage":4,"enemies":"Cultist and Chosen","floor":21,"turns":3},{"damage":25,"enemies":"Sentry and Sphere","floor":22,"turns":6},{"damage":34,"enemies":"Shelled Parasite and Fungi","floor":25,"turns":3},{"damage":46,"enemies":"Gremlin Leader","floor":27,"turns":4},{"damage":2,"enemies":"Cultist and Chosen","floor":28,"turns":2},{"damage":0,"enemies":"Snake Plant","floor":30,"turns":1},{"damage":0,"enemies":"Slavers","floor":31,"turns":3},{"damage":0,"enemies":"Collector","floor":33,"turns":2},{"damage":5,"enemies":"3 Darklings","floor":35,"turns":3},{"damage":0,"enemies":"conspire:MimicChest","floor":36,"turns":3},{"damage":0,"enemies":"3 Shapes","floor":38,"turns":1},{"damage":7,"enemies":"Nemesis","floor":40,"turns":4},{"damage":5,"enemies":"Sphere and 2 Shapes","floor":41,"turns":4},{"damage":0,"enemies":"3 Darklings","floor":45,"turns":1},{"damage":0,"enemies":"Reptomancer","floor":46,"turns":2},{"damage":3,"enemies":"Spire Growth","floor":48,"turns":2},{"damage":38,"enemies":"Donu and Deca","floor":50,"turns":4},{"damage":21,"enemies":"hubris:Merchant","floor":53,"turns":4},{"damage":93,"enemies":"Shield and Spear","floor":54,"turns":8}],"seed_played":"7030383344644284735","potions_obtained":[{"floor":1,"key":"Block Potion"},{"floor":2,"key":"blueLaboratory:BottleOfVodka"},{"floor":6,"key":"ColorlessPotion"},{"floor":8,"key":"Explosive Potion"},{"floor":11,"key":"blueLaboratory:FrostheartPotion"},{"floor":16,"key":"blueLaboratory:SavagePotion"},{"floor":21,"key":"Regen Potion"},{"floor":27,"key":"LifebloodPotion"},{"floor":30,"key":"blueLaboratory:LouseDecoction"},{"floor":31,"key":"Swift Potion"},{"floor":33,"key":"blueLaboratory:NullPotion"},{"floor":36,"key":"blueLaboratory:EnragingPotion"},{"floor":40,"key":"Regen Potion"},{"floor":41,"key":"SmokeBomb"},{"floor":48,"key":"Strength Potion"},{"floor":53,"key":"blueLaboratory:FrostheartPotion"},{"floor":53,"key":"Toxic Potion"},{"floor":53,"key":"ColorlessPotion"}],"is_trial":false,"path_per_floor":["M","M","M","?","M","E","R","M","T","R","E","M","R","M","R","B",null,"M","M","$","M","M","R","?","M","T","E","M","R","M","E","R","B",null,"M","?","$","M","$","E","M","R","T","$","M","E","R","M","R","B",null,"R","$","E"],"character_chosen":"IRONCLAD","items_purchased":["Gremlin Food","ClockworkSouvenir","aspiration:DSix","Block Potion"],"campfire_rested":1,"item_purchase_floors":[20,39,39,39],"current_hp_per_floor":[80,80,80,80,80,80,80,80,80,80,80,80,80,80,80,51,82,85,85,85,88,83,83,83,55,55,15,19,46,54,65,65,71,100,102,104,104,107,107,106,107,107,107,107,107,107,107,107,107,84,107,107,92,0,0],"gold":0,"neow_bonus":"THREE_ENEMY_KILL","is_daily":false,"chose_seed":false,"campfire_upgraded":7,"win_rate":0.0,"timestamp":1614057377,"path_taken":["M","M","M","?","?","E","R","M","T","R","E","?","R","M","R","BOSS","M","M","$","M","M","R","?","?","T","E","M","R","M","E","R","BOSS","M","?","$","M","$","E","?","R","T","?","M","E","R","M","R","BOSS","R","$","E"],"items_purchased_type":["Relic","Relic","Relic","Potion"],"build_version":"2020-12-22","purchased_purges":2,"victory":false,"max_hp_per_floor":[80,80,80,80,80,80,80,80,80,80,80,80,80,80,80,82,82,85,85,85,88,93,93,93,93,93,93,93,93,95,100,100,100,100,102,104,104,107,107,107,107,107,107,107,107,107,107,107,107,107,107,107,107,107,107],"card_choices":[{"not_picked":["Battle Trance","ReplayTheSpireMod:Corrosion Curse"],"picked":"Whirlwind","floor":1},{"not_picked":["Flex","Headbutt"],"picked":"Replay:Undeath\u0027s Touch","floor":2},{"not_picked":["Combust","Warcry"],"picked":"Armaments","floor":3},{"not_picked":["conspire:ExplosiveBarrier","Iron Wave"],"picked":"conspire:HitWhereItHurts","floor":5},{"not_picked":["Sentinel","Wild Strike","StuffTheSpire:RockThrow"],"picked":"SKIP","floor":6},{"not_picked":["Defy Death","Clash"],"picked":"Shrug It Off","floor":8},{"not_picked":["Clothesline","Pommel Strike"],"picked":"StuffTheSpire:Slingshot","floor":11},{"not_picked":["StuffTheSpire:RockThrow","Clothesline"],"picked":"Double Tap","floor":12},{"not_picked":["Combust","Entrench"],"picked":"StuffTheSpire:Slingshot","floor":14},{"not_picked":["Replay:Many Hands","Impervious"],"picked":"Feed","floor":16},{"not_picked":["Replay:Undeath\u0027s Touch","Clothesline","Heavy Blade"],"picked":"SKIP","floor":18},{"not_picked":["Twin Strike","StuffTheSpire:Incineration","Flex"],"picked":"SKIP","floor":19},{"not_picked":["ReplayReversal","Clash","Run Through"],"picked":"SKIP","floor":21},{"not_picked":["Warcry","conspire:Purge"],"picked":"StuffTheSpire:Slingshot","floor":22},{"not_picked":["Shrug It Off","StuffTheSpire:Pyroclast","Run Through"],"picked":"SKIP","floor":25},{"not_picked":["Reckless Charge","Clothesline+1"],"picked":"Anger+1","floor":27},{"not_picked":["Pommel Strike","Warcry"],"picked":"Shockwave+1","floor":28},{"not_picked":["Metallicize+1","Replay:Undeath\u0027s Touch+1"],"picked":"Cleave+1","floor":30},{"not_picked":["conspire:ExplosiveBarrier","Clash","Evolve"],"picked":"SKIP","floor":31},{"not_picked":["Corruption","Limit Break"],"picked":"conspire:HitWhereItHurts","floor":33},{"not_picked":["hubris:CleavingFinish","Ghostly Armor"],"picked":"Shrug It Off+1","floor":35},{"not_picked":["StuffTheSpire:Incineration+1","Thunderclap","Replay:Many Hands"],"picked":"SKIP","floor":38},{"not_picked":["StuffTheSpire:BloodClot+1","Iron Wave"],"picked":"BarbarianYell","floor":40},{"not_picked":["Clash","Twin Strike","Iron Wave"],"picked":"SKIP","floor":41},{"not_picked":["Cleave+1","ReplayTheSpireMod:Strike From Hell+1","Twin Strike"],"picked":"SKIP","floor":45},{"not_picked":["Headbutt+1","Havoc+1","Berserk"],"picked":"SKIP","floor":46},{"not_picked":["Headbutt+1","Havoc+1","Berserk"],"picked":"SKIP","floor":46},{"not_picked":["Disarm","ReplayTheSpireMod:Muscle Training+1","Sever Soul"],"picked":"SKIP","floor":48},{"not_picked":[],"picked":"Flame Barrier","floor":53},{"not_picked":[],"picked":"Good Instincts","floor":53},{"not_picked":["Whirlwind"],"picked":"SKIP","floor":53},{"not_picked":["ReplayTheSpireMod:Limb From Limb"],"picked":"SKIP","floor":53},{"not_picked":["Flex"],"picked":"SKIP","floor":53},{"not_picked":["Invigoration"],"picked":"SKIP","floor":53},{"not_picked":["Magnetism"],"picked":"SKIP","floor":53}],"player_experience":1396635,"relics_obtained":[{"floor":6,"key":"Orichalcum"},{"floor":9,"key":"Pen Nib"},{"floor":11,"key":"WingedGreaves"},{"floor":15,"key":"StuffTheSpire:BottledHeartBeat"},{"floor":26,"key":"Omamori"},{"floor":27,"key":"Akabeko"},{"floor":31,"key":"halation:PrussianBluePaint"},{"floor":36,"key":"Simple Rune"},{"floor":40,"key":"reliquary:TuningFork"},{"floor":43,"key":"MealTicket"},{"floor":46,"key":"hubris:MysteriousPyramids"},{"floor":53,"key":"reliquary:NewFriend"},{"floor":53,"key":"Replay:Accelerometer"},{"floor":53,"key":"Guide Book"},{"floor":53,"key":"reliquary:RoseTintedGlasses"},{"floor":53,"key":"Ginger"},{"floor":53,"key":"Membership Card"}],"event_choices":[{"cards_removed":["Strike_R"],"damage_healed":0,"gold_gain":0,"player_choice":"Offered Basic","damage_taken":0,"max_hp_gain":0,"max_hp_loss":0,"event_name":"Bonfire Elementals","floor":4,"gold_loss":0},{"damage_healed":0,"gold_gain":0,"player_choice":"Ignored","damage_taken":0,"max_hp_gain":0,"max_hp_loss":0,"event_name":"betterNote:BetterNote","floor":24,"gold_loss":0,"cards_obtained":["Strike_R"]}],"is_beta":false,"boss_relics":[{"not_picked":["SacredBark","reliquary:Craggleroot"],"picked":"energizedSpire:DeadBattery"},{"not_picked":["Painkiller Herb","halation:CatFaceCupcake"],"picked":"Replay:Bronze Core"}],"items_purged_floors":[37,44],"is_endless":false,"potions_floor_spawned":[1,2,6,8,11,16,21,27,30,31,33,36,40,41,48],"killed_by":"Shield and Spear","ascension_level":0}}