{"host":"ekyl8r8j8fco3zlk","time":1614121621,"event":{"mods":["Act Like it!","Arknights","BaseMod","CapriCore","Dota2Spire","Friendly Minions","Gensokyo","GifTheSpireLib","Library of Ruina","Marisa（霧雨　魔理沙）","Minty Spire (QoL Compilation)","READ ME - Guardian Mod","Reimu（博???）","StSLib","The Alterego","The Animator","The Immortal","TheWitcher","Waifu the Spire","WarShipGirlsR/??少女R mod","Yakumo Yukari mod","【?物卡牌】REMEMod"],"gold_per_floor":[111,286,304,77,96,106,106,106,130,130,141,158,158,5,5,107,107,127,137,152,166,178,178,208,208,288,288,300,300,399,415,415,518,568,579,593,605,616,417,449,462,491,564,598,598,630,365,379,379,379,379,379,49,76,76],"floor_reached":56,"language":"ZHS","playtime":2183,"items_purged":["Doubt","LightDefense","LightDefense","LightAttack"],"score":1433,"play_id":"8c0d146f-6e46-4007-8b4e-5f74eeca01f8","local_time":"20210224070701","is_ascension_mode":false,"campfire_choices":[{"data":"TheRedNotes","floor":7,"key":"SMITH"},{"data":"Dodge","floor":10,"key":"SMITH"},{"data":"TendonChords","floor":13,"key":"SMITH"},{"data":"FaintMemories","floor":15,"key":"SMITH"},{"data":"CutIn","floor":23,"key":"SMITH"},{"data":"CrackOfDawn","floor":25,"key":"SMITH"},{"data":"HardRehearsal","floor":27,"key":"SMITH"},{"data":"StrongStrike","floor":32,"key":"SMITH"},{"data":"TheArtOfRapidSteps","floor":45,"key":"SMITH"},{"floor":49,"key":"RECALL"},{"data":"REME_FirmDetermination","floor":52,"key":"SMITH"}],"circlet_count":0,"master_deck":["Dodge+1","LightAttack","LightAttack+1","LightDefense","LightDefense","ChargeAndCover","FocusedStrikes","FaintMemories+1","Multislash","TheRedNotes+1","ShockingBlow","TendonChords+1","CrackOfDawn+1","StrongStrike+1","CutIn+1","HardRehearsal+1","HighKick","TrashDisposal","TheArtOfRapidSteps+1","ChopItOff+1","Eliminate+1","Retaliate+1","Unlock1+1","QuickAttack+1","MirageStorm","REME_FirmDetermination+1","ForTheFamily+1"],"relics":["PageOfLibrarian","REME_ComplimentaryCards","NeowsBlessing","Nunchaku","Letter Opener","Membership Card","Dota2Spire:Bloodstone","Torii","Kunai","MutagenicStrength","Tiny House","TheAbacus","PageOfSingingMachine","Bag of Preparation","RuthlessExorcism:ReiMu","Dota2Spire:CrimsonGuard","Toy Ornithopter","Blood Vial","Vajra","PageOfTodaysShyLook","Dota2Spire:ArmletOfMordiggian","PageOfNosferatu","Art of War"],"acts_visited":["Exordium","TheCity","TheBeyond","TheEnding"],"potions_floor_usage":[24,33,35,50,50,50,55,55],"damage_taken":[{"damage":0,"enemies":"Small Slimes","floor":1,"turns":1},{"damage":0,"enemies":"Jaw Worm","floor":3,"turns":1},{"damage":0,"enemies":"Cultist","floor":5,"turns":1},{"damage":14,"enemies":"Large Slime","floor":6,"turns":5},{"damage":0,"enemies":"3 Louse","floor":11,"turns":2},{"damage":0,"enemies":"Blue Slaver","floor":12,"turns":2},{"damage":6,"enemies":"The Guardian","floor":16,"turns":6},{"damage":0,"enemies":"Spheric Guardian","floor":18,"turns":3},{"damage":0,"enemies":"Shell Parasite","floor":19,"turns":2},{"damage":0,"enemies":"Chosen and Byrds","floor":20,"turns":4},{"damage":0,"enemies":"Centurion and Healer","floor":21,"turns":3},{"damage":0,"enemies":"Cultist and Chosen","floor":22,"turns":4},{"damage":4,"enemies":"Slavers","floor":24,"turns":4},{"damage":3,"enemies":"Snake Plant","floor":28,"turns":2},{"damage":0,"enemies":"Snecko","floor":31,"turns":2},{"damage":14,"enemies":"Collector","floor":33,"turns":6},{"damage":0,"enemies":"3 Darklings","floor":35,"turns":3},{"damage":2,"enemies":"3 Shapes","floor":36,"turns":3},{"damage":1,"enemies":"Spire Growth","floor":37,"turns":3},{"damage":1,"enemies":"Writhing Mass","floor":38,"turns":3},{"damage":40,"enemies":"Nemesis","floor":40,"turns":3},{"damage":0,"enemies":"3 Darklings","floor":41,"turns":2},{"damage":0,"enemies":"Reptomancer","floor":42,"turns":2},{"damage":1,"enemies":"Nemesis","floor":44,"turns":3},{"damage":17,"enemies":"Giant Head","floor":46,"turns":4},{"damage":18,"enemies":"Spire Growth","floor":48,"turns":2},{"damage":30,"enemies":"Time Eater","floor":50,"turns":5},{"damage":37,"enemies":"Shield and Spear","floor":54,"turns":4},{"damage":84,"enemies":"The Heart","floor":55,"turns":5}],"seed_played":"-3181550009126865387","potions_obtained":[{"floor":5,"key":"PowerPotion"},{"floor":12,"key":"Dota2Spire:HealingSalve"},{"floor":20,"key":"Dexterity Potion"},{"floor":24,"key":"ColorlessPotion"},{"floor":28,"key":"GrandPatriotsElixir:ReiMu"},{"floor":33,"key":"AttackPotion"},{"floor":34,"key":"MagicPotion:ReiMu"},{"floor":38,"key":"Regen Potion"},{"floor":44,"key":"Energy Potion"}],"is_trial":false,"path_per_floor":["M","?","M","$","M","M","R","T","T","R","M","M","R","$","R","B",null,"M","M","M","M","M","R","E","R","T","R","M","?","?","M","R","B",null,"M","M","M","M","$","E","M","E","T","E","R","E","$","M","R","B",null,"R","$","E","B",null],"character_chosen":"Librarian","items_purchased":["Nunchaku","Membership Card","TheAbacus","PageOfSingingMachine","Vajra","PageOfTodaysShyLook","REME_FirmDetermination","Dota2Spire:ArmletOfMordiggian","PageOfNosferatu","Strength Potion","Dota2Spire:HealingSalve"],"campfire_rested":0,"item_purchase_floors":[4,14,39,39,47,47,47,53,53,53,53],"current_hp_per_floor":[60,60,60,60,60,46,46,46,46,46,46,46,46,46,46,46,85,85,85,85,85,85,85,84,84,84,84,82,82,82,82,82,74,87,87,87,87,86,86,50,57,87,87,86,86,74,74,61,61,57,87,87,87,55,20],"gold":76,"neow_bonus":"THREE_ENEMY_KILL","is_daily":false,"chose_seed":false,"campfire_upgraded":10,"win_rate":0.0,"timestamp":1614121621,"path_taken":["M","?","M","$","M","M","R","?","T","R","M","M","R","?","R","BOSS","M","M","M","M","M","R","E","R","T","R","?","?","?","M","R","BOSS","M","M","M","M","$","E","M","E","T","E","R","E","$","M","R","BOSS","R","$","E","BOSS"],"items_purchased_type":["Relic","Relic","Relic","Relic","Relic","Relic","Card","Relic","Relic","Potion","Potion"],"build_version":"2020-12-22","purchased_purges":4,"victory":true,"max_hp_per_floor":[67,67,62,62,62,85,85,85,85,85,85,85,85,85,85,85,85,85,85,85,85,85,85,85,85,85,85,85,85,85,85,85,82,87,87,87,87,87,87,87,87,87,87,87,87,87,87,87,87,87,87,87,87,87,87],"card_choices":[{"not_picked":["ViolentFlame","YourShield","Pound"],"picked":"FaintMemories","floor":1},{"not_picked":["TendonChords","UpbeatPerformance","HighKick"],"picked":"Multislash","floor":3},{"not_picked":["GreatSerpentsImpact","DestructiveImpact","WrathOfTorment"],"picked":"TheRedNotes","floor":5},{"not_picked":["MultiHit","SnakesPrey","SerpentSwordTechnique","UpbeatPerformance"],"picked":"SKIP","floor":6},{"not_picked":["ViolentFlame","Riposte","GreatSerpentsImpact"],"picked":"ShockingBlow","floor":11},{"not_picked":["EnergyShield","Eradication","NightInTheBackstreets"],"picked":"TendonChords","floor":12},{"not_picked":["FormingStorm","Decapitation"],"picked":"CrackOfDawn","floor":16},{"not_picked":["UpbeatPerformance+1","FlashOfSunup","HighKick","QuickAttack"],"picked":"SKIP","floor":18},{"not_picked":["StrikeDown+1","Castigation","GreatSerpentsImpact","NightInTheBackstreets+1"],"picked":"SKIP","floor":19},{"not_picked":["DarkCloud","HandleRequest","HighKick","SerpentSwordTechnique"],"picked":"SKIP","floor":20},{"not_picked":["ReadyUp","ViolentFlame+1","BladeWhirl"],"picked":"StrongStrike","floor":21},{"not_picked":["ButterflySlash","Pound","FormingStorm"],"picked":"CutIn","floor":22},{"not_picked":["DestructiveImpact+1","YourShield","UpbeatPerformance"],"picked":"HardRehearsal","floor":24},{"not_picked":["DevastatingThrash","SerpentSwordTechnique","IllEndYou"],"picked":"HighKick","floor":28},{"not_picked":["HighKick","TendonChords","SnakesPrey","Pound"],"picked":"SKIP","floor":31},{"not_picked":["Decapitation","TieShanKao"],"picked":"TrashDisposal","floor":33},{"not_picked":["HighKick","MultiHit","UpbeatPerformance"],"picked":"TheArtOfRapidSteps","floor":34},{"not_picked":["Multislash","ViolentFlame+1","ForTheFamily"],"picked":"ChopItOff+1","floor":35},{"not_picked":["DaringDecision","SerpentineBarrier","MultiBlock+1","NightInTheBackstreets"],"picked":"SKIP","floor":36},{"not_picked":["EnergyShield","Pound+1","MultiHit+1","Parry2+1"],"picked":"SKIP","floor":37},{"not_picked":["NightInTheBackstreets","ShrineToMusic+1","Pound+1"],"picked":"Eliminate+1","floor":38},{"not_picked":["TendonChords","UpbeatPerformance","Castigation"],"picked":"Retaliate+1","floor":40},{"not_picked":["StrongStrike","ChopItOff","HighKick"],"picked":"Unlock1+1","floor":41},{"not_picked":["UncannyStrike","ViolentFlame","ChopItOff+1","Parry2"],"picked":"SKIP","floor":42},{"not_picked":["ViolentFlame+1","TrashDisposal","StrongStrike+1"],"picked":"QuickAttack+1","floor":44},{"not_picked":["DarkCloud","DestructiveImpact+1","WrathOfTorment+1"],"picked":"MirageStorm","floor":46},{"not_picked":["MultiBlock","SunsetBlade+1","DestructiveImpact","UpbeatPerformance"],"picked":"SKIP","floor":48},{"not_picked":["GreatSerpentsImpact","HighKick+1","Gamble"],"picked":"ForTheFamily+1","floor":54}],"player_experience":729806,"relics_obtained":[{"floor":8,"key":"Letter Opener"},{"floor":24,"key":"Torii"},{"floor":26,"key":"Kunai"},{"floor":40,"key":"Bag of Preparation"},{"floor":42,"key":"RuthlessExorcism:ReiMu"},{"floor":43,"key":"Dota2Spire:CrimsonGuard"},{"floor":44,"key":"Toy Ornithopter"},{"floor":46,"key":"Blood Vial"},{"floor":54,"key":"Art of War"}],"event_choices":[{"damage_healed":0,"gold_gain":175,"player_choice":"AGREE","damage_taken":0,"max_hp_gain":0,"max_hp_loss":0,"event_name":"Liars Game","floor":2,"gold_loss":0,"cards_obtained":["Doubt"]},{"damage_healed":0,"gold_gain":0,"player_choice":"Inject Mutagens","damage_taken":0,"relics_obtained":["MutagenicStrength"],"max_hp_gain":0,"max_hp_loss":0,"event_name":"Drug Dealer","floor":29,"gold_loss":0},{"damage_healed":0,"gold_gain":99,"player_choice":"Stole From Cult","damage_taken":0,"max_hp_gain":0,"max_hp_loss":0,"event_name":"Nest","floor":30,"gold_loss":0}],"is_beta":false,"boss_relics":[{"not_picked":["Velvet Choker","SacredBark"],"picked":"Dota2Spire:Bloodstone"},{"not_picked":["Busted Crown","REME_DemonsWealth"],"picked":"Tiny House"}],"items_purged_floors":[4,39,47,53],"is_endless":false,"potions_floor_spawned":[5,12,20,24,28,31,33,38,41,42,44],"ascension_level":0}}