{"host":"dhv3u8yhd2rnugsp","time":1614104669,"event":{"mods":["100% Spire Juice","BaseMod","Block Reminder","Colored Map","Googly Eyes","Highlight Path","Minty Spire (QoL Compilation)","Permanent Neow","Quick Restart","Random Character Button","StSLib"],"gold_per_floor":[111,123,123,138,138,164,164,192,192,192,227,227,242,272,272,348,348,360,375,345,2,22,22,55,55,55,55,84,94,111,127,127,202,202,219,238,238,238,75,75,75,75,75,86,100,134,134,169,169,169,169,169],"floor_reached":51,"language":"ENG","playtime":3378,"items_purged":["Skim"],"score":1525,"play_id":"60928f97-b3b4-457d-9bf1-3693c9a5ef47","local_time":"20210223122429","is_ascension_mode":true,"campfire_choices":[{"data":"Apotheosis","floor":7.0,"key":"SMITH"},{"data":"Capacitor","floor":10.0,"key":"SMITH"},{"floor":12.0,"key":"REST"},{"floor":15,"key":"REST"},{"floor":23,"key":"RECALL"},{"data":"Self Repair","floor":25,"key":"SMITH"},{"floor":27,"key":"REST"},{"floor":32,"key":"REST"},{"floor":40,"key":"REST"},{"data":"Defragment","floor":42,"key":"SMITH"},{"floor":47,"key":"REST"},{"floor":49,"key":"REST"}],"circlet_count":0,"master_deck":["AscendersBane","Zap","Dualcast","Apotheosis+1","Chaos","Lockon","Stack","Hologram","Capacitor+1","Rainbow","Coolheaded","Skim","Fission","Rebound","Sweeping Beam","Capacitor","Fusion","White Noise","Compile Driver","Chill","Leap+1","Self Repair+1","Ball Lightning","Consume","Turbo","Creative AI","Barrage+1","Conserve Battery","Defragment+1","Electrodynamics","Defragment","White Noise+1","Redo+1","Glacier","Double Energy","Steam","Glacier","Buffer"],"relics":["Cracked Core","Bag of Preparation","Du-Vu Doll","Shuriken","Oddly Smooth Stone","Lizard Tail","Pandora\u0027s Box","Blood Vial","Akabeko","Boot","Dream Catcher","Philosopher\u0027s Stone","ClockworkSouvenir","HornCleat","Turnip","Question Card"],"acts_visited":["Exordium","TheCity","TheBeyond"],"potions_floor_usage":[14,16,24,24,31,38,46],"damage_taken":[{"damage":0.0,"enemies":"2 Louse","floor":1.0,"turns":2.0},{"damage":0.0,"enemies":"Cultist","floor":2.0,"turns":4.0},{"damage":11.0,"enemies":"Small Slimes","floor":4.0,"turns":3.0},{"damage":10.0,"enemies":"3 Sentries","floor":6.0,"turns":5.0},{"damage":3.0,"enemies":"Lagavulin","floor":8.0,"turns":8.0},{"damage":26.0,"enemies":"3 Sentries","floor":11.0,"turns":7.0},{"damage":0.0,"enemies":"2 Fungi Beasts","floor":13.0,"turns":3.0},{"damage":5,"enemies":"Gremlin Nob","floor":14,"turns":3},{"damage":10,"enemies":"Hexaghost","floor":16,"turns":8},{"damage":1,"enemies":"Spheric Guardian","floor":18,"turns":3},{"damage":14,"enemies":"2 Thieves","floor":19,"turns":3},{"damage":20,"enemies":"Snecko","floor":22,"turns":5},{"damage":24,"enemies":"Book of Stabbing","floor":24,"turns":5},{"damage":29,"enemies":"Gremlin Leader","floor":28,"turns":8},{"damage":18,"enemies":"Centurion and Healer","floor":29,"turns":3},{"damage":16,"enemies":"Snake Plant","floor":30,"turns":4},{"damage":46,"enemies":"Chosen and Byrds","floor":31,"turns":7},{"damage":27,"enemies":"Automaton","floor":33,"turns":10},{"damage":17,"enemies":"3 Shapes","floor":35,"turns":3},{"damage":22,"enemies":"3 Darklings","floor":36,"turns":5},{"damage":0,"enemies":"Transient","floor":38,"turns":1},{"damage":5,"enemies":"4 Shapes","floor":44,"turns":3},{"damage":9,"enemies":"3 Darklings","floor":45,"turns":5},{"damage":53,"enemies":"Giant Head","floor":46,"turns":8},{"damage":50,"enemies":"Nemesis","floor":48,"turns":7},{"damage":49,"enemies":"Time Eater","floor":50,"turns":10},{"damage":19,"enemies":"Awakened One","floor":51,"turns":3}],"seed_played":"-8816923874722379595","potions_obtained":[{"floor":1.0,"key":"AttackPotion"},{"floor":2.0,"key":"SkillPotion"},{"floor":11.0,"key":"PowerPotion"},{"floor":13.0,"key":"BlessingOfTheForge"},{"floor":20,"key":"FocusPotion"},{"floor":20,"key":"Energy Potion"},{"floor":24,"key":"Ancient Potion"},{"floor":30,"key":"GamblersBrew"},{"floor":36,"key":"SmokeBomb"},{"floor":45,"key":"Regen Potion"}],"is_trial":false,"path_per_floor":["M","M","?","M","?","E","R","E","T","R","E","R","M","E","R","B",null,"M","M","?","$","M","R","E","R","T","R","E","M","M","M","R","B",null,"M","M","?","M","$","R","?","R","T","M","M","E","R","E","R","B","B"],"character_chosen":"DEFECT","items_purchased":["Self Repair","Ball Lightning","Blood Vial","ClockworkSouvenir"],"campfire_rested":7,"item_purchase_floors":[21,21,21,39],"current_hp_per_floor":[46,46,46,35,40,30,30,27,27,27,1,23,23,18,40,30,65,64,50,50,50,42,42,30,30,30,52,35,19,15,22,44,29,64,59,49,49,51,51,73,73,73,73,76,76,38,60,32,54,17,0,0],"gold":169,"neow_bonus":"RANDOM_COLORLESS_2","is_daily":false,"chose_seed":false,"campfire_upgraded":4,"win_rate":0.0,"timestamp":1614104669,"path_taken":["M","M","?","?","?","E","R","E","T","R","E","R","M","E","R","BOSS","M","M","?","?","M","R","E","R","T","R","E","M","M","?","R","BOSS","M","?","?","M","$","R","?","R","T","M","M","E","R","E","R","BOSS","BOSS"],"items_purchased_type":["Card","Card","Relic","Relic"],"build_version":"2020-12-22","purchased_purges":1,"victory":false,"max_hp_per_floor":[71,71,71,71,76,76,76,76,76,76,76,76,76,76,76,76,76,76,76,76,76,76,76,76,76,76,76,76,76,76,76,76,76,76,76,76,76,76,76,76,76,76,76,76,76,76,76,76,76,76,76,76],"card_choices":[{"not_picked":["The Bomb","Secret Technique"],"picked":"Apotheosis","floor":0.0},{"not_picked":["Tempest","Blizzard"],"picked":"Chaos","floor":1.0},{"not_picked":["Beam Cell","Reprogram"],"picked":"Lockon","floor":2.0},{"not_picked":["Redo","Leap"],"picked":"Stack","floor":4.0},{"not_picked":["Turbo","Gash"],"picked":"Hologram","floor":6.0},{"not_picked":["Hologram","Doom and Gloom"],"picked":"Capacitor","floor":8.0},{"not_picked":["Hologram","Stack"],"picked":"Rainbow","floor":11.0},{"not_picked":["Ball Lightning","Hologram"],"picked":"Coolheaded","floor":13.0},{"not_picked":["Tempest","Barrage"],"picked":"Skim","floor":14},{"not_picked":["Rainbow","Machine Learning"],"picked":"Fission","floor":16},{"not_picked":["Doom and Gloom","Turbo"],"picked":"Chill","floor":18},{"not_picked":["Beam Cell","Auto Shields"],"picked":"Leap+1","floor":19},{"not_picked":["Fusion","Sweeping Beam","Gash"],"picked":"SKIP","floor":22},{"not_picked":["Rebound","Heatsinks"],"picked":"Consume","floor":24},{"not_picked":["Leap","BootSequence"],"picked":"Turbo","floor":28},{"not_picked":["Sunder","Fusion"],"picked":"Creative AI","floor":29},{"not_picked":["Hologram","Streamline"],"picked":"Barrage+1","floor":30},{"not_picked":["Hello World","Beam Cell"],"picked":"Conserve Battery","floor":31},{"not_picked":["Beam Cell","Streamline+1"],"picked":"Defragment","floor":32},{"not_picked":["Reboot","Creative AI"],"picked":"Electrodynamics","floor":33},{"not_picked":["Double Energy","Sweeping Beam"],"picked":"Defragment","floor":35},{"not_picked":["Coolheaded","Turbo","Beam Cell+1"],"picked":"SKIP","floor":36},{"not_picked":["Streamline","Cold Snap"],"picked":"White Noise+1","floor":40},{"not_picked":["Ball Lightning","Coolheaded"],"picked":"Redo+1","floor":44},{"not_picked":["Cold Snap","Chill+1"],"picked":"Glacier","floor":45},{"not_picked":["Amplify","Stack"],"picked":"Double Energy","floor":46},{"not_picked":["Sweeping Beam","Conserve Battery"],"picked":"Steam","floor":47},{"not_picked":["Sweeping Beam","BootSequence"],"picked":"Glacier","floor":48},{"not_picked":["Stack","Chaos+1","Turbo+1"],"picked":"Buffer","floor":49}],"player_experience":1667136,"relics_obtained":[{"floor":6.0,"key":"Bag of Preparation"},{"floor":8.0,"key":"Du-Vu Doll"},{"floor":9.0,"key":"Shuriken"},{"floor":11.0,"key":"Oddly Smooth Stone"},{"floor":14,"key":"Lizard Tail"},{"floor":24,"key":"Akabeko"},{"floor":26,"key":"Boot"},{"floor":28,"key":"Dream Catcher"},{"floor":41,"key":"HornCleat"},{"floor":46,"key":"Turnip"},{"floor":48,"key":"Question Card"}],"event_choices":[{"cards_removed":["Strike_B"],"damage_healed":0.0,"max_hp_gain":0.0,"max_hp_loss":0.0,"gold_gain":0.0,"event_name":"Purifier","player_choice":"Purged","floor":3.0,"gold_loss":0.0,"damage_taken":0.0},{"damage_healed":0.0,"max_hp_gain":5.0,"max_hp_loss":0.0,"gold_gain":0.0,"event_name":"Big Fish","player_choice":"Donut","floor":5.0,"gold_loss":0.0,"damage_taken":0.0},{"damage_healed":0,"gold_gain":0,"player_choice":"Bought 2 Potions","damage_taken":0,"max_hp_gain":0,"max_hp_loss":0,"event_name":"The Woman in Blue","floor":20,"gold_loss":0},{"damage_healed":0,"gold_gain":0,"player_choice":"Ignored","damage_taken":0,"max_hp_gain":0,"max_hp_loss":0,"event_name":"Tomb of Lord Red Mask","floor":37,"gold_loss":0},{"damage_healed":0,"gold_gain":0,"player_choice":"Relic","damage_taken":0,"max_hp_gain":0,"max_hp_loss":0,"event_name":"Wheel of Change","floor":41,"gold_loss":0}],"is_beta":false,"boss_relics":[{"not_picked":["Coffee Dripper","Sozu"],"picked":"Pandora\u0027s Box"},{"not_picked":["Runic Pyramid","Snecko Eye"],"picked":"Philosopher\u0027s Stone"}],"items_purged_floors":[21],"is_endless":false,"potions_floor_spawned":[1,2,11,13,22,24,30,36,45],"killed_by":"Awakened One","ascension_level":20}}