{"host":"skr63qsdfgeey3it","time":1614062164,"event":{"mods":["BaseMod","Colored Map","Hubris","Minty Spire (QoL Compilation)","Monster B Gone","Reliquary","Replay The Spire","Spicy Shops","StSLib"],"gold_per_floor":[109,28,28,28,47,47,47,75,75,90,113,132,144,157,182,182,182,256,256,267,207,41,56,56,87,87,87,87],"floor_reached":27,"language":"ENG","playtime":1092,"items_purged":[],"score":524,"play_id":"50c2365e-f459-4915-adfb-5cb535ad2661","local_time":"20210223003604","is_ascension_mode":true,"campfire_choices":[{"data":"Chill","floor":9,"key":"SMITH"},{"data":"ReplayTheSpireMod:Fabricate Wheel","floor":17,"key":"SMITH"}],"circlet_count":0,"master_deck":["AscendersBane","Strike_B","Strike_B","Strike_B","Strike_B","Defend_B","Defend_B","Defend_B","Defend_B","Zap","Dualcast","Glacier","hubris:PowerSurge","Chill+1","Decay","Darkness","Ball Lightning","Tempest","Auto Shields","Multi-Cast","Echo Form","FIFO Queue","Multi-Cast","Echo Form","Consume"],"relics":["FrozenCore","NeowsBlessing","Singing Bowl","Bag of Preparation","Replay:Bottled Flurry","Pantograph","Prayer Wheel","DollysMirror","Pen Nib","reliquary:JackalopeAntler"],"acts_visited":["Exordium","TheCity"],"potions_floor_usage":[15,18,18,23],"damage_taken":[{"damage":0,"enemies":"2 Louse","floor":1,"turns":1},{"damage":0,"enemies":"Cultist","floor":5,"turns":1},{"damage":0,"enemies":"3 Sentries","floor":8,"turns":2},{"damage":2,"enemies":"Jaw Worm","floor":10,"turns":5},{"damage":4,"enemies":"Blue Slaver","floor":12,"turns":4},{"damage":6,"enemies":"Exordium Wildlife","floor":13,"turns":4},{"damage":9,"enemies":"Red Slaver","floor":14,"turns":2},{"damage":0,"enemies":"Gremlin Nob","floor":15,"turns":3},{"damage":18,"enemies":"Slime Boss","floor":18,"turns":12},{"damage":10,"enemies":"Chosen","floor":20,"turns":5},{"damage":7,"enemies":"2 Thieves","floor":21,"turns":4},{"damage":20,"enemies":"Snecko","floor":23,"turns":5},{"damage":38,"enemies":"Slavers","floor":25,"turns":12},{"damage":28,"enemies":"Gremlin Leader","floor":27,"turns":7}],"seed_played":"7751337321165660344","potions_obtained":[{"floor":1,"key":"Explosive Potion"},{"floor":13,"key":"FearPotion"},{"floor":15,"key":"FocusPotion"},{"floor":18,"key":"Regen Potion"},{"floor":20,"key":"Venom Potion"}],"is_trial":false,"path_per_floor":["M","$","PTL","PTL","M","?","?","E","R","M","T","M","M","M","E","T","R","B",null,"M","M","$","M","?","E","T","E"],"character_chosen":"DEFECT","items_purchased":["hubris:PowerSurge","DollysMirror"],"campfire_rested":0,"item_purchase_floors":[2,22],"current_hp_per_floor":[64,64,64,64,64,64,64,64,64,64,64,60,54,45,45,45,45,52,68,60,55,55,51,51,15,15,0,0],"gold":87,"neow_bonus":"THREE_ENEMY_KILL","is_daily":false,"chose_seed":false,"campfire_upgraded":2,"win_rate":0.0,"timestamp":1614062164,"path_taken":["M","$","PTL","PTL","M","?","?","E","R","M","T","M","?","M","E","?","R","BOSS","M","M","$","M","?","E","?","E"],"items_purchased_type":["Card","Relic"],"build_version":"2020-12-22","purchased_purges":0,"victory":false,"max_hp_per_floor":[71,71,71,71,71,71,71,71,71,73,73,73,73,73,73,73,73,73,73,75,77,77,79,79,81,81,81,81],"card_choices":[{"not_picked":["Darkness","Hello World"],"picked":"Glacier","floor":1},{"not_picked":["Cold Snap","Skim"],"picked":"Chill","floor":5},{"not_picked":["Beam Cell","Conserve Battery"],"picked":"Darkness","floor":8},{"not_picked":["Redo","Compile Driver","Lockon"],"picked":"Singing Bowl","floor":10},{"not_picked":["Leap","Panic Button"],"picked":"Ball Lightning","floor":12},{"not_picked":["Turbo","Stack"],"picked":"Tempest","floor":13},{"not_picked":["Doom and Gloom","Gash"],"picked":"Auto Shields","floor":14},{"not_picked":["Skim","Compile Driver"],"picked":"ReplayTheSpireMod:Fabricate Wheel","floor":15},{"not_picked":["hubris:Prefetch","Seek"],"picked":"Echo Form","floor":18},{"not_picked":["Compile Driver","Hologram","Steam"],"picked":"Singing Bowl","floor":20},{"not_picked":["ReplaySolidLightProjector","Gash"],"picked":"FIFO Queue","floor":20},{"not_picked":["Steam","Go for the Eyes"],"picked":"Multi-Cast","floor":21},{"not_picked":["Leap","Stack","Beam Cell"],"picked":"Singing Bowl","floor":21},{"not_picked":["BootSequence","Auto Shields","Turbo+1"],"picked":"Singing Bowl","floor":23},{"not_picked":["Redo","Go for the Eyes"],"picked":"Consume","floor":23},{"not_picked":["Aggregate","Stack","Compile Driver"],"picked":"Singing Bowl","floor":25}],"player_experience":998366,"relics_obtained":[{"floor":8,"key":"Singing Bowl"},{"floor":11,"key":"Bag of Preparation"},{"floor":15,"key":"Replay:Bottled Flurry"},{"floor":16,"key":"Pantograph"},{"floor":25,"key":"Pen Nib"},{"floor":26,"key":"reliquary:JackalopeAntler"}],"event_choices":[{"damage_healed":0,"gold_gain":0,"player_choice":"Leave","damage_taken":0,"max_hp_gain":0,"max_hp_loss":0,"event_name":"The Cleric","floor":6,"gold_loss":0},{"damage_healed":0,"gold_gain":0,"player_choice":"Cursed","damage_taken":0,"max_hp_gain":0,"max_hp_loss":0,"event_name":"Wheel of Change","floor":7,"gold_loss":0,"cards_obtained":["Decay"]}],"is_beta":false,"boss_relics":[{"not_picked":["SlaversCollar","Honey Jar"],"picked":"FrozenCore"}],"items_purged_floors":[],"is_endless":false,"potions_floor_spawned":[1,13,15,18,20],"killed_by":"Gremlin Leader","ascension_level":16}}