{"host":"3twtdwjpiqhvvn5s","time":1614114520,"event":{"mods":["AchievementEnabler","Act Like it!","Aspiration","BaseMod","BetterRewards","Colored Map","Colored Powertips","Downfall","Duelist Mod","Friendly Minions","GifTheSpireLib","Hermit","Hubris","Infinite Spire","Jorbs\u0027s Wanderer Trilogy","Koishi","KomeijiMod","Marisa????????","Minty Spire (QoL Compilation)","Quick Restart","Rare Cards Sparkle","Replay The Spire","Shop Mod","StSLib","Td1madao Mod","The Administrix","The Animator","The Bug Knight","The Caster","The Cursed","The Disciple","The Hierophant","The Necromancer","The Poker Player","The Runesmith","The Servant 0.9.4"],"gold_per_floor":[114,114,114,62,167,167,167],"floor_reached":6,"language":"ENG","playtime":978,"items_purged":[],"score":59,"play_id":"9e365092-cd99-406e-bf03-33334795588a","local_time":"20210223150840","daily_mods":["Hoarder","downfall:Improvised","DeadlyEvents"],"is_ascension_mode":false,"campfire_choices":[],"circlet_count":0,"master_deck":["Strike_MRS","Strike_MRS","Strike_MRS","Strike_MRS","Defend_MRS","Defend_MRS","Defend_MRS","Defend_MRS","MasterSpark","UpSweep","sneckomod:UnknownCommonAttack+1","sneckomod:UnknownCommonAttack","sneckomod:UnknownCommonAttack","sneckomod:UnknownCommonSkill","sneckomod:UnknownCommonSkill","sneckomod:UnknownCommonSkill","sneckomod:UnknownUncommonAttack","sneckomod:UnknownUncommonSkill","sneckomod:UnknownUncommonPower","sneckomod:Unknown+1","WitchOfGreed","WitchOfGreed","WitchOfGreed","WitchOfGreed","WitchOfGreed","WitchOfGreed"],"relics":["MiniHakkero"],"acts_visited":["Exordium"],"potions_floor_usage":[],"damage_taken":[{"damage":8,"enemies":"Small Slimes","floor":1,"turns":3},{"damage":45,"enemies":"Jaw Worm","floor":5,"turns":6},{"damage":9,"enemies":"Lagavulin","floor":6,"turns":2}],"seed_played":"-521647111749064628","potions_obtained":[{"floor":5,"key":"Strength Potion"},{"floor":5,"key":"Strength Potion"},{"floor":5,"key":"BottledSpark"}],"is_trial":true,"path_per_floor":["M","?","?","$","M","E"],"character_chosen":"MARISA","items_purchased":["WitchOfGreed"],"campfire_rested":0,"item_purchase_floors":[4],"current_hp_per_floor":[67,52,52,52,7,0,0],"gold":167,"neow_bonus":"","is_daily":false,"chose_seed":false,"campfire_upgraded":0,"win_rate":0.0,"timestamp":1614114520,"path_taken":["M","?","?","?","?","E"],"items_purchased_type":["Card"],"build_version":"2020-12-22","purchased_purges":0,"victory":false,"max_hp_per_floor":[75,75,75,75,75,75,75],"card_choices":[{"not_picked":["OpenUniverse","GasGiant","DoubleSpark"],"picked":"SKIP","floor":1},{"not_picked":["OneTimeOff","GravityBeat","FairyDestructionRay"],"picked":"SKIP","floor":5}],"player_experience":3420401,"relics_obtained":[],"event_choices":[{"damage_healed":0,"gold_gain":0,"player_choice":"Entered Light","damage_taken":15,"max_hp_gain":0,"max_hp_loss":0,"event_name":"Shining Light","floor":2,"gold_loss":0,"cards_upgraded":["sneckomod:UnknownCommonAttack","sneckomod:Unknown"]}],"is_beta":false,"boss_relics":[],"items_purged_floors":[],"is_endless":false,"potions_floor_spawned":[5],"killed_by":"Lagavulin","ascension_level":0}}