{"host":"lnfs5t5iydkm2lft","time":1614056550,"event":{"mods":["AchievementEnabler","Act Like it!","Aspiration","BaseMod","Bestiary","Better Third Choice","BetterRewards","Colored Powertips","Dark Map","Downfall","Hermit","Hubris","Infinite Spire","Marisa????????","Marked Mod","Minty Spire (QoL Compilation)","Quick Restart","Reliquary","Replay The Spire","StSLib","The Runesmith","everything is the same but u backflip on backflip"],"gold_per_floor":[111,130,130,144,75,75,104,104,128,153,153,153,172,205,205,302,302,318,23,43,61,61,61,94,116,140,140,168,177,177,211,211,317,317,345,345,367,45,45,45,71,85,85,85,85,85,99,119,119,119,119,119,21,64,64],"floor_reached":56,"language":"ENG","playtime":2489,"items_purged":["hubris:Compulsion","Defend_G","Defend_G","Defend_G","Strike_G"],"score":2028,"play_id":"7ddf4089-223c-4695-88af-bd4655468a43","local_time":"20210222230230","is_ascension_mode":true,"campfire_choices":[{"data":"Accuracy","floor":6,"key":"SMITH"},{"floor":11,"key":"REST"},{"data":"ReplayTheSpireMod:Shiv Toss","floor":15,"key":"SMITH"},{"floor":23,"key":"REST"},{"floor":30,"key":"REST"},{"data":"ReplayTheSpireMod:Chaos Vortex","floor":40,"key":"SMITH"},{"floor":45,"key":"REST"},{"floor":49,"key":"RECALL"},{"data":"Phantasmal Killer","floor":52,"key":"SMITH"}],"circlet_count":0,"master_deck":["Strike_G","Strike_G","Strike_G","Strike_G","Defend_G","Defend_G","Survivor","Neutralize","Accuracy+1","Cloak And Dagger","Cloak And Dagger","Blade Dance","Doppelganger+1","Well Laid Plans","ReplayTheSpireMod:Shiv Toss+1","Hidden Blade","Dash","PiercingWail","PiercingWail","Adrenaline+1","Backstab+1","Venomology","ReplayTheSpireMod:Chaos Vortex+1","Dash","Phantasmal Killer+1","Toxin Wave+1","hubris:SlightOfHand+1","Blade Dance","Replay:Sssssssssstrike","Leg Sweep+1","Footwork+1","Replay:Bag of Tricks"],"relics":["Ring of the Snake","ReplayTheSpireMod:CursedCoin","Akabeko","infinitespire:CursedDice","Mummified Hand","hubris:CuriousFeather","Bottled Tornado","reliquary:HotPoker","aspiration:ChemicalBlood","infinitespire:Bottled Soul","Ring of Chaos","Guide Book","Nloth\u0027s Gift","CeramicFish","aspiration:ArtOfWarUpgrade","reliquary:SharkskinSheath","reliquary:RadioactivePellet","aspiration:MobileForge","reliquary:RoseTintedGlasses","hubris:64BitClover","Frozen Egg 2","Vampiric Spirits"],"acts_visited":["Exordium","TheCity","TheBeyond","TheEnding"],"potions_floor_usage":[2,14,14,14,14,16,16,16,24,25,25,25,25,28,31,31,33,35,37,37,41,41,41,42,47,48,48,50,50,50,50,50,50,50,55,55,55,55,55,55,55],"damage_taken":[{"damage":0,"enemies":"Jaw Worm","floor":1,"turns":3},{"damage":0,"enemies":"Small Slimes","floor":2,"turns":3},{"damage":0,"enemies":"Cultist","floor":4,"turns":2},{"damage":11,"enemies":"Lagavulin","floor":7,"turns":6},{"damage":11,"enemies":"Gremlin Nob","floor":10,"turns":3},{"damage":3,"enemies":"Exordium Thugs","floor":13,"turns":3},{"damage":2,"enemies":"Lagavulin","floor":14,"turns":4},{"damage":15,"enemies":"Slime Boss","floor":16,"turns":8},{"damage":0,"enemies":"Spheric Guardian","floor":18,"turns":1},{"damage":15,"enemies":"2 Thieves","floor":20,"turns":4},{"damage":4,"enemies":"Centurion and Healer","floor":21,"turns":6},{"damage":16,"enemies":"Book of Stabbing","floor":24,"turns":6},{"damage":3,"enemies":"Snake Plant","floor":25,"turns":3},{"damage":1,"enemies":"Shelled Parasite and Fungi","floor":28,"turns":3},{"damage":0,"enemies":"Replay:Snechameleon","floor":31,"turns":5},{"damage":0,"enemies":"Automaton","floor":33,"turns":6},{"damage":3,"enemies":"3 Shapes","floor":35,"turns":3},{"damage":12,"enemies":"3 Darklings","floor":37,"turns":7},{"damage":0,"enemies":"Sphere and 2 Shapes","floor":41,"turns":2},{"damage":0,"enemies":"Maw","floor":42,"turns":4},{"damage":1,"enemies":"Writhing Mass","floor":47,"turns":3},{"damage":0,"enemies":"3 Darklings","floor":48,"turns":5},{"damage":0,"enemies":"Donu and Deca","floor":50,"turns":6},{"damage":9,"enemies":"Shield and Spear","floor":54,"turns":5},{"damage":52,"enemies":"The Heart","floor":55,"turns":6}],"seed_played":"-4199878280083346969","potions_obtained":[{"floor":4,"key":"Swift Potion"},{"floor":7,"key":"EntropicBrew"},{"floor":13,"key":"Strength Potion"},{"floor":16,"key":"Elixir"},{"floor":24,"key":"EntropicBrew"},{"floor":28,"key":"Strength Potion"},{"floor":31,"key":"Regen Potion"},{"floor":33,"key":"SteroidPotion"},{"floor":37,"key":"SpeedPotion"},{"floor":42,"key":"SteroidPotion"},{"floor":48,"key":"Dexterity Potion"},{"floor":54,"key":"ColorlessPotion"}],"is_trial":false,"path_per_floor":["M","M","?","M","$","R","E","?","T","E","R","?","M","E","R","B",null,"M","$","M","M","?","R","E","M","T","R","M","AVR","R","E","R","B",null,"M","?","M","$","T","R","M","M","T","?","R","$","M","M","R","B",null,"R","$","E","B",null],"character_chosen":"THE_SILENT","items_purchased":["ReplayTheSpireMod:CursedCoin","Akabeko","Accuracy","Orrery","Mummified Hand","Bottled Tornado","ReplayTheSpireMod:Shiv Toss","Dexterity Potion","Dash","Guide Book","Blade Dance","AttackPotion","reliquary:RoseTintedGlasses","Replay:Sssssssssstrike","Footwork+1","PowerPotion"],"campfire_rested":4,"item_purchase_floors":[0,0,0,0,0,0,0,0,5,19,38,38,38,38,53,53],"current_hp_per_floor":[63,63,63,63,63,63,52,52,52,41,62,62,59,57,57,42,63,63,63,48,44,44,65,49,46,46,46,45,45,66,66,66,66,69,70,70,58,58,58,58,58,58,58,58,70,70,69,69,69,69,70,70,70,61,18],"gold":64,"neow_bonus":"","is_daily":false,"chose_seed":false,"campfire_upgraded":4,"win_rate":0.0,"timestamp":1614056550,"path_taken":["M","M","?","M","$","R","E","?","T","E","R","?","?","E","R","BOSS","M","$","M","M","?","R","E","?","T","R","M","AVR","R","E","R","BOSS","M","?","M","$","?","R","M","?","T","?","R","?","M","?","R","BOSS","R","$","E","BOSS"],"items_purchased_type":["Relic","Relic","Card","Relic","Relic","Relic","Card","Potion","Card","Relic","Card","Potion","Relic","Card","Card","Potion"],"build_version":"2020-12-22","purchased_purges":5,"victory":true,"max_hp_per_floor":[70,70,70,70,70,70,70,70,70,70,70,70,70,70,70,70,70,70,70,70,70,70,70,70,70,70,70,70,70,70,70,70,70,70,70,70,70,70,70,70,70,70,70,70,70,70,70,70,70,70,70,70,70,70,70],"card_choices":[{"not_picked":["Flying Knee","Reflex"],"picked":"Cloak And Dagger","floor":0},{"not_picked":["Flying Knee","Predator"],"picked":"Cloak And Dagger","floor":0},{"not_picked":["Deflect","Eviscerate"],"picked":"Blade Dance","floor":0},{"not_picked":["Acrobatics","Replay:Poison Smokescreen"],"picked":"Doppelganger","floor":0},{"not_picked":["Draining Mist","Prepared"],"picked":"Well Laid Plans","floor":0},{"not_picked":["Dagger Spray","Underhanded Strike"],"picked":"Hidden Blade","floor":1},{"not_picked":["Heel Hook","ReplayTheSpireMod:Exploit Weakness","Bane"],"picked":"SKIP","floor":2},{"not_picked":["hubris:SlightOfHand","hubris:Sniper","Deflect"],"picked":"SKIP","floor":4},{"not_picked":["Unload","Bouncing Flask"],"picked":"PiercingWail","floor":7},{"not_picked":["Dagger Spray","Finisher","Bane"],"picked":"SKIP","floor":10},{"not_picked":["Outmaneuver","Dash","Tactician"],"picked":"SKIP","floor":13},{"not_picked":["Blur","Flying Knee"],"picked":"PiercingWail","floor":14},{"not_picked":["Unload","Venomology"],"picked":"Adrenaline","floor":16},{"not_picked":["Bane","Noxious Fumes+1","PiercingWail"],"picked":"SKIP","floor":18},{"not_picked":["Toxin Wave","Replay:Poison Smokescreen+1","Dagger Spray"],"picked":"SKIP","floor":20},{"not_picked":["Quick Slash","Choke","Dash"],"picked":"SKIP","floor":21},{"not_picked":["Dodge and Roll+1","Poisoned Stab+1","Crippling Poison"],"picked":"SKIP","floor":24},{"not_picked":["hubris:Counter+1","Predator"],"picked":"Backstab+1","floor":25},{"not_picked":["Escape Plan","Dodge and Roll"],"picked":"Venomology","floor":28},{"not_picked":["All Out Attack","Dagger Spray"],"picked":"Dash","floor":31},{"not_picked":["aspiration:Lunge","Die Die Die"],"picked":"Phantasmal Killer","floor":33},{"not_picked":["Prepared","Sucker Punch"],"picked":"Toxin Wave+1","floor":35},{"not_picked":["Backflip+1","All Out Attack"],"picked":"hubris:SlightOfHand+1","floor":37},{"not_picked":["Setup+1","hubris:SlightOfHand+1"],"picked":"Leg Sweep+1","floor":41},{"not_picked":["Dagger Spray","Prepared+1","hubris:SlightOfHand"],"picked":"SKIP","floor":42},{"not_picked":["Dodge and Roll","Wraith Form v2+1","Poisoned Stab"],"picked":"SKIP","floor":47},{"not_picked":["Prepared","Dagger Spray+1","Predator"],"picked":"SKIP","floor":48},{"not_picked":["Sucker Punch","Fluid Movement+1"],"picked":"Replay:Bag of Tricks","floor":54}],"player_experience":424122,"relics_obtained":[{"floor":7,"key":"reliquary:HotPoker"},{"floor":10,"key":"aspiration:ChemicalBlood"},{"floor":14,"key":"infinitespire:Bottled Soul"},{"floor":24,"key":"CeramicFish"},{"floor":26,"key":"Art of War"},{"floor":31,"key":"reliquary:RadioactivePellet"},{"floor":39,"key":"hubris:64BitClover"},{"floor":43,"key":"Frozen Egg 2"},{"floor":54,"key":"Vampiric Spirits"}],"event_choices":[{"damage_healed":0,"gold_gain":0,"player_choice":"Leave","damage_taken":0,"max_hp_gain":0,"max_hp_loss":0,"event_name":"The Cleric","floor":3,"gold_loss":0},{"damage_healed":0,"gold_gain":0,"player_choice":"Ignored","damage_taken":153,"max_hp_gain":0,"max_hp_loss":0,"event_name":"betterThird:BetterSerpent","floor":12,"gold_loss":0},{"damage_healed":0,"gold_gain":0,"player_choice":"Traded Relic","damage_taken":0,"relics_obtained":["Nloth\u0027s Gift"],"max_hp_gain":0,"max_hp_loss":0,"event_name":"N\u0027loth","floor":22,"relics_lost":["Orrery"],"gold_loss":0},{"damage_healed":0,"gold_gain":0,"player_choice":"Random: Yellow","damage_taken":0,"max_hp_gain":0,"max_hp_loss":0,"event_name":"betterThird:BetterPortal","floor":36,"gold_loss":0},{"damage_healed":0,"gold_gain":0,"player_choice":"Ignored","damage_taken":0,"max_hp_gain":0,"max_hp_loss":0,"event_name":"NoteForYourself","floor":36,"gold_loss":0}],"is_beta":false,"boss_relics":[{"not_picked":["aspiration:IroncladSkillbook","aspiration:WatcherSkillbook"],"picked":"Ring of Chaos"},{"not_picked":["Painkiller Herb","reliquary:Ember"],"picked":"aspiration:MobileForge"}],"items_purged_floors":[0,0,0,19,29],"is_endless":false,"potions_floor_spawned":[4,7,13,16,24,28,31,33,37,42,47,48,54],"ascension_level":7}}