{"host":"fwdkxxz7291ipt0p","time":1614061336,"event":{"mods":["Act Like it!","BaseMod","GifTheSpireLib","KomeijiMod","Minty Spire (QoL Compilation)","Relic Filter Mod","StSLib","Stuff the Spire","The Animator"],"gold_per_floor":[426,426,444,444,462,491,491,509,509,208,225,243,163,174,174,278,278,296,315,325,225,245,245,279,279,279,159,259,276,289,306,306,408,408,427,427,442,459,471,471,485,485,512,512,257,290,309,91,91,91],"floor_reached":51,"language":"ZHS","playtime":6099,"items_purged":["Strike_Remiria","Strike_Remiria","Defend_Remirira","Strike_Remiria","Strike_Remiria","Defend_Remirira"],"score":755,"play_id":"b7e640bc-6590-4641-8899-abd5faded5b1","local_time":"20210223142216","is_ascension_mode":false,"campfire_choices":[{"data":"Absorbed","floor":7.0,"key":"SMITH"},{"data":"CurseofVladTepes","floor":15.0,"key":"SMITH"},{"data":"MillenniumVampire","floor":23.0,"key":"SMITH"},{"data":"DemonsDinnerFork_Remiria","floor":25.0,"key":"SMITH"},{"data":"StuffTheSpire:Innocence","floor":32.0,"key":"SMITH"},{"data":"StuffTheSpire:BrainWave","floor":40.0,"key":"SMITH"},{"data":"StigmaNizer","floor":42.0,"key":"SMITH"},{"data":"PartStrengthen","floor":49.0,"key":"SMITH"}],"circlet_count":0,"master_deck":["Defend_Remirira","Defend_Remirira","Absorbed+1","Scratch+1","StuffTheSpire:Innocence+1","DemonsDinnerFork_Remiria+1","SealingFear","CurseofVladTepes+1","StigmaNizer+1","ChainGang","BloodCleaner+1","MillenniumVampire+1","Warpath","DoubleEdge","ServantFlier+1","Feint+1","Paradox+1","FateEnsemble","BloodCoagulation","StuffTheSpire:BrainWave+1","FateMeister+1","BathedInBlood+1","PartStrengthen+1","DoubleEdge+1","Tepes"],"relics":["ThirstyCrossSpe","StuffTheSpire:CocoNut","The Courier","Eternal Feather","Vajra","Lantern","StuffTheSpire:RunicHypercube","StuffTheSpire:GrapeVine","Question Card","Runic Dome","Akabeko","Whetstone","Regal Pillow"],"acts_visited":["Exordium","TheCity","TheBeyond"],"potions_floor_usage":[],"damage_taken":[{"damage":0.0,"enemies":"2 Louse","floor":1.0,"turns":3.0},{"damage":0.0,"enemies":"Cultist","floor":3.0,"turns":4.0},{"damage":0.0,"enemies":"Small Slimes","floor":5.0,"turns":3.0},{"damage":22.0,"enemies":"3 Sentries","floor":6.0,"turns":7.0},{"damage":0.0,"enemies":"Looter","floor":8.0,"turns":3.0},{"damage":0.0,"enemies":"Exordium Thugs","floor":11.0,"turns":3.0},{"damage":0.0,"enemies":"Blue Slaver","floor":12.0,"turns":2.0},{"damage":0.0,"enemies":"Exordium Wildlife","floor":14.0,"turns":2.0},{"damage":0.0,"enemies":"Slime Boss","floor":16.0,"turns":7.0},{"damage":14.0,"enemies":"2 Thieves","floor":18.0,"turns":4.0},{"damage":0.0,"enemies":"3 Byrds","floor":19.0,"turns":4.0},{"damage":3.0,"enemies":"Snake Plant","floor":20.0,"turns":2.0},{"damage":5.0,"enemies":"Centurion and Healer","floor":22.0,"turns":4.0},{"damage":12.0,"enemies":"Book of Stabbing","floor":24.0,"turns":4.0},{"damage":18.0,"enemies":"Shelled Parasite and Fungi","floor":29.0,"turns":2.0},{"damage":0.0,"enemies":"Sentry and Sphere","floor":30.0,"turns":1.0},{"damage":15.0,"enemies":"Snake Plant","floor":31.0,"turns":2.0},{"damage":9.0,"enemies":"Champ","floor":33.0,"turns":4.0},{"damage":11.0,"enemies":"3 Darklings","floor":35.0,"turns":2.0},{"damage":1.0,"enemies":"3 Shapes","floor":37.0,"turns":3.0},{"damage":3.0,"enemies":"Writhing Mass","floor":38.0,"turns":3.0},{"damage":0.0,"enemies":"Transient","floor":39.0,"turns":1.0},{"damage":21.0,"enemies":"Jaw Worm Horde","floor":41.0,"turns":3.0},{"damage":8.0,"enemies":"Reptomancer","floor":46.0,"turns":2.0},{"damage":0.0,"enemies":"Spire Growth","floor":47.0,"turns":2.0},{"damage":70,"enemies":"Awakened One","floor":50,"turns":6}],"seed_played":"-2518903297861695013","potions_obtained":[{"floor":3.0,"key":"PowerPotion"},{"floor":8.0,"key":"SkillPotion"},{"floor":11.0,"key":"Regen Potion"},{"floor":16.0,"key":"FearPotion"},{"floor":19.0,"key":"JyouchiReiPotion"},{"floor":24.0,"key":"Dexterity Potion"},{"floor":35.0,"key":"Fruit Juice"},{"floor":38.0,"key":"Swift Potion"},{"floor":39.0,"key":"ExcitationPotion"}],"is_trial":false,"path_per_floor":["M","?","M","?","M","E","R","M","T","$","M","M","$","M","R","B",null,"M","M","M","$","M","R","E","R","T","$","?","M","M","M","R","B",null,"M","?","M","M","M","R","M","R","T","?","$","E","M","$","R","B",null],"character_chosen":"RemiriaScarlet","items_purchased":["Vajra","Lantern","Whetstone","Tepes"],"campfire_rested":0,"item_purchase_floors":[10,10,45,48],"current_hp_per_floor":[70,63,63,70,70,48,48,48,48,48,48,48,48,48,57,57,107,93,105,106,106,107,107,107,107,107,107,107,97,97,87,99,105,107,101,101,100,101,101,101,89,101,101,85,85,88,88,88,101,55],"gold":91,"neow_bonus":"TWO_FIFTY_GOLD","is_daily":false,"chose_seed":false,"campfire_upgraded":8,"win_rate":0.0,"timestamp":1614061336,"path_taken":["M","?","M","?","M","E","R","M","T","$","M","?","$","M","R","BOSS","M","M","M","$","M","R","E","R","T","$","?","M","M","?","R","BOSS","M","?","M","M","M","R","M","R","T","?","$","E","M","$","R","BOSS"],"items_purchased_type":["Relic","Relic","Relic","Card"],"build_version":"2020-12-22","purchased_purges":6,"victory":true,"max_hp_per_floor":[100,100,100,107,107,107,107,107,107,107,107,107,107,107,107,107,107,107,107,107,107,107,107,107,107,107,107,107,107,107,107,107,107,107,112,101,101,101,101,101,101,101,101,101,101,101,101,101,101,101],"card_choices":[{"not_picked":["ThirstForBlood","BloodCollect","ServantFlier"],"picked":"SKIP","floor":1.0},{"not_picked":["BloodCleaner","FastHealing"],"picked":"DemonsDinnerFork_Remiria","floor":3.0},{"not_picked":["BloodCollect","ThirstForBlood","TricksterDevil"],"picked":"SKIP","floor":5.0},{"not_picked":["DemonsDinnerFork_Remiria","ServantFlier"],"picked":"SealingFear","floor":6.0},{"not_picked":["DemonsDinnerFork_Remiria","ScarletDestiny"],"picked":"CurseofVladTepes","floor":8.0},{"not_picked":["ScarletNetherworld","Feint"],"picked":"StigmaNizer","floor":11.0},{"not_picked":["Culling","BloodCollect"],"picked":"ChainGang","floor":12.0},{"not_picked":["Feint","DoubleEdge"],"picked":"BloodCleaner","floor":14.0},{"not_picked":["RemiliaStalker","QueenOfMidnight"],"picked":"MillenniumVampire","floor":16.0},{"not_picked":["BloodySuit","RocketKickup+1","YoungDemonLord"],"picked":"SKIP","floor":18.0},{"not_picked":["FateCollect+1","NightDance"],"picked":"Warpath","floor":19.0},{"not_picked":["BloodCollect","ThirstForBlood"],"picked":"DoubleEdge","floor":20.0},{"not_picked":["DemonsDinnerFork_Remiria","YoungDemonLord"],"picked":"ServantFlier+1","floor":22.0},{"not_picked":["RocketKickup","BloodySuit+1"],"picked":"Feint+1","floor":24.0},{"not_picked":["DoubleEdge","CruelSlaughter","Paradox","BodyStrengthen"],"picked":"SKIP","floor":29.0},{"not_picked":["CruelSlaughter","DamonLordCradle_Remiria+1","Impregnable+1"],"picked":"Paradox+1","floor":30.0},{"not_picked":["BloodSurge+1","Coercion","BodyStrengthen+1"],"picked":"FateEnsemble","floor":31.0},{"not_picked":["QueenOfMidnight","ScarletDestiny","RedMagic"],"picked":"BloodCoagulation","floor":33.0},{"not_picked":["Warpath+1","ScarletNetherworld","BloodCleaner+1","DamonLordCradle_Remiria"],"picked":"SKIP","floor":35.0},{"not_picked":["Cripple+1","Paradox","TricksterDevil+1"],"picked":"FateMeister+1","floor":37.0},{"not_picked":["RemiliaStalker","Warpath","Paradox","ChainGang"],"picked":"SKIP","floor":38.0},{"not_picked":["BloodySuit+1","FierceSweep+1","StigmaNizer"],"picked":"BathedInBlood+1","floor":39.0},{"not_picked":["ServantFlier","Feint+1","BombardNight","DamonLordCradle_Remiria+1"],"picked":"SKIP","floor":41.0},{"not_picked":["DemonLordWalk","TricksterDevil","BloodCollect+1"],"picked":"PartStrengthen","floor":46.0},{"not_picked":["BathedInBlood+1","CruelSlaughter+1","SeparateFleshBlood+1"],"picked":"DoubleEdge+1","floor":47.0}],"player_experience":544565,"relics_obtained":[{"floor":6.0,"key":"The Courier"},{"floor":9.0,"key":"Eternal Feather"},{"floor":24.0,"key":"StuffTheSpire:GrapeVine"},{"floor":26.0,"key":"Question Card"},{"floor":43.0,"key":"Akabeko"},{"floor":46.0,"key":"Regal Pillow"}],"event_choices":[{"damage_healed":0.0,"max_hp_gain":0.0,"max_hp_loss":0.0,"gold_gain":0.0,"event_name":"WeMeetAgain","player_choice":"Gave Potion","floor":4.0,"gold_loss":0.0,"damage_taken":0.0,"relics_obtained":["StuffTheSpire:CocoNut"]},{"damage_healed":0.0,"max_hp_gain":0.0,"max_hp_loss":0.0,"gold_gain":100.0,"event_name":"Golden Shrine","player_choice":"Pray","floor":28.0,"gold_loss":0.0,"damage_taken":0.0}],"is_beta":false,"boss_relics":[{"not_picked":["SlaversCollar","Cursed Key"],"picked":"StuffTheSpire:RunicHypercube"},{"not_picked":["StuffTheSpire:Kangaroo","StuffTheSpire:RunicConfusion"],"picked":"Runic Dome"}],"items_purged_floors":[10,13,21,27,45,48],"is_endless":false,"potions_floor_spawned":[3,8,11,16,19,20,22,24,35,38,39,41],"ascension_level":0}}