{"host":"746m694if73h3gai","time":1614114766,"event":{"mods":["2.2 Compatiblity","AchievementEnabler","Act Like it!","BaseMod","Colored Map","Colored Powertips","Minty Spire (QoL Compilation)","Quick Restart","Rare Cards Sparkle","Relic Stats","StSLib","everything is the same but u backflip on backflip","slay the spire mod where everything is the same but ironclad has a cowboy hat"],"gold_per_floor":[118,118,118,133,145,172,52,52,52,82,82,99,99,114,114,219,219,236,248,264,264,264,264,7,34,34,34,66,66,78,78,78,182,182,202,222,222,237,256,275,73,108,108,126,126,139,139,94,94,94,94,94,22,56,56,56],"floor_reached":55,"language":"ENG","playtime":2476,"items_purged":["Pain","Alpha","Prostrate+1"],"score":788,"play_id":"c518898a-5c07-49a9-b2e2-3dad0ebdd368","local_time":"20210223221246","is_ascension_mode":true,"campfire_choices":[{"data":"Vigilance","floor":8.0,"key":"SMITH"},{"floor":11.0,"key":"REST"},{"data":"Defend_P","floor":15.0,"key":"SMITH"},{"floor":23.0,"key":"REST"},{"data":"Blasphemy","floor":29.0,"key":"SMITH"},{"data":"WaveOfTheHand","floor":32.0,"key":"SMITH"},{"floor":45,"key":"RECALL"},{"floor":49,"key":"REST"},{"data":"Fasting2","floor":52,"key":"SMITH"}],"circlet_count":0,"master_deck":["Eruption","Vigilance+1","Crescendo","BowlingBash","Wallop+1","ClearTheMind","EmptyFist+1","Blind","Ragnarok+1","WaveOfTheHand+1","Consecrate+1","Conclude+1","Blasphemy+1","Alpha","WindmillStrike+1","CutThroughFate+1","Wallop+1","EmptyBody","DevaForm","CrushJoints+1","BowlingBash+1","Fasting2+1","WreathOfFlame","Swift Strike+1","FlyingSleeves+1","Adaptation","Adaptation+1"],"relics":["VioletLotus","WarpedTongs","Molten Egg 2","Kunai","FossilizedHelix","Pandora\u0027s Box","Lee\u0027s Waffle","Lizard Tail","Centennial Puzzle","Red Mask","FaceOfCleric","Snecko Eye","Damaru","Ice Cream"],"acts_visited":["Exordium","TheCity","TheBeyond","TheEnding"],"potions_floor_usage":[42,46,55],"damage_taken":[{"damage":0.0,"enemies":"2 Louse","floor":1.0,"turns":4.0},{"damage":6.0,"enemies":"Small Slimes","floor":4.0,"turns":3.0},{"damage":5.0,"enemies":"Cultist","floor":5.0,"turns":4.0},{"damage":13.0,"enemies":"Lagavulin","floor":6.0,"turns":6.0},{"damage":16.0,"enemies":"Gremlin Nob","floor":10.0,"turns":3.0},{"damage":0.0,"enemies":"Looter","floor":12.0,"turns":2.0},{"damage":0.0,"enemies":"Gremlin Gang","floor":14.0,"turns":3.0},{"damage":4.0,"enemies":"The Guardian","floor":16.0,"turns":10.0},{"damage":40.0,"enemies":"Spheric Guardian","floor":18.0,"turns":4.0},{"damage":0.0,"enemies":"3 Byrds","floor":19.0,"turns":2.0},{"damage":12.0,"enemies":"Snake Plant","floor":20.0,"turns":5.0},{"damage":0.0,"enemies":"Book of Stabbing","floor":25.0,"turns":4.0},{"damage":0.0,"enemies":"Masked Bandits","floor":28.0,"turns":3.0},{"damage":0.0,"enemies":"3 Cultists","floor":30.0,"turns":4.0},{"damage":40.0,"enemies":"Automaton","floor":33.0,"turns":6.0},{"damage":0.0,"enemies":"Orb Walker","floor":35.0,"turns":1.0},{"damage":12.0,"enemies":"3 Darklings","floor":36.0,"turns":2.0},{"damage":0.0,"enemies":"Writhing Mass","floor":38.0,"turns":4.0},{"damage":25.0,"enemies":"Jaw Worm Horde","floor":39.0,"turns":4.0},{"damage":0,"enemies":"Maw","floor":40,"turns":5},{"damage":0,"enemies":"Giant Head","floor":42,"turns":3},{"damage":23,"enemies":"Sphere and 2 Shapes","floor":44,"turns":4},{"damage":10,"enemies":"Writhing Mass","floor":46,"turns":3},{"damage":67,"enemies":"Donu and Deca","floor":50,"turns":8},{"damage":90,"enemies":"Shield and Spear","floor":54,"turns":5},{"damage":13,"enemies":"The Heart","floor":55,"turns":2}],"seed_played":"2862406518795648339","potions_obtained":[{"floor":5.0,"key":"Fire Potion"},{"floor":10.0,"key":"SpeedPotion"},{"floor":12.0,"key":"LiquidMemories"},{"floor":18.0,"key":"AttackPotion"},{"floor":28.0,"key":"FearPotion"},{"floor":30.0,"key":"PowerPotion"},{"floor":35.0,"key":"Weak Potion"},{"floor":39.0,"key":"Strength Potion"},{"floor":54,"key":"Block Potion"}],"is_trial":false,"path_per_floor":["M","?","?","M","M","E","$","R","T","E","R","M","?","M","R","B",null,"M","M","M","?","?","R","$","E","T","$","?","R","M","?","R","B",null,"M","M","?","M","M","M","$","E","T","M","R","M","?","$","R","B",null,"R","$","E","B"],"character_chosen":"WATCHER","items_purchased":["ClearTheMind","Lee\u0027s Waffle","Fasting2","FlyingSleeves+1","Adaptation"],"campfire_rested":3,"item_purchase_floors":[7,24,41,48,53],"current_hp_per_floor":[72,77,77,71,66,53,53,53,53,37,60,60,60,60,60,56,77,37,37,25,25,11,35,89,89,89,89,89,89,89,89,89,50,90,91,80,80,81,57,58,58,59,59,37,37,28,28,28,57,50,99,99,99,10,0,0],"gold":56,"neow_bonus":"BOSS_RELIC","is_daily":false,"chose_seed":false,"campfire_upgraded":5,"win_rate":0.0,"timestamp":1614114766,"path_taken":["M","?","?","M","M","E","$","R","T","E","R","?","?","M","R","BOSS","M","?","M","?","?","R","$","E","T","?","?","R","M","?","R","BOSS","M","?","?","?","M","M","$","E","T","M","R","M","?","$","R","BOSS","R","$","E","BOSS"],"items_purchased_type":["Card","Relic","Card","Card","Card"],"build_version":"2020-12-22","purchased_purges":3,"victory":false,"max_hp_per_floor":[72,77,77,77,77,77,77,77,77,77,77,77,77,77,77,77,77,77,77,77,77,82,82,89,89,89,89,89,89,89,89,89,90,90,91,92,92,93,94,95,95,96,96,97,97,98,98,98,98,99,99,99,99,100,100,100],"relic_stats":{"Lee\u0027s Waffle":54,"Lizard Tail":49,"Centennial Puzzle":[24],"FaceOfCleric":11,"counters":[26,104],"Snecko Eye":[70,78,75,68],"Pandora\u0027s Box":["WaveOfTheHand","Consecrate","Alpha","Conclude","Blasphemy","Alpha","WindmillStrike","CutThroughFate"],"VioletLotus":[29],"Kunai":[27],"obtain_stats":[{"Ice Cream":54,"Lee\u0027s Waffle":24,"Damaru":42,"WarpedTongs":3,"Lizard Tail":25,"Centennial Puzzle":26,"FaceOfCleric":31,"Snecko Eye":34,"Molten Egg 2":6,"Pandora\u0027s Box":17,"VioletLotus":0,"Red Mask":28,"Kunai":9,"PureWater":0,"FossilizedHelix":10},{"Ice Cream":25,"Lee\u0027s Waffle":11,"Damaru":21,"WarpedTongs":1,"Lizard Tail":12,"Centennial Puzzle":12,"FaceOfCleric":14,"Snecko Eye":15,"Molten Egg 2":4,"Pandora\u0027s Box":8,"VioletLotus":0,"Red Mask":13,"Kunai":4,"PureWater":0,"FossilizedHelix":5},{"Ice Cream":102,"Lee\u0027s Waffle":46,"Damaru":82,"WarpedTongs":4,"Lizard Tail":50,"Centennial Puzzle":50,"FaceOfCleric":57,"Snecko Eye":63,"Molten Egg 2":17,"Pandora\u0027s Box":35,"VioletLotus":0,"Red Mask":53,"Kunai":17,"PureWater":0,"FossilizedHelix":20}],"WarpedTongs":[98]},"card_choices":[{"not_picked":["EmptyFist","ForeignInfluence"],"picked":"BowlingBash","floor":1.0},{"not_picked":["Evaluate","Adaptation"],"picked":"Crescendo","floor":4.0},{"not_picked":["FlurryOfBlows","Indignation"],"picked":"BowlingBash","floor":5.0},{"not_picked":["SashWhip+1","Vengeance"],"picked":"Wallop+1","floor":6.0},{"not_picked":["Evaluate","Establishment"],"picked":"EmptyFist+1","floor":10.0},{"not_picked":["Wireheading","EmptyBody","Worship"],"picked":"SKIP","floor":12.0},{"not_picked":["FollowUp+1","SashWhip+1","CrushJoints+1"],"picked":"SKIP","floor":14.0},{"not_picked":["Blasphemy","Wish"],"picked":"Ragnarok+1","floor":16.0},{"not_picked":["PathToVictory","Consecrate+1"],"picked":"Wallop+1","floor":18.0},{"not_picked":["FlyingSleeves+1","EmptyFist+1","CrushJoints+1"],"picked":"SKIP","floor":19.0},{"not_picked":["Worship","WheelKick+1","FearNoEvil+1"],"picked":"SKIP","floor":20.0},{"not_picked":["WreathOfFlame","Fasting2"],"picked":"EmptyBody","floor":25.0},{"not_picked":["EmptyMind+1","SashWhip+1","FearNoEvil+1"],"picked":"SKIP","floor":30.0},{"not_picked":["Blasphemy","Alpha"],"picked":"DevaForm","floor":33.0},{"not_picked":["ClearTheMind+1","BattleHymn"],"picked":"Prostrate+1","floor":35.0},{"not_picked":["Crescendo","EmptyBody+1","Pray+1"],"picked":"SKIP","floor":36.0},{"not_picked":["JustLucky+1","SignatureMove+1"],"picked":"CrushJoints+1","floor":38.0},{"not_picked":["Perseverance","Halt+1","PathToVictory"],"picked":"SKIP","floor":39.0},{"not_picked":["JustLucky+1","ClearTheMind+1"],"picked":"BowlingBash+1","floor":40},{"not_picked":["WaveOfTheHand+1","PathToVictory+1","DeusExMachina"],"picked":"SKIP","floor":42},{"not_picked":["Prostrate","Halt+1"],"picked":"WreathOfFlame","floor":44},{"not_picked":["JustLucky+1","DeceiveReality","BowlingBash+1"],"picked":"SKIP","floor":46},{"not_picked":["Magnetism","Master of Strategy"],"picked":"Swift Strike+1","floor":47},{"not_picked":["BowlingBash+1","CutThroughFate+1"],"picked":"Adaptation+1","floor":54}],"player_experience":93861,"relics_obtained":[{"floor":6.0,"key":"Molten Egg 2"},{"floor":9.0,"key":"Kunai"},{"floor":10.0,"key":"FossilizedHelix"},{"floor":25.0,"key":"Lizard Tail"},{"floor":26.0,"key":"Centennial Puzzle"},{"floor":28.0,"key":"Red Mask"},{"floor":42,"key":"Damaru"},{"floor":54,"key":"Ice Cream"}],"event_choices":[{"damage_healed":0.0,"max_hp_gain":5.0,"max_hp_loss":0.0,"gold_gain":0.0,"event_name":"Big Fish","player_choice":"Donut","floor":2.0,"gold_loss":0.0,"damage_taken":0.0},{"damage_healed":0.0,"max_hp_gain":0.0,"max_hp_loss":0.0,"gold_gain":0.0,"event_name":"Accursed Blacksmith","player_choice":"Rummage","floor":3.0,"gold_loss":0.0,"damage_taken":0.0,"relics_obtained":["WarpedTongs"],"cards_obtained":["Pain"]},{"damage_healed":0.0,"max_hp_gain":0.0,"max_hp_loss":0.0,"gold_gain":0.0,"event_name":"Match and Keep!","player_choice":"1 cards matched","floor":13.0,"gold_loss":0.0,"damage_taken":0.0,"cards_obtained":["Blind"]},{"damage_healed":0.0,"max_hp_gain":0.0,"max_hp_loss":0.0,"gold_gain":0.0,"event_name":"Vampires","player_choice":"Ignored","floor":21.0,"gold_loss":0.0,"damage_taken":0.0},{"damage_healed":0.0,"max_hp_gain":5.0,"max_hp_loss":0.0,"gold_gain":0.0,"event_name":"Forgotten Altar","player_choice":"Shed Blood","floor":22.0,"gold_loss":0.0,"damage_taken":19.0},{"damage_healed":0.0,"max_hp_gain":0.0,"max_hp_loss":0.0,"gold_gain":0.0,"event_name":"Masked Bandits","player_choice":"Fought Bandits","floor":28.0,"gold_loss":0.0,"damage_taken":0.0},{"damage_healed":0.0,"max_hp_gain":0.0,"max_hp_loss":0.0,"gold_gain":0.0,"event_name":"FaceTrader","player_choice":"Trade","floor":31.0,"gold_loss":0.0,"damage_taken":0.0,"relics_obtained":["FaceOfCleric"]},{"cards_removed":["BowlingBash"],"damage_healed":0.0,"max_hp_gain":0.0,"max_hp_loss":0.0,"gold_gain":0.0,"event_name":"Wheel of Change","player_choice":"Card Removal","floor":37.0,"gold_loss":0.0,"damage_taken":0.0},{"damage_healed":0,"gold_gain":0,"player_choice":"Memory 1","damage_taken":0,"max_hp_gain":0,"max_hp_loss":0,"event_name":"SensoryStone","floor":47,"gold_loss":0}],"is_beta":false,"boss_relics":[{"not_picked":["Ectoplasm","Philosopher\u0027s Stone"],"picked":"Pandora\u0027s Box"},{"not_picked":["Runic Pyramid","Runic Dome"],"picked":"Snecko Eye"}],"items_purged_floors":[7,24,41],"is_endless":false,"potions_floor_spawned":[5,10,12,18,28,30,35,39,40,54],"killed_by":"The Heart","ascension_level":1}}