{"host":"l84l8xigz5v5foa2","time":1614073997,"event":{"mods":["2.2 Compatiblity","AchievementEnabler","BaseMod","Better Note","Better Vampires","BetterRewards","Card Filter","Colored Map","DeckTracker","Downfall","Gremlin Skip","Highlight Path","Keyboard Shortcuts","Minty Spire (QoL Compilation)","Permanent Neow","Quick Restart","Relic Filter","Relic Stats","StSLib","SuperFastMode","Transform Curses","Unknown Chances"],"gold_per_floor":[99,115,135,151,151,151,151,164,164,190,210,210,210,224,238,315,315,315,332,351,362,462,258,258,311,311,98,110,110,110,110,125,197,197,197,210,210,210,237,272,272,285,310,10,35,55,100,127,141,141,141,167,3,3,3,3],"floor_reached":57,"language":"ENG","playtime":3099,"items_purged":["hexamod:Strike","hexamod:Strike"],"score":2788,"play_id":"a3911a37-9b24-4741-844e-17d36c64cfeb","local_time":"20210223185317","is_ascension_mode":true,"campfire_choices":[{"data":"hexamod:Float","floor":1.0,"key":"SMITH"},{"data":"hexamod:FastForward","floor":9.0,"key":"SMITH"},{"data":"hexamod:HeatMetal","floor":12.0,"key":"SMITH"},{"data":"hexamod:HexaLevel","floor":18.0,"key":"SMITH"},{"data":"hexamod:Incineration","floor":26.0,"key":"SMITH"},{"data":"hexamod:ForkedFlame","floor":30.0,"key":"SMITH"},{"floor":35.0,"key":"RECALL"},{"data":"Flash of Steel","floor":44.0,"key":"SMITH"},{"data":"hexamod:TimeWarp","floor":54.0,"key":"SMITH"}],"circlet_count":0,"master_deck":["AscendersBane","hexamod:Strike+1","hexamod:Defend+1","hexamod:Defend+1","hexamod:Defend+1","hexamod:Defend+1","hexamod:Sear+1","hexamod:Float+1","Flash of Steel+1","hexamod:Hexaguard+1","hexamod:HeatMetal+1","hexamod:FastForward+1","hexamod:PowerFromBeyond+1","hexamod:AdvancingGuard+1","hexamod:PowerFromBeyond+1","hexamod:HauntingEcho+1","hexamod:HexaLevel+1","hexamod:ForkedFlame+1","hexamod:NightmareGuise+1","hexamod:Incineration+1","hexamod:GhostLash+1","hexamod:FirstSeal","hexamod:SixthSeal","hexamod:ShieldOfDarkness+1","hexamod:TimeOfNeed+1","hexamod:GiftsFromTheDead+1","hexamod:WildfireWeapon+1","expansioncontent:Chronoboost+1","expansioncontent:AwakenDeath+1","hexamod:FirstSeal","hexamod:NightmareStrike+1","hexamod:SpectersWail+1","hexamod:Hexaguard+1","hexamod:TimeWarp+1","hexamod:StepThrough+1"],"relics":["hexamod:SpiritBrand","Ring of the Serpent","Mummified Hand","Toxic Egg 2","The Courier","Coffee Dripper","Mercury Hourglass","Guardian:GemstoneGun","Chemical X","InkBottle","sneckomod:BlankCard","Potion Belt","Shuriken","Omamori","Cursed Key","hexamod:TheBrokenSeal","Nunchaku","Oddly Smooth Stone","downfall:HeartBlessingRed","downfall:HeartBlessingGreen","downfall:HeartBlessingBlue","Vajra","champ:DeflectingBracers","hexamod:MatchstickCase","Letter Opener"],"acts_visited":["Exordium","TheCity","TheBeyond","TheEnding"],"potions_floor_usage":[56,56,56,56,56],"damage_taken":[{"damage":3.0,"enemies":"Small Slimes","floor":2.0,"turns":3.0},{"damage":0.0,"enemies":"2 Louse","floor":3.0,"turns":3.0},{"damage":2.0,"enemies":"Jaw Worm","floor":4.0,"turns":3.0},{"damage":4.0,"enemies":"Exordium Wildlife","floor":8.0,"turns":6.0},{"damage":3.0,"enemies":"Lagavulin","floor":10.0,"turns":6.0},{"damage":1.0,"enemies":"downfall:LooterAlt","floor":11.0,"turns":3.0},{"damage":4.0,"enemies":"2 Fungi Beasts","floor":14.0,"turns":3.0},{"damage":0.0,"enemies":"Blue Slaver","floor":15.0,"turns":2.0},{"damage":10.0,"enemies":"WA_ARCHETYPE_RETAIN","floor":16.0,"turns":6.0},{"damage":7.0,"enemies":"downfall:LooterAlt2","floor":19.0,"turns":3.0},{"damage":6.0,"enemies":"Shell Parasite","floor":20.0,"turns":3.0},{"damage":0.0,"enemies":"3 Cultists","floor":21.0,"turns":3.0},{"damage":7.0,"enemies":"DF_ARCHETYPE_STREAMLINE","floor":22.0,"turns":6.0},{"damage":0.0,"enemies":"downfall:FleeingMerchant","floor":23.0,"turns":4.0},{"damage":0.0,"enemies":"downfall:FleeingMerchant","floor":27.0,"turns":4.0},{"damage":0.0,"enemies":"Snake Plant","floor":28.0,"turns":2.0},{"damage":21.0,"enemies":"Shelled Parasite and Fungi","floor":32.0,"turns":3.0},{"damage":0.0,"enemies":"IC_MUSHROOM_ARCHETYPE","floor":33.0,"turns":7.0},{"damage":24.0,"enemies":"Orb Walker","floor":36.0,"turns":5.0},{"damage":10.0,"enemies":"3 Darklings","floor":39.0,"turns":5.0},{"damage":25.0,"enemies":"Nemesis","floor":40.0,"turns":5.0},{"damage":15.0,"enemies":"Spire Growth","floor":42.0,"turns":3.0},{"damage":21.0,"enemies":"Reptomancer","floor":43.0,"turns":5.0},{"damage":0.0,"enemies":"Sphere and 2 Shapes","floor":46.0,"turns":4.0},{"damage":4.0,"enemies":"2 Orb Walkers","floor":47.0,"turns":4.0},{"damage":0.0,"enemies":"Nemesis","floor":48.0,"turns":3.0},{"damage":0.0,"enemies":"3 Darklings","floor":49.0,"turns":3.0},{"damage":0.0,"enemies":"SI_POISON_ARCHETYPE","floor":50.0,"turns":8.0},{"damage":0.0,"enemies":"downfall:CharBossMerchant","floor":52.0,"turns":5.0},{"damage":10,"enemies":"downfall:NeowBoss","floor":55,"turns":6},{"damage":0,"enemies":"downfall:NeowBossFinal","floor":56,"turns":6}],"seed_played":"1824538248327225695","potions_obtained":[{"floor":4.0,"key":"ColorlessPotion"},{"floor":10.0,"key":"Fruit Juice"},{"floor":15.0,"key":"SteroidPotion"},{"floor":20.0,"key":"hexamod:DoubleChargePotion"},{"floor":22.0,"key":"Energy Potion"},{"floor":28.0,"key":"FairyPotion"},{"floor":33.0,"key":"sneckomod:MuddlingPotion"},{"floor":36.0,"key":"FearPotion"},{"floor":40.0,"key":"ColorlessPotion"},{"floor":48.0,"key":"EntropicBrew"},{"floor":49.0,"key":"FearPotion"}],"is_trial":false,"path_per_floor":["R","M","M","M","?","?","T","M","R","E","M","R","T","M","M","B",null,"R","M","M","M","?","$","T","T","R","$","M","?","R","?","M","B",null,"R","M","?","?","M","E","T","M","E","R","T","M","?","E","M","B",null,"E","$","R","B","B",null],"character_chosen":"THE_SPIRIT","items_purchased":["Chemical X","Potion Belt","Shuriken","Omamori","hexamod:TimeWarp","hexamod:StepThrough"],"campfire_rested":0,"item_purchase_floors":[23,27,27,27,53,53],"current_hp_per_floor":[57,54,54,52,52,52,52,48,48,45,49,49,49,45,45,35,60,60,53,47,47,40,40,40,40,40,40,54,54,54,54,47,61,66,66,56,56,46,78,67,67,66,59,69,69,83,88,88,88,88,88,88,88,88,88,88],"gold":3,"neow_bonus":"RANDOM_COLORLESS","is_daily":false,"chose_seed":false,"campfire_upgraded":8,"win_rate":0.0,"timestamp":1614073997,"path_taken":["R","M","M","M","?","?","T","M","R","E","M","R","?","?","M","BOSS","R","M","M","M","?","$","T","?","R","$","M","?","R","?","M","BOSS","R","M","?","?","?","E","T","M","E","R","?","M","?","E","M","BOSS","E","$","R","BOSS","BOSS"],"items_purchased_type":["Relic","Relic","Relic","Relic","Card","Card"],"build_version":"2020-12-22","purchased_purges":2,"victory":true,"max_hp_per_floor":[63,63,63,63,63,63,63,63,63,63,68,68,68,68,68,68,68,68,68,68,68,68,68,68,68,68,68,68,68,68,68,68,68,68,68,68,68,68,78,78,78,78,78,88,88,88,88,88,88,88,88,88,88,88,88,88],"relic_stats":{"Nunchaku":[11],"counters":[31,132],"Mummified Hand":[156],"Shuriken":[29],"Chemical X":[1],"Letter Opener":[30],"Cursed Key":2,"obtain_stats":[{"sneckomod:BlankCard":25,"Vajra":45,"downfall:HeartBlessingGreen":44,"Cursed Key":34,"Nunchaku":40,"downfall:BrokenWingStatue":6,"Mummified Hand":7,"downfall:HeartBlessingBlue":44,"Chemical X":23,"Toxic Egg 2":10,"hexamod:SpiritBrand":0,"InkBottle":24,"Potion Belt":27,"downfall:HeartBlessingRed":44,"Guardian:GemstoneGun":22,"hexamod:TheBrokenSeal":39,"Oddly Smooth Stone":43,"The Courier":13,"champ:DeflectingBracers":47,"Omamori":27,"Letter Opener":52,"Mercury Hourglass":22,"hexamod:MatchstickCase":48,"Shuriken":27,"Coffee Dripper":17,"Ring of the Serpent":0},{"sneckomod:BlankCard":14,"Vajra":23,"downfall:HeartBlessingGreen":23,"Cursed Key":18,"Nunchaku":21,"downfall:BrokenWingStatue":3,"Mummified Hand":3,"downfall:HeartBlessingBlue":23,"Chemical X":14,"Toxic Egg 2":5,"hexamod:SpiritBrand":0,"InkBottle":14,"Potion Belt":15,"downfall:HeartBlessingRed":23,"Guardian:GemstoneGun":13,"hexamod:TheBrokenSeal":20,"Oddly Smooth Stone":23,"The Courier":6,"champ:DeflectingBracers":25,"Omamori":15,"Letter Opener":29,"Mercury Hourglass":13,"hexamod:MatchstickCase":26,"Shuriken":15,"Coffee Dripper":9,"Ring of the Serpent":0},{"sneckomod:BlankCard":54,"Vajra":93,"downfall:HeartBlessingGreen":93,"Cursed Key":70,"Nunchaku":85,"downfall:BrokenWingStatue":9,"Mummified Hand":9,"downfall:HeartBlessingBlue":93,"Chemical X":54,"Toxic Egg 2":21,"hexamod:SpiritBrand":0,"InkBottle":54,"Potion Belt":58,"downfall:HeartBlessingRed":93,"Guardian:GemstoneGun":50,"hexamod:TheBrokenSeal":78,"Oddly Smooth Stone":93,"The Courier":24,"champ:DeflectingBracers":101,"Omamori":58,"Letter Opener":120,"Mercury Hourglass":50,"hexamod:MatchstickCase":104,"Shuriken":58,"Coffee Dripper":35,"Ring of the Serpent":0}],"InkBottle":[47],"Mercury Hourglass":[257]},"card_choices":[{"not_picked":["Panacea","Discovery"],"picked":"Flash of Steel","floor":0.0},{"not_picked":["hexamod:SwordOfDarkness","hexamod:GhostOfSpireFuture"],"picked":"hexamod:Hexaguard","floor":2.0},{"not_picked":["hexamod:Haunt","hexamod:SpectralSpark"],"picked":"hexamod:HeatMetal","floor":3.0},{"not_picked":["hexamod:ChargedBarrage","hexamod:HeatMetal"],"picked":"hexamod:FastForward","floor":4.0},{"not_picked":["hexamod:Haunt","hexamod:ExtraCrispy"],"picked":"hexamod:PowerFromBeyond","floor":8.0},{"not_picked":["hexamod:SecondSeal","hexamod:SwordOfDarkness"],"picked":"hexamod:AdvancingGuard+1","floor":10.0},{"not_picked":["hexamod:HeatMetal","hexamod:FlamesFromBeyond+1"],"picked":"hexamod:PowerFromBeyond+1","floor":11.0},{"not_picked":["hexamod:HeatShield+1","hexamod:NightmareStrike"],"picked":"hexamod:HauntingEcho","floor":14.0},{"not_picked":["hexamod:FirstSeal","hexamod:GhostOfSpireFuture"],"picked":"hexamod:HexaLevel","floor":15.0},{"not_picked":["hexamod:ParanormalForm","hexamod:Toasty"],"picked":"hexamod:ForkedFlame","floor":16.0},{"not_picked":["hexamod:Hexaguard+1","hexamod:DynamicBlow"],"picked":"hexamod:NightmareGuise+1","floor":19.0},{"not_picked":["hexamod:GhostShield+1","hexamod:SkipABeat+1"],"picked":"hexamod:Incineration","floor":20.0},{"not_picked":["hexamod:PhantomCloak","hexamod:SuperheatedStrike","hexamod:GhostLash"],"picked":"SKIP","floor":21.0},{"not_picked":["hexamod:HeatMetal","hexamod:FastForward+1"],"picked":"hexamod:ThirdSeal","floor":22.0},{"not_picked":["hexamod:HeatMetal","hexamod:EmpoweredFlame"],"picked":"hexamod:FifthSeal","floor":23.0},{"not_picked":["hexamod:SwordOfDarkness","hexamod:FastForward+1"],"picked":"hexamod:GhostLash+1","floor":23.0},{"not_picked":["hexamod:ThirdSeal","hexamod:SecondSeal"],"picked":"hexamod:FirstSeal","floor":27.0},{"not_picked":["hexamod:PhantomFireball+1","hexamod:ApocalypticArmor"],"picked":"hexamod:FirstSeal","floor":27.0},{"not_picked":["hexamod:NightmareStrike","hexamod:AdvancingGuard+1","hexamod:FastForward+1"],"picked":"SKIP","floor":27.0},{"not_picked":["hexamod:FourthSeal","hexamod:FirstSeal"],"picked":"hexamod:SixthSeal","floor":28.0},{"not_picked":["hexamod:Haunt+1","hexamod:SuperheatedStrike","hexamod:NightmareGuise+1"],"picked":"SKIP","floor":28.0},{"not_picked":["hexamod:NecessarySacrifice+1","hexamod:SoulSteal+1","hexamod:GhostShield+1"],"picked":"SKIP","floor":28.0},{"not_picked":["hexamod:ThirdSeal","hexamod:FirstSeal"],"picked":"hexamod:SixthSeal","floor":32.0},{"not_picked":["hexamod:HeatMetal","hexamod:RadiantFlame+1"],"picked":"hexamod:ShieldOfDarkness+1","floor":32.0},{"not_picked":["hexamod:SpectralSpark+1","hexamod:CatchUp+1","hexamod:HeatMetal"],"picked":"SKIP","floor":32.0},{"not_picked":["hexamod:ThirdSeal","hexamod:FirstSeal"],"picked":"hexamod:FourthSeal","floor":33.0},{"not_picked":["hexamod:FlameSwitch+1","hexamod:ForkedFlame"],"picked":"hexamod:TimeOfNeed+1","floor":33.0},{"not_picked":["hexamod:SearingWound+1","hexamod:Toasty"],"picked":"hexamod:GiftsFromTheDead","floor":33.0},{"not_picked":["hexamod:ApocalypticArmor","hexamod:FifthSeal"],"picked":"hexamod:WildfireWeapon","floor":33.0},{"not_picked":["hexamod:SixthSeal","hexamod:FirstSeal"],"picked":"hexamod:SecondSeal","floor":36.0},{"not_picked":["hexamod:EtherealExpedition+1","hexamod:EmpoweredFlame","hexamod:FlamesFromBeyond+1"],"picked":"SKIP","floor":36.0},{"not_picked":["hexamod:PhantomFireball","hexamod:NightmareStrike","hexamod:BacktrackSmack+1"],"picked":"SKIP","floor":36.0},{"not_picked":["expansioncontent:InvincibleStrength","expansioncontent:GuardianWhirl"],"picked":"expansioncontent:Chronoboost","floor":38.0},{"not_picked":["expansioncontent:LastStand","expansioncontent:GuardianWhirl"],"picked":"expansioncontent:AwakenDeath","floor":38.0},{"not_picked":["hexamod:SecondSeal","hexamod:SixthSeal"],"picked":"hexamod:FirstSeal","floor":39.0},{"not_picked":["hexamod:HauntingEcho","hexamod:FastForward+1","hexamod:GhostflameInferno+1"],"picked":"SKIP","floor":39.0},{"not_picked":["hexamod:SwordOfDarkness","hexamod:ThermalTransfer"],"picked":"hexamod:NightmareStrike+1","floor":40.0},{"not_picked":["hexamod:PowerFromBeyond+1","hexamod:ShieldOfDarkness+1"],"picked":"hexamod:SpectersWail+1","floor":42.0},{"not_picked":["hexamod:BurningTouch+1","hexamod:NightmareStrike","hexamod:ThermalTransfer"],"picked":"SKIP","floor":43.0},{"not_picked":["hexamod:NightmareStrike","hexamod:EmpoweredFlame","hexamod:Again+1"],"picked":"SKIP","floor":46.0},{"not_picked":["hexamod:ParanormalForm","hexamod:SpectersWail+1","hexamod:GiftsFromTheDead"],"picked":"SKIP","floor":48.0},{"not_picked":["hexamod:GhostLash","hexamod:Again+1","hexamod:NightmareStrike"],"picked":"SKIP","floor":49.0},{"not_picked":["hexamod:BurningTouch+1","hexamod:PhantomCloak+1"],"picked":"hexamod:Hexaguard+1","floor":52.0}],"player_experience":3561799,"relics_obtained":[{"floor":7.0,"key":"Mummified Hand"},{"floor":10.0,"key":"Toxic Egg 2"},{"floor":13.0,"key":"The Courier"},{"floor":22.0,"key":"Mercury Hourglass"},{"floor":22.0,"key":"Guardian:GemstoneGun"},{"floor":24.0,"key":"InkBottle"},{"floor":25.0,"key":"sneckomod:BlankCard"},{"floor":40.0,"key":"Nunchaku"},{"floor":43.0,"key":"Oddly Smooth Stone"},{"floor":45.0,"key":"Vajra"},{"floor":47.0,"key":"champ:DeflectingBracers"},{"floor":48.0,"key":"hexamod:MatchstickCase"},{"floor":52.0,"key":"Letter Opener"}],"event_choices":[{"damage_healed":0.0,"max_hp_gain":0.0,"max_hp_loss":0.0,"gold_gain":0.0,"event_name":"Mysterious Sphere","player_choice":"Fight","floor":47.0,"gold_loss":0.0,"damage_taken":0.0}],"is_beta":false,"boss_relics":[{"not_picked":["SacredBark","Astrolabe"],"picked":"Coffee Dripper"},{"not_picked":["Sozu","Busted Crown"],"picked":"Cursed Key"}],"items_purged_floors":[23,27],"is_endless":false,"potions_floor_spawned":[4,10,15,20,22,28,33,40,48,49],"ascension_level":20}}