{"host":"42xf941fomyavgzy","time":1614046398,"event":{"mods":["Act Like it!","Astrologer","BaseMod","Colored Map","DeckTracker","Minty Spire (QoL Compilation)","Shop Mod","StSLib","SuperFastMode","The Cursed"],"gold_per_floor":[114,130,146,162,13,13,32,32,32,49,49,60,72,102,102,102,102],"floor_reached":16,"language":"JPN","playtime":714,"items_purged":["Strike_G"],"score":138,"play_id":"619049c2-6b24-4e74-97e1-382a69a51251","local_time":"20210223111318","is_ascension_mode":true,"campfire_choices":[{"data":"Dagger Spray","floor":6,"key":"SMITH"},{"data":"Poisoned Stab","floor":11,"key":"SMITH"},{"floor":15,"key":"REST"}],"circlet_count":0,"master_deck":["Strike_G","Strike_G","Strike_G","Strike_G","Defend_G","Defend_G","Defend_G","Defend_G","Defend_G","Survivor","Neutralize","Slice","Poisoned Stab+1","Dagger Spray+1","Predator+1","Wraith Form v2","Acrobatics","Caltrops","Bane","Leg Sweep","Burst"],"relics":["Sozu","The Courier","Bottled Lightning"],"acts_visited":["Exordium"],"potions_floor_usage":[],"damage_taken":[{"damage":0,"enemies":"Cultist","floor":1,"turns":5},{"damage":0,"enemies":"2 Louse","floor":2,"turns":3},{"damage":0,"enemies":"Jaw Worm","floor":3,"turns":3},{"damage":17,"enemies":"Exordium Thugs","floor":4,"turns":4},{"damage":1,"enemies":"Blue Slaver","floor":7,"turns":3},{"damage":1,"enemies":"3 Louse","floor":10,"turns":2},{"damage":11,"enemies":"Lots of Slimes","floor":12,"turns":4},{"damage":10,"enemies":"2 Fungi Beasts","floor":13,"turns":3},{"damage":10,"enemies":"Gremlin Nob","floor":14,"turns":4},{"damage":35,"enemies":"Hexaghost","floor":16,"turns":9}],"seed_played":"6581644338007855348","potions_obtained":[],"is_trial":false,"path_per_floor":["M","M","M","M","$","R","M","?","T","M","R","M","M","E","R","B"],"character_chosen":"THE_SILENT","items_purchased":["Wraith Form v2"],"campfire_rested":1,"item_purchase_floors":[5],"current_hp_per_floor":[63,63,63,46,46,46,45,45,45,44,44,33,23,13,34,0,0],"gold":102,"neow_bonus":"BOSS_RELIC","is_daily":false,"chose_seed":false,"campfire_upgraded":2,"win_rate":0.0,"timestamp":1614046398,"path_taken":["M","?","M","M","$","R","M","?","T","M","R","?","M","E","R","BOSS"],"items_purchased_type":["Card"],"build_version":"2020-12-22","purchased_purges":1,"victory":false,"max_hp_per_floor":[70,70,70,70,70,70,70,70,70,70,70,70,70,70,70,70,70],"card_choices":[{"not_picked":["Tactician","Acrobatics"],"picked":"Slice","floor":1},{"not_picked":["Cloak And Dagger","Dagger Throw"],"picked":"Poisoned Stab","floor":2},{"not_picked":["Concentrate","Terror"],"picked":"Dagger Spray","floor":3},{"not_picked":["Deadly Poison","Heel Hook"],"picked":"Predator","floor":4},{"not_picked":["Dagger Spray","Riddle With Holes"],"picked":"Acrobatics","floor":7},{"not_picked":["Deflect","Expertise"],"picked":"Caltrops","floor":10},{"not_picked":["Quick Slash","Riddle With Holes"],"picked":"Bane","floor":12},{"not_picked":["Dagger Spray","Concentrate"],"picked":"Leg Sweep","floor":13},{"not_picked":["Acrobatics","Dagger Throw"],"picked":"Burst","floor":14}],"player_experience":505874,"relics_obtained":[{"floor":9,"key":"The Courier"},{"floor":14,"key":"Bottled Lightning"}],"event_choices":[{"damage_healed":0,"gold_gain":0,"player_choice":"Forge","damage_taken":0,"max_hp_gain":0,"max_hp_loss":0,"event_name":"Accursed Blacksmith","floor":8,"gold_loss":0,"cards_upgraded":["Predator"]}],"is_beta":false,"boss_relics":[],"items_purged_floors":[5],"is_endless":false,"potions_floor_spawned":[1,7,10,12],"killed_by":"Hexaghost","ascension_level":6}}