{"host":"5xkp6lbjk85sl3i7","time":1614096925,"event":{"mods":["BaseMod","Better Match","Better Note","Colored Powertips","Curses Come First","Hermit","Highlight Path","Minty Spire (QoL Compilation)","Quick Restart","Replay The Spire","StSLib","The Cursed"],"gold_per_floor":[124,159,173,173,143,169,169,232,282,311,350,362,374,404,416,533,545,575,587,615,627,654,666,666],"floor_reached":23,"language":"ENG","playtime":5956,"items_purged":[],"score":243,"play_id":"eaee4ebf-ad6c-4b44-ab6e-1eb3798f0926","local_time":"20210223111525","is_ascension_mode":true,"campfire_choices":[{"floor":7,"key":"REST"},{"floor":15,"key":"REST"}],"circlet_count":0,"master_deck":["hermit:Strike_Hermit","hermit:Strike_Hermit","hermit:Strike_Hermit","hermit:Strike_Hermit","hermit:Defend_Hermit","hermit:Defend_Hermit","hermit:Defend_Hermit","hermit:Defend_Hermit","hermit:Snapshot","hermit:Covet","TheCursedMod:Strike_TheCursed","Defend_P","hermit:DeadOrAlive","hermit:Glare","hermit:TakeAim","hermit:Coalescence","hermit:EyeOfTheStorm","Pot Of Greed","Pot Of Greed","hermit:TrackingShot","hermit:Dive","hermit:Roulette","hermit:Brawl","hermit:Purgatory","hermit:EyeOfTheStorm+1","Pot Of Greed","hermit:HoleUp+1","hermit:Headshot"],"relics":["hermit:Momento","ReplayTheSpireMod:Ring of Collecting","Ring of Peace","Ornamental Fan","Grinning Jar","Ring of Searing","Replay:Baseball","MawBank","Sozu","Omamori"],"acts_visited":["Exordium","TheCity"],"potions_floor_usage":[6,8,18],"damage_taken":[{"damage":3,"enemies":"2 Louse","floor":1,"turns":7},{"damage":0,"enemies":"Jaw Worm","floor":2,"turns":3},{"damage":0,"enemies":"Cultist","floor":3,"turns":2},{"damage":3,"enemies":"Looter","floor":5,"turns":4},{"damage":20,"enemies":"Lagavulin","floor":6,"turns":9},{"damage":32,"enemies":"3 Sentries","floor":8,"turns":10},{"damage":6,"enemies":"Lagavulin","floor":10,"turns":5},{"damage":0,"enemies":"Large Slime","floor":11,"turns":6},{"damage":0,"enemies":"Blue Slaver","floor":14,"turns":4},{"damage":46,"enemies":"The Guardian","floor":16,"turns":9},{"damage":37,"enemies":"Shell Parasite","floor":18,"turns":5},{"damage":12,"enemies":"Chosen","floor":20,"turns":6},{"damage":9,"enemies":"Centurion and Healer","floor":22,"turns":11},{"damage":20,"enemies":"Gremlin Leader","floor":23,"turns":3}],"seed_played":"-475486981425831564","potions_obtained":[{"floor":2,"key":"Explosive Potion"},{"floor":3,"key":"SteroidPotion"},{"floor":14,"key":"LifebloodPotion"}],"is_trial":false,"path_per_floor":["M","M","M","?","M","E","R","E","T","E","M","$","?","M","R","B",null,"M","?","M","?","M","E"],"character_chosen":"HERMIT","items_purchased":[],"campfire_rested":2,"item_purchase_floors":[],"current_hp_per_floor":[72,72,72,72,69,49,71,39,39,33,33,33,33,33,55,9,75,38,38,26,26,17,0,0],"gold":666,"neow_bonus":"THREE_RARE_CARDS","is_daily":false,"chose_seed":false,"campfire_upgraded":0,"win_rate":0.0,"timestamp":1614096925,"path_taken":["M","M","M","?","M","E","R","E","T","E","M","$","?","M","R","BOSS","M","?","M","?","M","E"],"items_purchased_type":[],"build_version":"2020-12-22","purchased_purges":0,"victory":false,"max_hp_per_floor":[75,75,75,75,75,75,75,75,75,75,75,75,75,75,75,75,75,75,75,75,75,75,75,75],"card_choices":[{"not_picked":["hermit:Magnum","hermit:FinalCanter"],"picked":"hermit:DeadOrAlive","floor":0},{"not_picked":["hermit:HoleUp","hermit:CalledShot"],"picked":"hermit:Glare","floor":1},{"not_picked":["hermit:Feint","hermit:Manifest"],"picked":"hermit:TakeAim","floor":2},{"not_picked":["hermit:Showdown","hermit:Spite"],"picked":"hermit:Coalescence","floor":3},{"not_picked":["hermit:CalledShot","hermit:HoleUp"],"picked":"hermit:EyeOfTheStorm","floor":5},{"not_picked":["hermit:BodyArmor","hermit:Reprieve","hermit:Grudge"],"picked":"SKIP","floor":6},{"not_picked":["hermit:Spite","hermit:LowProfile"],"picked":"hermit:TrackingShot","floor":8},{"not_picked":["hermit:TrackingShot","hermit:Cheat"],"picked":"hermit:Dive","floor":10},{"not_picked":["hermit:FinalCanter","hermit:HoleUp"],"picked":"hermit:Roulette","floor":11},{"not_picked":["hermit:Horror","hermit:TrackingShot"],"picked":"hermit:Brawl","floor":14},{"not_picked":["hermit:FromBeyond","hermit:DeadOrAlive"],"picked":"hermit:Purgatory","floor":16},{"not_picked":["hermit:Snipe","hermit:BodyArmor"],"picked":"hermit:EyeOfTheStorm+1","floor":18},{"not_picked":["hermit:LoneWolf","hermit:SprayPray"],"picked":"hermit:HoleUp+1","floor":20},{"not_picked":["hermit:Glare","hermit:WideOpen"],"picked":"hermit:Headshot","floor":22}],"player_experience":759222,"relics_obtained":[{"floor":4,"key":"ReplayTheSpireMod:Ring of Collecting"},{"floor":4,"key":"Ring of Peace"},{"floor":6,"key":"Ornamental Fan"},{"floor":8,"key":"Grinning Jar"},{"floor":9,"key":"Ring of Searing"},{"floor":9,"key":"Replay:Baseball"},{"floor":10,"key":"MawBank"}],"event_choices":[{"cards_removed":["ReplayTheSpireMod:Doomed"],"damage_healed":0,"gold_gain":0,"player_choice":"Purged","damage_taken":0,"max_hp_gain":0,"max_hp_loss":0,"event_name":"Purifier","floor":13,"gold_loss":0},{"damage_healed":0,"gold_gain":0,"player_choice":"Ignored","damage_taken":0,"max_hp_gain":0,"max_hp_loss":0,"event_name":"Ghosts","floor":21,"gold_loss":0}],"is_beta":false,"boss_relics":[{"not_picked":["Abe\u0027s Treasure","Pandora\u0027s Box"],"picked":"Sozu"}],"items_purged_floors":[],"is_endless":false,"potions_floor_spawned":[2,3,14,20,22],"killed_by":"Gremlin Leader","ascension_level":3}}