{"host":"8anmd7ibyxevnonj","time":1614091011,"event":{"mods":["BaseMod","Curses Come First","Downfall","Minty Spire (QoL Compilation)","Reliquary","StSLib"],"gold_per_floor":[0,15,115,127,147,164,164,164,184,197,197,214,214,314,329,432,432,432,0,16,42,42,75,75,90,107,107,134,83,83,68,79,181,181,181,196,296,310,323,350,421,312,312,326,380,380,405,424,435,435],"floor_reached":51,"language":"ENG","playtime":3963,"items_purged":["champ:Strike"],"score":961,"play_id":"03881bd1-f1b8-4ce6-abae-8b49d45cf28d","local_time":"20210223153651","is_ascension_mode":false,"campfire_choices":[{"data":"champ:Execute","floor":1.0,"key":"SMITH"},{"data":"champ:Taunt","floor":11.0,"key":"SMITH"},{"data":"champ:ArenaPreparation","floor":13.0,"key":"SMITH"},{"data":"champ:Duel","floor":18.0,"key":"SMITH"},{"data":"champ:ShieldWall","floor":30.0,"key":"SMITH"},{"floor":35.0,"key":"RECALL"},{"data":"champ:TornadoPunch","floor":43,"key":"SMITH"}],"circlet_count":0,"master_deck":["champ:Strike","champ:Strike","champ:Strike","champ:Defend","champ:Defend","champ:Defend","champ:Defend","champ:Execute+1","champ:Taunt+1","champ:AdrenalArmor","champ:GladiatorStyle","champ:GladiatorStyle","champ:FlashCut","champ:FlashCut","champ:PreciseThrust","champ:Shatter","champ:ArenaPreparation+1","champ:Duel+1","champ:VampiricStrike","champ:TornadoPunch+1","champ:EnGarde","champ:SkillfulDodge+1","champ:MurderStrike","champ:ArenaPreparation","champ:DefensiveStyle","champ:GutPunch+1","champ:DefensiveStyle","champ:ShieldWall+1","champ:IronFortress","champ:FaceSlap","champ:HoldFirm","champ:ShieldSlam+1","champ:CalledShot+1","champ:HoldFirm","champ:SwordThrow","champ:StanceDance+1"],"relics":["champ:ChampionCrown","Incense Burner","Champion Belt","reliquary:SharkskinSheath","Sozu","reliquary:BallBearing","Bronze Scales","Red Mask","Lizard Tail","Bottled Lightning","reliquary:Aerogel","Bottled Tornado","Toy Ornithopter","MealTicket","Bottled Flame","Membership Card","Bird Faced Urn","reliquary:TuningFork","reliquary:OuijaBoard","Oddly Smooth Stone","Regal Pillow"],"acts_visited":["Exordium","TheCity","TheBeyond"],"potions_floor_usage":[],"damage_taken":[{"damage":10.0,"enemies":"Small Slimes","floor":2.0,"turns":3.0},{"damage":29.0,"enemies":"Small Slimes","floor":3.0,"turns":5.0},{"damage":10.0,"enemies":"Jaw Worm","floor":4.0,"turns":4.0},{"damage":10.0,"enemies":"2 Louse","floor":5.0,"turns":3.0},{"damage":5.0,"enemies":"Blue Slaver","floor":6.0,"turns":4.0},{"damage":17.0,"enemies":"2 Fungi Beasts","floor":9.0,"turns":4.0},{"damage":2.0,"enemies":"3 Louse","floor":10.0,"turns":3.0},{"damage":13.0,"enemies":"Red Slaver","floor":12.0,"turns":3.0},{"damage":6.0,"enemies":"Blue Slaver","floor":15.0,"turns":2.0},{"damage":135.0,"enemies":"DF_ARCHETYPE_STREAMLINE","floor":16.0,"turns":11.0},{"damage":35.0,"enemies":"downfall:FleeingMerchant","floor":19.0,"turns":4.0},{"damage":3.0,"enemies":"Spheric Guardian","floor":20.0,"turns":2.0},{"damage":16.0,"enemies":"Masked Bandits","floor":21.0,"turns":3.0},{"damage":60.0,"enemies":"Gremlin Leader","floor":23.0,"turns":12.0},{"damage":11.0,"enemies":"Chosen","floor":25.0,"turns":4.0},{"damage":9.0,"enemies":"Snake Plant","floor":26.0,"turns":4.0},{"damage":0.0,"enemies":"Book of Stabbing","floor":28.0,"turns":3.0},{"damage":21.0,"enemies":"downfall:FleeingMerchant","floor":29.0,"turns":4.0},{"damage":30.0,"enemies":"downfall:FleeingMerchant","floor":31.0,"turns":4.0},{"damage":17.0,"enemies":"Centurion and Healer","floor":32.0,"turns":4.0},{"damage":44.0,"enemies":"WA_ARCHETYPE_CALM","floor":33.0,"turns":7.0},{"damage":7.0,"enemies":"Orb Walker","floor":36.0,"turns":3.0},{"damage":37.0,"enemies":"downfall:LadyInBlue","floor":37.0,"turns":8.0},{"damage":41.0,"enemies":"3 Darklings","floor":38.0,"turns":5.0},{"damage":59.0,"enemies":"Transient","floor":39.0,"turns":5.0},{"damage":10.0,"enemies":"downfall:FleeingMerchant","floor":42.0,"turns":3.0},{"damage":2,"enemies":"Jaw Worm Horde","floor":44,"turns":3},{"damage":20,"enemies":"2 Orb Walkers","floor":45,"turns":5},{"damage":32,"enemies":"Giant Head","floor":47,"turns":9},{"damage":11,"enemies":"Spire Growth","floor":48,"turns":4},{"damage":21,"enemies":"Writhing Mass","floor":49,"turns":5},{"damage":39,"enemies":"SI_POISON_ARCHETYPE","floor":50,"turns":10}],"seed_played":"9122876760742742163","potions_obtained":[{"floor":2.0,"key":"hexamod:SoulburnPotion"},{"floor":3.0,"key":"CultistPotion"},{"floor":4.0,"key":"DuplicationPotion"},{"floor":15.0,"key":"Swift Potion"}],"is_trial":false,"path_per_floor":["R","M","?","M","M","M","T","T","M","M","R","M","R","?","M","B",null,"R","$","M","?","?","E","T","M","M","?","E","$","R","$","M","B",null,"R","M","?","M","M","?","T","$","R","M","?","?","E","M","M","B",null],"character_chosen":"THE_CHAMP","items_purchased":["reliquary:BallBearing","Bronze Scales","champ:ShieldWall","Membership Card","Bird Faced Urn","reliquary:TuningFork","champ:HoldFirm"],"campfire_rested":0,"item_purchase_floors":[19,19,29,42,42,42,42],"current_hp_per_floor":[90,90,81,81,81,90,90,90,83,90,90,87,87,87,86,46,90,90,90,90,84,84,64,64,63,54,54,54,63,63,63,61,37,90,90,83,81,75,76,76,76,90,90,88,82,82,88,88,85,54],"gold":435,"neow_bonus":"ONE_RARE_RELIC","is_daily":false,"chose_seed":false,"campfire_upgraded":6,"win_rate":0.0,"timestamp":1614091011,"path_taken":["R","M","?","M","M","M","T","?","M","M","R","M","R","?","M","BOSS","R","$","M","?","?","E","T","M","M","?","E","$","R","?","M","BOSS","R","M","?","?","M","?","T","$","R","M","?","?","E","?","M","BOSS"],"items_purchased_type":["Relic","Relic","Card","Relic","Relic","Relic","Card"],"build_version":"2020-12-13","purchased_purges":1,"victory":true,"max_hp_per_floor":[90,90,90,90,90,90,90,90,90,90,90,90,90,90,90,90,90,90,90,90,90,90,90,90,90,90,90,90,90,90,90,90,90,90,90,90,90,90,90,90,90,90,90,90,90,90,90,90,90,90],"card_choices":[{"not_picked":["champ:Parry","champ:PreciseThrust"],"picked":"champ:AdrenalArmor","floor":2.0},{"not_picked":["champ:PerfectedStrike","champ:Backstep"],"picked":"champ:GladiatorStyle","floor":3.0},{"not_picked":["champ:BladeFlurry","champ:Devastate"],"picked":"champ:GladiatorStyle","floor":4.0},{"not_picked":["champ:PreciseThrust","champ:EnragedBash"],"picked":"champ:FlashCut","floor":5.0},{"not_picked":["champ:CrownThrow","champ:Backstep"],"picked":"champ:FlashCut","floor":6.0},{"not_picked":["champ:ShieldSigil","champ:ViciousMockery"],"picked":"champ:PreciseThrust","floor":9.0},{"not_picked":["champ:PerfectedStrike","champ:UltimateStance"],"picked":"champ:Shatter","floor":10.0},{"not_picked":["champ:PreemptiveStrike","champ:FanOfKnives"],"picked":"champ:ArenaPreparation","floor":12.0},{"not_picked":["champ:BladeFlurry","champ:PreciseThrust"],"picked":"champ:Duel","floor":15.0},{"not_picked":["champ:HoldFirm","champ:SwordThrow"],"picked":"champ:VampiricStrike","floor":16.0},{"not_picked":["champ:Circumvent","champ:SwordSigil"],"picked":"champ:TornadoPunch","floor":19.0},{"not_picked":["champ:CalledShot+1","champ:SetATrap"],"picked":"champ:EnGarde","floor":20.0},{"not_picked":["champ:FanOfKnives","champ:FancyFootwork"],"picked":"champ:SkillfulDodge+1","floor":21.0},{"not_picked":["champ:DefensiveShout+1","champ:ShieldSigil"],"picked":"champ:MurderStrike","floor":23.0},{"not_picked":["champ:PerfectedStrike","champ:Backstep"],"picked":"champ:ArenaPreparation","floor":25.0},{"not_picked":["champ:PerfectedStrike","champ:EnGarde"],"picked":"champ:DefensiveStyle","floor":26.0},{"not_picked":["champ:DeathBlow","champ:RageSigil"],"picked":"champ:GutPunch+1","floor":28.0},{"not_picked":["champ:CrownThrow","champ:PerfectedStrike"],"picked":"champ:DefensiveStyle","floor":29.0},{"not_picked":["champ:GutPunch","champ:ShieldSigil"],"picked":"champ:IronFortress","floor":31.0},{"not_picked":["champ:PreciseThrust","champ:BerserkersShout"],"picked":"champ:FaceSlap","floor":32.0},{"not_picked":["champ:DancingMaster","champ:IgnorePain"],"picked":"champ:HoldFirm","floor":33.0},{"not_picked":["champ:Circumvent","champ:EnragedBash+1","champ:GutPunch+1"],"picked":"SKIP","floor":36.0},{"not_picked":["champ:SetATrap","champ:CalledShot+1"],"picked":"champ:ShieldSlam+1","floor":37.0},{"not_picked":["champ:TornadoPunch","champ:CrownThrow","champ:BerserkersShout+1"],"picked":"SKIP","floor":38.0},{"not_picked":["champ:EnragedBash","champ:ViciousMockery+1"],"picked":"champ:CalledShot+1","floor":39.0},{"not_picked":["champ:Encircle","champ:BladeFlurry","champ:Backstep+1"],"picked":"SKIP","floor":44},{"not_picked":["champ:StanceDance","champ:RapidStrikes"],"picked":"champ:SwordThrow","floor":45},{"not_picked":["champ:Backstep","champ:TornadoPunch+1","champ:DeathBlow"],"picked":"SKIP","floor":47},{"not_picked":["champ:DefensiveShout+1","champ:CrookedStrike+1"],"picked":"champ:StanceDance+1","floor":48},{"not_picked":["champ:FaceSlap+1","champ:PreciseThrust+1","champ:FlashCut"],"picked":"SKIP","floor":49}],"player_experience":189326,"relics_obtained":[{"floor":3.0,"key":"Champion Belt"},{"floor":8.0,"key":"reliquary:SharkskinSheath"},{"floor":21.0,"key":"Red Mask"},{"floor":23.0,"key":"Lizard Tail"},{"floor":24.0,"key":"Bottled Lightning"},{"floor":28.0,"key":"Bottled Tornado"},{"floor":37.0,"key":"Toy Ornithopter"},{"floor":40.0,"key":"MealTicket"},{"floor":41.0,"key":"Bottled Flame"},{"floor":45,"key":"reliquary:OuijaBoard"},{"floor":46,"key":"Oddly Smooth Stone"},{"floor":47,"key":"Regal Pillow"}],"event_choices":[{"damage_healed":0.0,"max_hp_gain":0.0,"max_hp_loss":0.0,"gold_gain":0.0,"event_name":"Masked Bandits","player_choice":"Fought Bandits","floor":21.0,"gold_loss":0.0,"damage_taken":0.0},{"damage_healed":0.0,"max_hp_gain":0.0,"max_hp_loss":0.0,"gold_gain":0.0,"event_name":"Ghosts","player_choice":"Ignored","floor":22.0,"gold_loss":0.0,"damage_taken":0.0},{"damage_healed":0,"gold_gain":0,"player_choice":"Fight","damage_taken":0,"max_hp_gain":0,"max_hp_loss":0,"event_name":"Mysterious Sphere","floor":45,"gold_loss":0},{"damage_healed":0,"gold_gain":0,"player_choice":"Relic","damage_taken":0,"max_hp_gain":0,"max_hp_loss":0,"event_name":"Wheel of Change","floor":46,"gold_loss":0}],"is_beta":false,"boss_relics":[{"not_picked":["reliquary:KinkedSpring","Astrolabe"],"picked":"Sozu"},{"not_picked":["Fusion Hammer","reliquary:WritOfMandamus","Velvet Choker"]}],"items_purged_floors":[42],"is_endless":false,"potions_floor_spawned":[2,3,4,15,25,32,33,45,47,48],"ascension_level":0}}