{"host":"xp5rvh2jwe2ejyfm","time":1614045338,"event":{"mods":["2.2 Compatiblity","Aspiration","Bard","BaseMod","Beaked The Cultist","Better Altar","Better Match","Better Note","Better Sensory Stone","Better Skull","BetterRewards","Colored Powertips","Conspire","Downfall","GifTheSpireLib","Gremlin Mod","GungeonMod","Hermit","Hubris","Jorbs\u0027s Wanderer Trilogy","Mad Scientist","Minty Spire (QoL Compilation)","Potionbrewer","Quick Restart","Replay The Spire","Robot Space Explorer","Shade Mod","Somnambulant","StSLib","The Bug Knight","The Clintock","The Construct","The Cursed","The Disciple","The Forsaken","The Hierophant","The Marked","The Mystic","The Necromancer","The Runesmith","The Servant 0.9.4","The Valiant","The Witch","TheFirefly","TheVacant","thorton"],"gold_per_floor":[116,129,38,52,5,35,35,35,62,62,73,107,107,122,122,227,227,246,22,42,54,54,54,54,54],"floor_reached":24,"language":"ENG","playtime":965,"items_purged":[],"score":206,"play_id":"5a2c96a9-4f0d-4401-a706-8d4defadcc03","local_time":"20210222205538","is_ascension_mode":false,"campfire_choices":[{"floor":7,"key":"REST"},{"floor":13,"key":"REST"},{"floor":15,"key":"REST"},{"floor":23,"key":"REST"}],"circlet_count":0,"master_deck":["MadScienceMod:Strike_MadScience","MadScienceMod:Strike_MadScience","MadScienceMod:Strike_MadScience","MadScienceMod:Strike_MadScience","MadScienceMod:Defend_MadScience","MadScienceMod:Defend_MadScience","MadScienceMod:Defend_MadScience","MadScienceMod:PoweredStrike","MadScienceMod:HideBehindJunk+1","MadScienceMod:Strafe","MadScienceMod:RadioactiveSword","MadScienceMod:RecyclingStation","MadScienceMod:Detonate","MadScienceMod:AntimatterBomb","MadScienceMod:Refuel","MadScienceMod:Bayonet","MadScienceMod:GlassCannon+1","MadScienceMod:Detonate","MadScienceMod:RadioactiveSword","MadScienceMod:EnergyBarrier","MadScienceMod:ArtilleryShot","MadScienceMod:CaptureMomentum","MadScienceMod:PowerArmor","MadScienceMod:OilDrum","MadScienceMod:ExtractOil","MadScienceMod:PowerArmor+1"],"relics":["MadScienceMod:FuelTank","Replay:Kaleidoscope","MadScienceMod:DoomsdayDevice","Unceasing Top","conspire:SpecialSausage","thethorton:BrokenCalculator"],"acts_visited":["Exordium","TheCity"],"potions_floor_usage":[6,12,20,24],"damage_taken":[{"damage":0,"enemies":"Cultist","floor":1,"turns":4},{"damage":1,"enemies":"Small Slimes","floor":2,"turns":4},{"damage":8,"enemies":"Jaw Worm","floor":4,"turns":5},{"damage":31,"enemies":"Gremlin Nob","floor":6,"turns":5},{"damage":24,"enemies":"Exordium Thugs","floor":11,"turns":5},{"damage":22,"enemies":"Lagavulin","floor":12,"turns":4},{"damage":25,"enemies":"Lots of Slimes","floor":14,"turns":4},{"damage":16,"enemies":"The Guardian","floor":16,"turns":12},{"damage":6,"enemies":"3 Byrds","floor":18,"turns":6},{"damage":13,"enemies":"Shell Parasite","floor":20,"turns":4},{"damage":45,"enemies":"Centurion and Healer","floor":21,"turns":10},{"damage":50,"enemies":"Snecko","floor":24,"turns":6}],"seed_played":"-5036030479932618112","potions_obtained":[{"floor":1,"key":"Elixir"},{"floor":2,"key":"Venom Potion"},{"floor":11,"key":"potionbrewer:FreezingPotion"},{"floor":12,"key":"Elixir"},{"floor":16,"key":"LiquidMemories"}],"is_trial":false,"path_per_floor":["M","M","$","M","$","E","R","$","T","?","M","E","R","M","R","B",null,"M","$","M","M","?","R","M"],"character_chosen":"MAD_SCIENTIST","items_purchased":["MadScienceMod:RecyclingStation","MadScienceMod:Detonate","MadScienceMod:Refuel","MadScienceMod:PowerArmor","thethorton:BrokenCalculator"],"campfire_rested":4,"item_purchase_floors":[3,3,5,19,19],"current_hp_per_floor":[75,74,74,66,66,35,57,57,57,57,33,11,33,8,30,14,75,69,69,56,11,11,33,0,0],"gold":54,"neow_bonus":"UPGRADE_CARD","is_daily":false,"chose_seed":false,"campfire_upgraded":0,"win_rate":0.0,"timestamp":1614045338,"path_taken":["M","?","$","M","$","E","R","$","T","?","M","E","R","M","R","BOSS","M","$","M","M","?","R","M"],"items_purchased_type":["Card","Card","Card","Card","Relic"],"build_version":"2020-12-22","purchased_purges":0,"victory":false,"max_hp_per_floor":[75,75,75,75,75,75,75,75,75,75,75,75,75,75,75,75,75,75,75,75,75,75,75,75,75],"card_choices":[{"not_picked":["MadScienceMod:SoftenUp","MadScienceMod:OmniHammer"],"picked":"MadScienceMod:Strafe","floor":1},{"not_picked":["MadScienceMod:AntimatterBomb","MadScienceMod:Postpone"],"picked":"MadScienceMod:RadioactiveSword","floor":2},{"not_picked":["MadScienceMod:AutoStrike","MadScienceMod:Detonate"],"picked":"MadScienceMod:AntimatterBomb","floor":4},{"not_picked":["MadScienceMod:Liquify","MadScienceMod:Probe"],"picked":"MadScienceMod:Bayonet","floor":6},{"not_picked":["MadScienceMod:Tune","MadScienceMod:LightOnFire"],"picked":"MadScienceMod:Detonate","floor":11},{"not_picked":["MadScienceMod:Probe","MadScienceMod:AntimatterBomb"],"picked":"MadScienceMod:RadioactiveSword","floor":12},{"not_picked":["MadScienceMod:Sprocket","MadScienceMod:Strafe"],"picked":"MadScienceMod:EnergyBarrier","floor":14},{"not_picked":["MadScienceMod:Refine","MadScienceMod:MechanicalSnecko"],"picked":"MadScienceMod:ArtilleryShot","floor":16},{"not_picked":["MadScienceMod:Lightbulb","MadScienceMod:Tune"],"picked":"MadScienceMod:CaptureMomentum","floor":18},{"not_picked":["MadScienceMod:AntimatterBomb","MadScienceMod:MechanicalClaw+1"],"picked":"MadScienceMod:OilDrum","floor":20},{"not_picked":["MadScienceMod:Sprocket","MadScienceMod:Strafe"],"picked":"MadScienceMod:ExtractOil","floor":21}],"player_experience":577410,"relics_obtained":[{"floor":6,"key":"Replay:Kaleidoscope"},{"floor":9,"key":"MadScienceMod:DoomsdayDevice"},{"floor":12,"key":"Unceasing Top"}],"event_choices":[{"damage_healed":0,"gold_gain":0,"player_choice":"Take","damage_taken":0,"max_hp_gain":0,"max_hp_loss":0,"event_name":"betterNote:BetterNote","floor":22,"gold_loss":0,"cards_obtained":["MadScienceMod:PowerArmor"]}],"is_beta":false,"boss_relics":[{"not_picked":["Cursed Key","hubris:CrackedHourglass"],"picked":"conspire:SpecialSausage"}],"items_purged_floors":[],"is_endless":false,"potions_floor_spawned":[1,2,11,12,16],"killed_by":"Snecko","ascension_level":0}}