{"host":"ffjrj7fisyni1ebk","time":1614103767,"event":{"mods":["2.2 Compatiblity","BaseMod","Bestiary","Colored Map","Colored Powertips","Curses Come First","Highlight Path","Keyboard Shortcuts","Minty Spire (QoL Compilation)","Relic Stats","Slay the Relics Exporter","StSLib","SuperFastMode"],"gold_per_floor":[113,128,128,148,27,27,37,62,62,62,62,77,77,97,97,97,97],"floor_reached":16,"language":"ENG","playtime":666,"items_purged":["Strike_R"],"score":102,"play_id":"d93db9ee-f063-4a57-b13a-70febfd6bfd3","local_time":"20210223200927","is_ascension_mode":false,"campfire_choices":[{"data":"Body Slam","floor":6.0,"key":"SMITH"},{"data":"True Grit","floor":11.0,"key":"SMITH"},{"data":"Entrench","floor":13.0,"key":"SMITH"},{"floor":15.0,"key":"REST"}],"circlet_count":0,"master_deck":["Strike_R","Strike_R","Strike_R","Defend_R","Defend_R","Defend_R","Defend_R","Bash","True Grit+1","Inflame","Body Slam+1","Seeing Red","True Grit+1","Shrug It Off","Entrench+1","Disarm"],"relics":["SacredBark","Lantern","Happy Flower"],"acts_visited":["Exordium"],"potions_floor_usage":[16,16,16],"damage_taken":[{"damage":7.0,"enemies":"Cultist","floor":1.0,"turns":5.0},{"damage":2.0,"enemies":"2 Louse","floor":2.0,"turns":4.0},{"damage":6.0,"enemies":"Jaw Worm","floor":4.0,"turns":4.0},{"damage":0.0,"enemies":"Blue Slaver","floor":7.0,"turns":5.0},{"damage":29.0,"enemies":"Gremlin Nob","floor":8.0,"turns":5.0},{"damage":11.0,"enemies":"3 Louse","floor":12.0,"turns":5.0},{"damage":2.0,"enemies":"Exordium Wildlife","floor":14.0,"turns":5.0},{"damage":47,"enemies":"Slime Boss","floor":16,"turns":11}],"seed_played":"-5377670865041088910","potions_obtained":[{"floor":1.0,"key":"FearPotion"},{"floor":4.0,"key":"Energy Potion"},{"floor":14.0,"key":"ColorlessPotion"}],"is_trial":false,"path_per_floor":["M","M","?","M","$","R","M","E","T","?","R","M","R","M","R","B"],"character_chosen":"IRONCLAD","items_purchased":["True Grit"],"campfire_rested":1,"item_purchase_floors":[5],"current_hp_per_floor":[73,71,71,65,65,65,65,36,36,36,36,25,25,23,47,0,0],"gold":97,"neow_bonus":"BOSS_RELIC","is_daily":false,"chose_seed":false,"campfire_upgraded":3,"win_rate":0.0,"timestamp":1614103767,"path_taken":["M","M","?","M","$","R","M","E","T","?","R","?","R","M","R","BOSS"],"items_purchased_type":["Card"],"build_version":"2020-12-22","purchased_purges":1,"victory":false,"max_hp_per_floor":[80,80,80,80,80,80,80,80,80,80,80,80,80,80,80,80,80],"relic_stats":{"Happy Flower":[7],"counters":[8,44],"obtain_stats":[{"Lantern":8,"Happy Flower":9,"SacredBark":0,"Burning Blood":0},{"Lantern":5,"Happy Flower":5,"SacredBark":0,"Burning Blood":0},{"Lantern":23,"Happy Flower":23,"SacredBark":0,"Burning Blood":0}]},"card_choices":[{"not_picked":["Sentinel","Pommel Strike"],"picked":"True Grit","floor":1.0},{"not_picked":["Havoc","Pummel"],"picked":"Inflame","floor":2.0},{"not_picked":["Flex","Iron Wave"],"picked":"Seeing Red","floor":4.0},{"not_picked":["Evolve","Cleave"],"picked":"Shrug It Off","floor":7.0},{"not_picked":["Iron Wave","Clash","Corruption"],"picked":"SKIP","floor":8.0},{"not_picked":["Body Slam","Carnage"],"picked":"Entrench","floor":12.0},{"not_picked":["Thunderclap","Wild Strike"],"picked":"Disarm","floor":14.0}],"player_experience":343427,"relics_obtained":[{"floor":8.0,"key":"Lantern"},{"floor":9.0,"key":"Happy Flower"}],"event_choices":[{"damage_healed":0.0,"max_hp_gain":0.0,"max_hp_loss":0.0,"gold_gain":0.0,"cards_transformed":["Strike_R"],"event_name":"Living Wall","player_choice":"Change","floor":3.0,"gold_loss":0.0,"damage_taken":0.0,"cards_obtained":["Body Slam"]},{"damage_healed":0.0,"max_hp_gain":0.0,"max_hp_loss":0.0,"gold_gain":0.0,"event_name":"Upgrade Shrine","player_choice":"Upgraded","floor":10.0,"gold_loss":0.0,"damage_taken":0.0,"cards_upgraded":["True Grit"]}],"is_beta":false,"boss_relics":[],"items_purged_floors":[5],"is_endless":false,"potions_floor_spawned":[1,4,14],"killed_by":"Slime Boss","ascension_level":0}}