{"host":"xz7n3qy1zq36rzpg","time":1614071011,"event":{"mods":["BaseMod","Colored Map","Colored Powertips","Highlight Path","Minty Spire (QoL Compilation)","Quick Restart","Shop Mod"],"gold_per_floor":[119,138,138,157,111,138,152,152,175,202,127,143,162,162,162,264,264,274,180,199,114,14,14,48,48,125,141,141,154,154,170,170,170,170],"floor_reached":33,"language":"ENG","playtime":2001,"items_purged":["Defend_P","Strike_P"],"score":334,"play_id":"7889417c-fba9-4dfc-8807-3f6eee91e96e","local_time":"20210223100331","is_ascension_mode":true,"campfire_choices":[{"floor":8.0,"key":"REST"},{"floor":15.0,"key":"REST"},{"data":"Eruption","floor":23,"key":"SMITH"},{"data":"TalkToTheHand","floor":25,"key":"SMITH"},{"floor":28,"key":"REST"},{"floor":32,"key":"REST"}],"circlet_count":0,"master_deck":["Strike_P+1","Strike_P","Strike_P","Defend_P+1","Defend_P","Defend_P","Eruption+1","Vigilance","EmptyFist","ThirdEye","WindmillStrike+1","Prostrate","TalkToTheHand+1","SandsOfTime+1","FearNoEvil+1","Protect","Nirvana+1","LessonLearned","Consecrate+1","ForeignInfluence","FlurryOfBlows","Perseverance","Crescendo","PathToVictory+1","Crescendo","Protect"],"relics":["PureWater","Orichalcum","Centennial Puzzle","Boot","Pen Nib","Sozu","Blood Vial","Whetstone","Yang"],"acts_visited":["Exordium","TheCity"],"potions_floor_usage":[],"damage_taken":[{"damage":0.0,"enemies":"2 Louse","floor":1.0,"turns":2.0},{"damage":0.0,"enemies":"Cultist","floor":2.0,"turns":3.0},{"damage":2.0,"enemies":"Jaw Worm","floor":4.0,"turns":4.0},{"damage":22.0,"enemies":"Gremlin Nob","floor":6.0,"turns":5.0},{"damage":11.0,"enemies":"Lots of Slimes","floor":7.0,"turns":3.0},{"damage":16.0,"enemies":"Lagavulin","floor":10.0,"turns":6.0},{"damage":8.0,"enemies":"Blue Slaver","floor":12.0,"turns":3.0},{"damage":7.0,"enemies":"2 Fungi Beasts","floor":13.0,"turns":2.0},{"damage":9.0,"enemies":"Slime Boss","floor":16.0,"turns":6.0},{"damage":10,"enemies":"Chosen","floor":18,"turns":5},{"damage":0,"enemies":"3 Byrds","floor":20,"turns":4},{"damage":27,"enemies":"Book of Stabbing","floor":24,"turns":4},{"damage":0,"enemies":"Sentry and Sphere","floor":27,"turns":3},{"damage":0,"enemies":"3 Cultists","floor":29,"turns":4},{"damage":11,"enemies":"Snecko","floor":30,"turns":4},{"damage":1,"enemies":"Centurion and Healer","floor":31,"turns":4},{"damage":79,"enemies":"Collector","floor":33,"turns":7}],"seed_played":"-1778620425654783917","potions_obtained":[{"floor":2.0,"key":"Dexterity Potion"},{"floor":3.0,"key":"Swift Potion"},{"floor":3.0,"key":"Weak Potion"},{"floor":6.0,"key":"LiquidBronze"},{"floor":13.0,"key":"Regen Potion"}],"is_trial":false,"path_per_floor":["M","M","?","M","$","E","M","R","T","E","$","M","M","?","R","B",null,"M","$","M","?","$","R","E","R","T","M","R","M","M","M","R","B"],"character_chosen":"WATCHER","items_purchased":["Prostrate","ForeignInfluence","FlurryOfBlows"],"campfire_rested":4,"item_purchase_floors":[5,19,19],"current_hp_per_floor":[72,72,72,70,70,48,37,58,58,42,42,34,27,27,48,54,72,62,62,62,62,62,62,37,37,37,39,60,62,53,54,72,0,0],"gold":170,"neow_bonus":"RANDOM_COMMON_RELIC","is_daily":false,"chose_seed":false,"campfire_upgraded":2,"win_rate":0.0,"timestamp":1614071011,"path_taken":["M","M","?","M","$","E","M","R","T","E","?","M","M","?","R","BOSS","M","?","M","?","$","R","E","R","T","M","R","M","M","M","R","BOSS"],"items_purchased_type":["Card","Card","Card"],"build_version":"2020-12-22","purchased_purges":2,"victory":false,"max_hp_per_floor":[72,72,72,72,72,72,72,72,72,72,72,72,72,72,72,72,72,72,72,72,72,72,72,72,72,72,72,72,72,72,72,72,72,72],"card_choices":[{"not_picked":["EmptyBody","ThirdEye"],"picked":"EmptyFist","floor":1.0},{"not_picked":["Conclude","EmptyBody"],"picked":"ThirdEye","floor":2.0},{"not_picked":["SashWhip","Prostrate"],"picked":"WindmillStrike","floor":4.0},{"not_picked":["BowlingBash","ClearTheMind"],"picked":"TalkToTheHand","floor":6.0},{"not_picked":["WindmillStrike","Vault"],"picked":"SandsOfTime","floor":7.0},{"not_picked":["ClearTheMind","Protect"],"picked":"FearNoEvil","floor":10.0},{"not_picked":["DeceiveReality","JustLucky"],"picked":"Protect","floor":12.0},{"not_picked":["EmptyMind","Vengeance"],"picked":"Nirvana","floor":13.0},{"not_picked":["SpiritShield","MasterReality"],"picked":"LessonLearned","floor":16.0},{"not_picked":["WindmillStrike","ThirdEye+1"],"picked":"Consecrate+1","floor":18},{"not_picked":["EmptyBody+1","WheelKick+1"],"picked":"Perseverance","floor":20},{"not_picked":["Wireheading","SignatureMove"],"picked":"Crescendo","floor":24},{"not_picked":["Meditate+1","ThirdEye+1"],"picked":"PathToVictory+1","floor":27},{"not_picked":["ThirdEye","CrushJoints+1"],"picked":"Crescendo","floor":29},{"not_picked":["WaveOfTheHand","Sanctity+1","Scrawl"],"picked":"SKIP","floor":30},{"not_picked":["MentalFortress","FlyingSleeves"],"picked":"Protect","floor":31}],"player_experience":585621,"relics_obtained":[{"floor":6.0,"key":"Centennial Puzzle"},{"floor":9.0,"key":"Boot"},{"floor":10.0,"key":"Pen Nib"},{"floor":24,"key":"Whetstone"},{"floor":26,"key":"Yang"}],"event_choices":[{"damage_healed":0.0,"max_hp_gain":0.0,"max_hp_loss":0.0,"gold_gain":0.0,"event_name":"Lab","player_choice":"Got Potions","floor":3.0,"gold_loss":0.0,"damage_taken":0.0},{"damage_healed":0.0,"max_hp_gain":0.0,"max_hp_loss":0.0,"gold_gain":0.0,"event_name":"Upgrade Shrine","player_choice":"Upgraded","floor":14.0,"gold_loss":0.0,"damage_taken":0.0,"cards_upgraded":["WindmillStrike"]},{"damage_healed":0,"gold_gain":0,"player_choice":"Obtained Relic","damage_taken":0,"relics_obtained":["Blood Vial"],"max_hp_gain":0,"max_hp_loss":0,"event_name":"Addict","floor":21,"gold_loss":85}],"is_beta":false,"boss_relics":[{"not_picked":["Velvet Choker","Astrolabe"],"picked":"Sozu"}],"items_purged_floors":[11,22],"is_endless":false,"potions_floor_spawned":[2,4,6,7,13,18,20,24],"killed_by":"Collector","ascension_level":2}}