{"host":"1ftto2vaskemldx8","time":1614104874,"event":{"mods":["BaseMod","Downfall","Minty Spire (QoL Compilation)","Replay The Spire","StSLib","Together in Spire","[功能]功能增强和修复MOD"],"gold_per_floor":[99,109,129,129,8,61,61,61,3,59,59,86,86,287,314,434,434,434,464,497,531,385,385,410,456,354,354,398,260,60,89,118,231,231,231,260,298,204,226,293,365,412,412,448,509,509,409,355,394,430,430,486,432,432,440,460],"floor_reached":57,"language":"ZHS","playtime":5739,"items_purged":["sneckomod:Defend","sneckomod:Defend","sneckomod:Unknown","Pain","sneckomod:Unknown+1"],"score":1740,"play_id":"377f9625-79b6-4928-a9e2-4d8ceaa6299a","local_time":"20210224022754","is_ascension_mode":false,"campfire_choices":[{"floor":1,"key":"DIG"},{"data":"sneckomod:DangerNoodle","floor":11,"key":"SMITH"},{"data":"sneckomod:UnknownUncommonPower","floor":13,"key":"SMITH"},{"floor":18,"key":"RECALL"},{"floor":30,"key":"REST"},{"data":"sneckomod:UnknownCommonSkill","floor":35,"key":"PURGE"},{"floor":47,"key":"REST"},{"data":"ReplayTheSpireMod:Uncanny Aura","floor":54,"key":"SMITH"}],"circlet_count":0,"master_deck":["sneckomod:TailWhip+1","sneckomod:SnekBite+1","AbeCurse","sneckomod:UnknownUncommonAttack","sneckomod:MasterEye","sneckomod:DangerNoodle+1","sneckomod:ImprovisedAttack","sneckomod:UnknownClassGREEN+1","sneckomod:QuickBite","sneckomod:UnknownUncommonPower+1","sneckomod:SlitherStrike","sneckomod:UnknownBlock","sneckomod:Nope","sneckomod:UnknownRareSkill","sneckomod:UnendingSupply","expansioncontent:StudyTheSpire","sneckomod:Unknown1Cost","sneckomod:UnknownVulnerable","sneckomod:UnknownBoss","sneckomod:UnknownBlock+1","sneckomod:SoulDraw","ReplayTheSpireMod:Brewmster","sneckomod:DefensiveFlair+1","sneckomod:UnknownRarePower","sneckomod:UnknownBoss","sneckomod:UnknownRarePower","sneckomod:UnknownDexterity","sneckomod:UnknownRareAttack","sneckomod:MasterEye+1","sneckomod:Mudshield","sneckomod:Unknown0Cost+1","sneckomod:UnknownUncommonPower+1","sneckomod:UnknownUncommonSkill","expansioncontent:StudyTheSpire","sneckomod:SnakeSap","sneckomod:SoulRoll","Replay:SS_hec_1","expansioncontent:AwakenDeath","expansioncontent:PolyBeam","sneckomod:UnknownX","expansioncontent:DashGenerateEvil","sneckomod:UnknownRareSkill","sneckomod:CheapStock","ReplayTheSpireMod:Uncanny Aura+1"],"relics":["Abe\u0027s Treasure","Replay:Bottled Eggs","Replay:Bandana","ReplayTheSpireMod:Lightbulb","Replay:Baseball","sneckomod:SneckoCommon","WarpedTongs","Whetstone","War Paint","Toy Ornithopter","Omamori","OrangePellets","Replay:Grab Bag","Philosopher\u0027s Stone","ChewingGum","Black Star","Akabeko","Matryoshka","Medical Kit","Snack Pack","Vajra","Mummified Hand","Singing Bowl","StoneCalendar","Centennial Puzzle","BargainBundle","Blue Candle","Divine Protection","downfall:HeartBlessingRed","downfall:HeartBlessingGreen","ReplayTheSpireMod:DimensionalGlitch","Membership Card","Bottled Lightning","Orichalcum","Calipers","Bottled Flame","Boot","Garlic","Replay:Bottled Steam","Bronze Scales","downfall:HeartBlessingBlue","PreservedInsect","CeramicFish","TheAbacus","Strawberry","ReplayFunnel","Blood Vial","Mercury Hourglass","ClockworkSouvenir"],"acts_visited":["Exordium","TheCity","TheBeyond","TheEnding"],"potions_floor_usage":[6,9,15,16,16,20,20,21,25,28,28,28,31,32,33,33,33,33,37,39,39,39,40,40,40,42,44,45,45,49,49,50,50,52,52,52,52,55,55,55,55,55,55,55,55,55,56,56,56,56,56,56,56],"damage_taken":[{"damage":0,"enemies":"Small Slimes","floor":2,"turns":1},{"damage":0,"enemies":"Cultist","floor":3,"turns":3},{"damage":0,"enemies":"downfall:FleeingMerchant","floor":5,"turns":4},{"damage":8,"enemies":"Lagavulin","floor":6,"turns":3},{"damage":7,"enemies":"downfall:FleeingMerchant","floor":9,"turns":5},{"damage":13,"enemies":"3 Sentries","floor":10,"turns":3},{"damage":0,"enemies":"2 Louse","floor":12,"turns":1},{"damage":22,"enemies":"downfall:FleeingMerchant","floor":14,"turns":4},{"damage":3,"enemies":"Exordium Wildlife","floor":15,"turns":2},{"damage":12,"enemies":"WA_ARCHETYPE_RETAIN","floor":16,"turns":4},{"damage":31,"enemies":"3 Byrds","floor":19,"turns":4},{"damage":21,"enemies":"downfall:LooterAlt2","floor":20,"turns":3},{"damage":2,"enemies":"Snecko","floor":21,"turns":3},{"damage":10,"enemies":"Shelled Parasite and Fungi","floor":25,"turns":4},{"damage":2,"enemies":"Gremlin Leader","floor":28,"turns":5},{"damage":0,"enemies":"3 Cultists","floor":31,"turns":3},{"damage":0,"enemies":"Cultist and Chosen","floor":32,"turns":2},{"damage":13,"enemies":"SI_MIRROR_ARCHETYPE","floor":33,"turns":6},{"damage":0,"enemies":"3 Shapes","floor":36,"turns":4},{"damage":0,"enemies":"3 Darklings","floor":37,"turns":6},{"damage":0,"enemies":"Transient","floor":39,"turns":5},{"damage":41,"enemies":"2 Orb Walkers","floor":40,"turns":4},{"damage":7,"enemies":"Reptomancer","floor":42,"turns":5},{"damage":0,"enemies":"Maw","floor":44,"turns":4},{"damage":0,"enemies":"Nemesis","floor":45,"turns":4},{"damage":6,"enemies":"Sphere and 2 Shapes","floor":49,"turns":3},{"damage":69,"enemies":"DF_ARCHETYPE_ORBS","floor":50,"turns":3},{"damage":0,"enemies":"downfall:CharBossMerchant","floor":52,"turns":6},{"damage":0,"enemies":"downfall:NeowBoss","floor":55,"turns":10},{"damage":3,"enemies":"downfall:NeowBossFinal","floor":56,"turns":9}],"seed_played":"-8590202269488541521","potions_obtained":[{"floor":3,"key":"SteroidPotion"},{"floor":3,"key":"sneckomod:CheatPotion"},{"floor":6,"key":"AttackPotion"},{"floor":10,"key":"Elixir"},{"floor":10,"key":"ColorlessPotion"},{"floor":15,"key":"Strength Potion"},{"floor":15,"key":"Dexterity Potion"},{"floor":16,"key":"Elixir"},{"floor":16,"key":"Fire Potion"},{"floor":19,"key":"EssenceOfSteel"},{"floor":20,"key":"Block Potion"},{"floor":21,"key":"ColorlessPotion"},{"floor":21,"key":"LiquidBronze"},{"floor":25,"key":"Fire Potion"},{"floor":31,"key":"DistilledChaos"},{"floor":31,"key":"FearPotion"},{"floor":32,"key":"Fruit Juice"},{"floor":32,"key":"DistilledChaos"},{"floor":33,"key":"LifebloodPotion"},{"floor":42,"key":"bronze:BurnAndBuffPotion"},{"floor":45,"key":"GamblersBrew"},{"floor":49,"key":"Languid Potion"},{"floor":49,"key":"SteroidPotion"},{"floor":52,"key":"FearPotion"}],"is_trial":false,"path_per_floor":["R","M","M","?","$","E","T","?","$","E","R","M","R","$","M","B",null,"R","M","M","M","$","?","T","M","$","?","E","$","R","M","M","B",null,"R","M","M","$","M","?","T","E","?","M","E","?","R","$","M","B",null,"E","$","R","B","B",null],"character_chosen":"THE_SNECKO","items_purchased":["sneckomod:DangerNoodle","Replay:Bandana","ReplayTheSpireMod:Lightbulb","sneckomod:UnknownUncommonPower","Whetstone","sneckomod:SlitherStrike","sneckomod:UnendingSupply","expansioncontent:StudyTheSpire","Toy Ornithopter","Omamori","OrangePellets","sneckomod:Unknown1Cost","Akabeko","Matryoshka","Medical Kit","ReplayTheSpireMod:Brewmster","Mummified Hand","Singing Bowl","BargainBundle","Blue Candle","Divine Protection","sneckomod:UnknownRareAttack","Membership Card","Bottled Lightning","Orichalcum","sneckomod:UnknownUncommonSkill","expansioncontent:StudyTheSpire","PreservedInsect","CeramicFish","TheAbacus","sneckomod:UnknownX","expansioncontent:DashGenerateEvil","Blood Vial","Mercury Hourglass","ClockworkSouvenir","sneckomod:CheapStock","ReplayTheSpireMod:Uncanny Aura"],"campfire_rested":2,"item_purchase_floors":[5,5,5,9,9,9,14,14,14,14,14,14,22,22,22,22,26,26,29,29,29,29,38,38,38,38,38,48,48,48,48,48,53,53,53,53,53],"current_hp_per_floor":[90,90,90,90,90,82,82,82,75,62,62,62,62,40,42,40,90,90,59,48,51,51,51,51,48,48,48,65,65,92,92,99,99,99,99,99,99,99,99,66,66,65,65,73,84,69,113,113,117,49,117,124,124,124,124,124],"gold":460,"neow_bonus":"BOSS_RELIC","is_daily":false,"chose_seed":false,"campfire_upgraded":3,"win_rate":0.0,"timestamp":1614104874,"path_taken":["R","M","M","?","$","E","T","?","$","E","R","?","R","$","M","BOSS","R","M","M","?","$","?","T","?","$","?","E","?","R","?","M","BOSS","R","M","M","$","?","?","T","E","?","?","E","?","R","$","M","BOSS","E","$","R","BOSS","BOSS"],"items_purchased_type":["Card","Relic","Relic","Card","Relic","Card","Card","Card","Relic","Relic","Relic","Card","Relic","Relic","Relic","Card","Relic","Relic","Relic","Relic","Relic","Card","Relic","Relic","Relic","Card","Card","Relic","Relic","Relic","Card","Card","Relic","Relic","Relic","Card","Card"],"build_version":"2020-12-22","purchased_purges":5,"victory":true,"max_hp_per_floor":[90,90,90,90,90,90,90,90,90,90,90,90,90,90,90,90,90,90,90,90,90,90,90,90,90,90,90,92,92,92,92,99,99,99,99,99,99,99,99,99,99,101,101,103,105,105,115,115,117,117,117,124,124,124,124,124],"card_choices":[{"not_picked":["sneckomod:DiceBlock","sneckomod:QuickBite"],"picked":"sneckomod:UnknownCommonSkill","floor":2},{"not_picked":["sneckomod:UnknownBlock","sneckomod:QuickBite"],"picked":"sneckomod:UnknownUncommonAttack","floor":3},{"not_picked":["sneckomod:UnknownCommonSkill","sneckomod:QuickMove"],"picked":"sneckomod:MasterEye","floor":5},{"not_picked":["sneckomod:UnknownBlock","sneckomod:WideSting"],"picked":"sneckomod:ImprovisedAttack","floor":6},{"not_picked":["sneckomod:UnknownCommonAttack","sneckomod:DiceBlock"],"picked":"sneckomod:QuickBite","floor":9},{"not_picked":["sneckomod:DangerNoodle","sneckomod:UnknownExhaust"],"picked":"sneckomod:UnknownBlock","floor":10},{"not_picked":["sneckomod:IronFang","sneckomod:RainOfDice"],"picked":"sneckomod:Nope","floor":12},{"not_picked":["sneckomod:Unknown1Cost","sneckomod:DiceCrush"],"picked":"sneckomod:UnknownRareSkill","floor":14},{"not_picked":["sneckomod:Nope","sneckomod:SoulRoll"],"picked":"sneckomod:UnknownVulnerable","floor":15},{"not_picked":["sneckomod:Restock","sneckomod:Unknown3Cost"],"picked":"sneckomod:UnknownBoss","floor":16},{"not_picked":["sneckomod:DiceCrush","sneckomod:UnknownUncommonPower"],"picked":"sneckomod:UnknownBlock+1","floor":19},{"not_picked":["sneckomod:UnknownBlock+1","sneckomod:QuickMove"],"picked":"sneckomod:SoulDraw","floor":20},{"not_picked":["sneckomod:RainOfDice","sneckomod:DiceBoulder","sneckomod:MasterEye"],"picked":"SKIP","floor":21},{"not_picked":["sneckomod:DiceCrush","sneckomod:UnknownBlock"],"picked":"sneckomod:DefensiveFlair+1","floor":25},{"not_picked":["sneckomod:DiceBlock","sneckomod:SoulCleanse","sneckomod:UnknownCommonAttack"],"picked":"Singing Bowl","floor":28},{"not_picked":["sneckomod:QuickBite","sneckomod:UnknownVulnerable"],"picked":"sneckomod:MasterEye+1","floor":31},{"not_picked":["sneckomod:WideSting+1","sneckomod:MasterEye","sneckomod:Nope+1"],"picked":"Singing Bowl","floor":32},{"not_picked":["sneckomod:UnknownBoss","sneckomod:DangerNoodle"],"picked":"sneckomod:Mudshield","floor":33},{"not_picked":["sneckomod:DiceBlock+1","sneckomod:SnakeSap+1"],"picked":"sneckomod:Unknown0Cost+1","floor":36},{"not_picked":["sneckomod:CheapStock+1","sneckomod:QuickBite"],"picked":"sneckomod:UnknownUncommonPower+1","floor":37},{"not_picked":["sneckomod:IronFang","sneckomod:SlitherStrike+1"],"picked":"sneckomod:SnakeSap","floor":39},{"not_picked":["sneckomod:DiceBlock","sneckomod:RainOfDice+1"],"picked":"sneckomod:SoulRoll","floor":40},{"not_picked":["sneckomod:UnknownClassGUARDIAN+1","sneckomod:DiceBlock+1","sneckomod:UnknownDraw"],"picked":"Singing Bowl","floor":42},{"not_picked":["sneckomod:UnknownCommonAttack","sneckomod:QuickBite+1","sneckomod:UnknownExhaust"],"picked":"Singing Bowl","floor":44},{"not_picked":["sneckomod:UnknownDraw+1","sneckomod:DiceBoulder+1","sneckomod:Mudshield"],"picked":"Singing Bowl","floor":45},{"not_picked":["expansioncontent:Hexaburn","Replay:SS_fish_1"],"picked":"Replay:SS_hec_1","floor":46},{"not_picked":["expansioncontent:HyperBeam","Replay:SS_forest_2"],"picked":"expansioncontent:AwakenDeath","floor":46},{"not_picked":["expansioncontent:HyperBeam","expansioncontent:AwakenDeath"],"picked":"expansioncontent:PolyBeam","floor":46},{"not_picked":["sneckomod:UnknownCommonSkill+1","sneckomod:UnknownUncommonPower+1","sneckomod:WideSting+1"],"picked":"Singing Bowl","floor":49},{"not_picked":["sneckomod:QuickMove","sneckomod:QuickBite+1"],"picked":"sneckomod:UnknownRareSkill","floor":52}],"player_experience":235402,"relics_obtained":[{"floor":1,"key":"Replay:Bottled Eggs"},{"floor":6,"key":"Replay:Baseball"},{"floor":7,"key":"sneckomod:SneckoCommon"},{"floor":10,"key":"War Paint"},{"floor":24,"key":"Snack Pack"},{"floor":24,"key":"Vajra"},{"floor":28,"key":"StoneCalendar"},{"floor":28,"key":"Centennial Puzzle"},{"floor":40,"key":"Calipers"},{"floor":41,"key":"Bottled Flame"},{"floor":42,"key":"Boot"},{"floor":42,"key":"Garlic"},{"floor":45,"key":"Replay:Bottled Steam"},{"floor":45,"key":"Bronze Scales"},{"floor":52,"key":"Strawberry"},{"floor":52,"key":"ReplayFunnel"}],"event_choices":[{"damage_healed":0,"gold_gain":0,"player_choice":"Rummage","damage_taken":0,"relics_obtained":["WarpedTongs"],"max_hp_gain":0,"max_hp_loss":0,"event_name":"Accursed Blacksmith","floor":8,"gold_loss":0,"cards_obtained":["Pain"]},{"damage_healed":0,"gold_gain":0,"player_choice":"Ignored","damage_taken":0,"max_hp_gain":0,"max_hp_loss":0,"event_name":"NoteForYourself","floor":23,"gold_loss":0},{"damage_healed":0,"gold_gain":0,"player_choice":"Fight","damage_taken":0,"max_hp_gain":0,"max_hp_loss":0,"event_name":"Mysterious Sphere","floor":40,"gold_loss":0}],"is_beta":false,"boss_relics":[{"not_picked":["Replay:Bronze Core","Kintsugi"],"picked":"Replay:Grab Bag"},{"not_picked":["SlaversCollar","Velvet Choker"],"picked":"Philosopher\u0027s Stone"},{"not_picked":["Busted Crown","Runic Dome"],"picked":"ChewingGum"},{"not_picked":["Empty Cage","Snecko Eye"],"picked":"Black Star"},{"not_picked":["Replay:Drink Me","Painkiller Herb"],"picked":"ReplayTheSpireMod:DimensionalGlitch"}],"items_purged_floors":[5,9,14,26,38],"is_endless":false,"potions_floor_spawned":[3,3,6,10,10,12,15,15,16,16,19,20,21,21,25,28,31,31,32,32,33,33,36,37,42,42,45,49,49,52,52],"ascension_level":0}}