{"host":"szp1d6dso4pv7ddl","time":1614042759,"event":{"mods":["AchievementEnabler","Alarm Clock","BaseMod","Bestiary","Block Reminder","Colored Map","Colored Powertips","Curses Come First","Dark Map","Displayed Cursed Tome","Highlight Path","Minty Spire (QoL Compilation)","Permanent Neow","Quick Restart","Relic Sorter","Relic Stats","StSLib","Synergy Search"],"gold_per_floor":[113,113,124,124,136,136,149,168,168,243,258,273,288,100,100,203,203,215,165,165,102,82,82,96,96,143,143,170,170,181,181,181,277,277,296,77,3,3,53,53,73,73,96,96,115,115,125,145,145,145],"floor_reached":51,"language":"ENG","playtime":1488,"items_purged":["Strike_R","Defend_R","Defend_R","Second Wind"],"score":784,"play_id":"52a31023-9379-4e97-b297-463662e8bede","local_time":"20210222171239","is_ascension_mode":false,"campfire_choices":[{"data":"Bash","floor":6,"key":"SMITH"},{"data":"Demon Form","floor":15,"key":"SMITH"},{"floor":23,"key":"REST"},{"floor":25,"key":"REST"},{"floor":27,"key":"REST"},{"floor":32,"key":"REST"},{"floor":40,"key":"REST"},{"floor":49,"key":"REST"}],"circlet_count":0,"master_deck":["Bash+1","Demon Form+1","Sword Boomerang+1","Feed"],"relics":["Burning Blood","Anchor","Membership Card","Fusion Hammer","Akabeko","Vajra","Pandora\u0027s Box","WingedGreaves","Juzu Bracelet","Bird Faced Urn","Orichalcum","Blood Vial"],"acts_visited":["Exordium","TheCity","TheBeyond"],"potions_floor_usage":[8,16,16,18,28,28,50,50,50],"damage_taken":[{"damage":11,"enemies":"Jaw Worm","floor":1,"turns":3},{"damage":6,"enemies":"Cultist","floor":3,"turns":3},{"damage":5,"enemies":"Small Slimes","floor":5,"turns":4},{"damage":37,"enemies":"Gremlin Gang","floor":7,"turns":5},{"damage":0,"enemies":"Large Slime","floor":8,"turns":6},{"damage":8,"enemies":"2 Fungi Beasts","floor":11,"turns":3},{"damage":12,"enemies":"3 Louse","floor":12,"turns":6},{"damage":6,"enemies":"Red Slaver","floor":13,"turns":3},{"damage":44,"enemies":"Slime Boss","floor":16,"turns":6},{"damage":31,"enemies":"3 Byrds","floor":18,"turns":6},{"damage":15,"enemies":"2 Thieves","floor":22,"turns":4},{"damage":44,"enemies":"Sentry and Sphere","floor":24,"turns":5},{"damage":46,"enemies":"Book of Stabbing","floor":28,"turns":5},{"damage":10,"enemies":"Shelled Parasite and Fungi","floor":30,"turns":3},{"damage":39,"enemies":"Champ","floor":33,"turns":6},{"damage":38,"enemies":"3 Darklings","floor":35,"turns":4},{"damage":48,"enemies":"Mind Bloom Boss Battle","floor":39,"turns":4},{"damage":26,"enemies":"3 Shapes","floor":41,"turns":2},{"damage":6,"enemies":"Spire Growth","floor":45,"turns":3},{"damage":45,"enemies":"Sphere and 2 Shapes","floor":47,"turns":4},{"damage":0,"enemies":"Transient","floor":48,"turns":5},{"damage":94,"enemies":"Donu and Deca","floor":50,"turns":7}],"seed_played":"1656679950284545238","potions_obtained":[{"floor":7,"key":"Regen Potion"},{"floor":11,"key":"GamblersBrew"},{"floor":12,"key":"EssenceOfSteel"},{"floor":16,"key":"Fire Potion"},{"floor":22,"key":"ElixirPotion"},{"floor":24,"key":"Block Potion"},{"floor":30,"key":"DistilledChaos"},{"floor":35,"key":"EssenceOfSteel"},{"floor":47,"key":"PowerPotion"}],"is_trial":false,"path_per_floor":["M","?","M","?","M","R","M","M","T","?","M","M","M","$","R","B",null,"M","$","?","$","M","R","M","R","T","R","E","?","M","?","R","B",null,"M","$","$","?","?","R","M","?","T","?","M","T","M","M","R","B",null],"character_chosen":"IRONCLAD","items_purchased":["Membership Card","WingedGreaves","Juzu Bracelet"],"campfire_rested":6,"item_purchase_floors":[14,36,37],"current_hp_per_floor":[75,75,75,75,76,76,45,66,66,55,53,47,47,47,47,9,80,55,55,40,40,31,56,18,43,43,68,28,28,24,24,49,40,88,81,81,81,81,60,87,94,89,89,89,92,92,56,66,94,10],"gold":145,"neow_bonus":"REMOVE_CARD","is_daily":false,"chose_seed":false,"campfire_upgraded":2,"win_rate":0.0,"timestamp":1614042759,"path_taken":["M","?","?","?","?","R","M","M","T","?","M","M","M","$","R","BOSS","M","$","?","$","M","R","M","R","T","R","E","?","M","?","R","BOSS","M","$","$","?","?","R","M","?","T","?","M","?","M","M","R","BOSS"],"items_purchased_type":["Relic","Relic","Relic"],"build_version":"2020-12-22","purchased_purges":4,"victory":true,"max_hp_per_floor":[80,80,80,80,80,80,80,80,80,80,80,80,80,80,80,80,80,80,80,85,85,85,85,85,85,85,85,85,85,85,85,85,88,88,91,91,91,91,91,91,94,89,89,89,92,92,95,95,95,98],"relic_stats":{"Blood Vial":3,"counters":[22,97],"Bird Faced Urn":[4],"Pandora\u0027s Box":["Second Wind","Battle Trance"],"Juzu Bracelet":1,"Orichalcum":[72],"obtain_stats":[{"Blood Vial":46,"Anchor":9,"Bird Faced Urn":39,"Vajra":28,"Pandora\u0027s Box":34,"Fusion Hammer":17,"WingedGreaves":36,"Juzu Bracelet":37,"Membership Card":14,"Orichalcum":43,"Burning Blood":0,"Akabeko":26},{"Blood Vial":19,"Anchor":5,"Bird Faced Urn":17,"Vajra":13,"Pandora\u0027s Box":15,"Fusion Hammer":9,"WingedGreaves":16,"Juzu Bracelet":16,"Membership Card":8,"Orichalcum":18,"Burning Blood":0,"Akabeko":12},{"Blood Vial":81,"Anchor":21,"Bird Faced Urn":76,"Vajra":59,"Pandora\u0027s Box":68,"Fusion Hammer":39,"WingedGreaves":72,"Juzu Bracelet":72,"Membership Card":33,"Orichalcum":78,"Burning Blood":0,"Akabeko":54}],"Burning Blood":132},"card_choices":[{"not_picked":["Thunderclap","Flex","Headbutt"],"picked":"SKIP","floor":1},{"not_picked":["Iron Wave","Thunderclap","Anger"],"picked":"SKIP","floor":3},{"not_picked":["Body Slam","Perfected Strike","Headbutt"],"picked":"SKIP","floor":5},{"not_picked":["Brutality","Inflame","Blood for Blood"],"picked":"SKIP","floor":7},{"not_picked":["Rampage","Rage","Anger"],"picked":"SKIP","floor":8},{"not_picked":["Evolve","Perfected Strike","Headbutt"],"picked":"SKIP","floor":11},{"not_picked":["Clothesline","Fiend Fire","Havoc"],"picked":"SKIP","floor":12},{"not_picked":["Havoc","Metallicize","Heavy Blade"],"picked":"SKIP","floor":13},{"not_picked":["Pummel+1","True Grit","Disarm+1"],"picked":"SKIP","floor":18},{"not_picked":["Disarm","Entrench","Carnage+1"],"picked":"SKIP","floor":22},{"not_picked":["Anger","Shrug It Off","Sword Boomerang"],"picked":"SKIP","floor":24},{"not_picked":["Headbutt","Metallicize+1"],"picked":"Sword Boomerang+1","floor":28},{"not_picked":["Wild Strike+1","Flex","Clash+1"],"picked":"SKIP","floor":30},{"not_picked":["Evolve","Iron Wave","Battle Trance+1"],"picked":"SKIP","floor":35},{"not_picked":["Perfected Strike","Rage","Body Slam+1"],"picked":"SKIP","floor":41},{"not_picked":["Thunderclap","Body Slam+1","Flex"],"picked":"SKIP","floor":45},{"not_picked":["Anger","Seeing Red","Armaments"],"picked":"SKIP","floor":47},{"not_picked":["Carnage+1","True Grit","Entrench"],"picked":"SKIP","floor":48}],"player_experience":1636846,"relics_obtained":[{"floor":9,"key":"Anchor"},{"floor":26,"key":"Akabeko"},{"floor":28,"key":"Vajra"},{"floor":39,"key":"Bird Faced Urn"},{"floor":43,"key":"Orichalcum"},{"floor":46,"key":"Blood Vial"}],"event_choices":[{"damage_healed":0,"gold_gain":0,"player_choice":"Ignored","damage_taken":0,"max_hp_gain":0,"max_hp_loss":0,"event_name":"WeMeetAgain","floor":2,"gold_loss":0},{"damage_healed":0,"gold_gain":0,"cards_transformed":["Strike_R"],"player_choice":"Transformed","damage_taken":0,"max_hp_gain":0,"max_hp_loss":0,"event_name":"Transmorgrifier","floor":4,"gold_loss":0,"cards_obtained":["Demon Form"]},{"damage_healed":0,"gold_gain":75,"player_choice":"Gather Gold","damage_taken":11,"max_hp_gain":0,"max_hp_loss":0,"event_name":"World of Goop","floor":10,"gold_loss":0},{"damage_healed":0,"gold_gain":0,"player_choice":"Shed Blood","damage_taken":20,"max_hp_gain":5,"max_hp_loss":0,"event_name":"Forgotten Altar","floor":20,"gold_loss":0},{"damage_healed":0,"gold_gain":0,"player_choice":"Ignored","damage_taken":0,"max_hp_gain":0,"max_hp_loss":0,"event_name":"The Mausoleum","floor":29,"gold_loss":0},{"damage_healed":0,"gold_gain":0,"cards_transformed":["Strike_R","Strike_R"],"player_choice":"Became Test Subject","damage_taken":0,"max_hp_gain":0,"max_hp_loss":0,"event_name":"Drug Dealer","floor":31,"gold_loss":0,"cards_obtained":["Reaper","Feed"]},{"cards_removed":["Battle Trance"],"damage_healed":0,"gold_gain":0,"player_choice":"Purged","damage_taken":0,"max_hp_gain":0,"max_hp_loss":0,"event_name":"Purifier","floor":38,"gold_loss":0},{"damage_healed":0,"gold_gain":0,"player_choice":"Fight","damage_taken":0,"max_hp_gain":0,"max_hp_loss":0,"event_name":"MindBloom","floor":39,"gold_loss":0},{"damage_healed":0,"gold_gain":0,"player_choice":"Max HP","damage_taken":0,"max_hp_gain":0,"max_hp_loss":5,"event_name":"Winding Halls","floor":42,"gold_loss":0},{"cards_removed":["Reaper"],"damage_healed":0,"gold_gain":0,"player_choice":"Removed Attack","damage_taken":0,"max_hp_gain":0,"max_hp_loss":0,"event_name":"Falling","floor":44,"gold_loss":0}],"is_beta":false,"boss_relics":[{"not_picked":["Black Star","Mark of Pain"],"picked":"Fusion Hammer"},{"not_picked":["Runic Cube","SacredBark"],"picked":"Pandora\u0027s Box"}],"items_purged_floors":[14,19,21,36],"is_endless":false,"potions_floor_spawned":[7,11,12,16,22,24,30,35,47,48],"ascension_level":0}}