{"host":"f7jml7vkwn3tj7tu","time":1614063709,"event":{"mods":["BaseMod","Block Reminder","Minty Spire (QoL Compilation)","Relic Stats","Slay-I"],"gold_per_floor":[114,132,97,113,125,125,125],"floor_reached":6,"language":"ENG","playtime":332,"items_purged":[],"score":44,"play_id":"05e59f7d-3888-4cdf-a07a-285d5a549cdd","local_time":"20210223020149","is_ascension_mode":true,"campfire_choices":[],"circlet_count":0,"master_deck":["Strike_G","Strike_G","Strike_G","Strike_G","Strike_G","Defend_G","Defend_G","Defend_G","Defend_G","Defend_G","Survivor","Neutralize","Deep Breath","Finisher","Blade Dance","Cloak And Dagger"],"relics":["Ring of the Snake"],"acts_visited":["Exordium"],"potions_floor_usage":[6],"damage_taken":[{"damage":4,"enemies":"Small Slimes","floor":1,"turns":4},{"damage":9,"enemies":"Jaw Worm","floor":2,"turns":2},{"damage":7,"enemies":"2 Louse","floor":4,"turns":2},{"damage":21,"enemies":"Exordium Thugs","floor":5,"turns":4},{"damage":46,"enemies":"Lagavulin","floor":6,"turns":6}],"seed_played":"-161361836223658219","potions_obtained":[{"floor":1,"key":"PowerPotion"},{"floor":4,"key":"Ancient Potion"}],"is_trial":false,"path_per_floor":["M","M","?","M","M","E"],"character_chosen":"THE_SILENT","items_purchased":[],"campfire_rested":0,"item_purchase_floors":[],"current_hp_per_floor":[66,57,70,63,42,0,0],"gold":125,"neow_bonus":"RANDOM_COLORLESS","is_daily":false,"chose_seed":false,"campfire_upgraded":0,"win_rate":0.0,"timestamp":1614063709,"path_taken":["M","M","?","M","M","E"],"items_purchased_type":[],"build_version":"2020-12-22","purchased_purges":0,"victory":false,"max_hp_per_floor":[70,70,70,70,70,70,70],"relic_stats":{"counters":[5,18],"obtain_stats":[{"Ring of the Snake":0},{"Ring of the Snake":0},{"Ring of the Snake":0}],"Ring of the Snake":[10]},"card_choices":[{"not_picked":["Forethought","Impatience"],"picked":"Deep Breath","floor":0},{"not_picked":["Deadly Poison","PiercingWail"],"picked":"Finisher","floor":1},{"not_picked":["Eviscerate","Poisoned Stab"],"picked":"Blade Dance","floor":2},{"not_picked":["Tactician","Deflect","Well Laid Plans"],"picked":"SKIP","floor":4},{"not_picked":["Heel Hook","Blur"],"picked":"Cloak And Dagger","floor":5}],"player_experience":614517,"relics_obtained":[],"event_choices":[{"damage_healed":17,"gold_gain":0,"player_choice":"Healed","damage_taken":0,"max_hp_gain":0,"max_hp_loss":0,"event_name":"The Cleric","floor":3,"gold_loss":35}],"is_beta":false,"boss_relics":[],"items_purged_floors":[],"is_endless":false,"potions_floor_spawned":[1,4],"killed_by":"Lagavulin","ascension_level":3}}