{"host":"94qggqh0xz0sp6ai","time":1614046304,"event":{"mods":["100% Spire Juice","Abigail Mod","Act Like it!","BaseMod","CapriCore","Downfall","Friendly Minions","Gensokyo","Hermit","Jorbs\u0027s Wanderer Trilogy","Koishi","Marisa（霧雨　魔理沙）","Minty Spire (QoL Compilation)","Permanent Neow","Reimu（博??梦）","Reliquary","Ruina","StSLib","The Alterego","The Construct","The Cursed","The Hierophant","The Immortal","The Marked","The Mystic","The Senshi","The Servant 0.9.4","TheBandit","Waifu the Spire"],"gold_per_floor":[115,115,134,150,170,170,198,198,253,281,303,332,332,352,352,465,465,399,399,424,424,424,424,424,424],"floor_reached":24,"language":"ENG","playtime":886,"items_purged":[],"score":297,"play_id":"24d2b04d-75a4-4b4b-a935-22e4407a1934","local_time":"20210222201144","is_ascension_mode":true,"campfire_choices":[{"data":"AbbyMod:FamiliarShield","floor":6,"key":"SMITH"},{"data":"AbbyMod:PowerGamer","floor":8,"key":"SMITH"},{"data":"AbbyMod:PrayerOfFaith","floor":13,"key":"SMITH"},{"data":"AbbyMod:FlyingMascot","floor":15,"key":"SMITH"},{"floor":23,"key":"REST"}],"circlet_count":0,"master_deck":["AscendersBane","AbbyMod:Ab_Strike","AbbyMod:Ab_Strike","AbbyMod:Ab_Strike","AbbyMod:Ab_Defend","AbbyMod:Ab_Defend","AbbyMod:Ab_Defend","AbbyMod:FleetingSanity","AbbyMod:ForeheadBeam","AbbyMod:AbsoluteCorruption","AbbyMod:PowerGamer+1","AbbyMod:FamiliarShield+1","AbbyMod:AceInTheHole","AbbyMod:Kuroboshi+1","AbbyMod:FlyingMascot+1","AbbyMod:PapaProtection+1","AbbyMod:PrayerOfFaith+1","AbbyMod:OldOneLimb","AbbyMod:VoidWhispers","AbbyMod:Ab_FiveStars","AbbyMod:Ab_DarkestPact"],"relics":["AbbyMod:Salem_Diary","Toxic Egg 2","CeramicFish","reliquary:ThirdArm","Nilry\u0027s Codex","MutagenicStrength"],"acts_visited":["Exordium","TheCity"],"potions_floor_usage":[7,7,16,16],"damage_taken":[{"damage":2,"enemies":"Jaw Worm","floor":1,"turns":6},{"damage":1,"enemies":"Cultist","floor":3,"turns":4},{"damage":0,"enemies":"2 Louse","floor":4,"turns":3},{"damage":0,"enemies":"Large Slime","floor":5,"turns":8},{"damage":7,"enemies":"3 Sentries","floor":7,"turns":6},{"damage":0,"enemies":"2 Fungi Beasts","floor":10,"turns":3},{"damage":7,"enemies":"Exordium Wildlife","floor":11,"turns":4},{"damage":1,"enemies":"3 Louse","floor":12,"turns":5},{"damage":0,"enemies":"Large Slime","floor":14,"turns":3},{"damage":1,"enemies":"Slime Boss","floor":16,"turns":7},{"damage":25,"enemies":"2 Thieves","floor":18,"turns":5},{"damage":39,"enemies":"3 Byrds","floor":20,"turns":8},{"damage":39,"enemies":"Gremlin Leader","floor":24,"turns":2}],"seed_played":"7928981324221197439","potions_obtained":[{"floor":3,"key":"MagicPotion:ReiMu"},{"floor":4,"key":"SteroidPotion"},{"floor":10,"key":"AttackPotion"},{"floor":12,"key":"Energy Potion"}],"is_trial":false,"path_per_floor":["M","?","M","M","M","R","E","R","T","M","M","M","R","M","R","B",null,"M","?","M","?","?","R","E"],"character_chosen":"Ab_Foreigner","items_purchased":[],"campfire_rested":1,"item_purchase_floors":[],"current_hp_per_floor":[52,52,51,51,51,51,44,44,44,44,49,53,53,53,53,58,60,50,34,10,10,10,28,0,0],"gold":424,"neow_bonus":"ONE_RANDOM_RARE_CARD","is_daily":false,"chose_seed":false,"campfire_upgraded":4,"win_rate":0.0,"timestamp":1614046304,"path_taken":["M","?","M","?","M","R","E","R","T","?","M","M","R","M","R","BOSS","M","?","M","?","?","R","E"],"items_purchased_type":[],"build_version":"2020-12-22","purchased_purges":0,"victory":false,"max_hp_per_floor":[60,60,60,60,60,60,60,60,60,60,60,60,60,60,60,60,60,60,60,60,60,60,60,60,60],"card_choices":[{"not_picked":["AbbyMod:Memocide","AbbyMod:CloneArmy","AbbyMod:SavingThrow"],"picked":"SKIP","floor":1},{"not_picked":["AbbyMod:ConsumeFlesh","AbbyMod:SavingThrow"],"picked":"AbbyMod:PowerGamer","floor":3},{"not_picked":["AbbyMod:BlackKey","AbbyMod:ExposedCore"],"picked":"AbbyMod:FamiliarShield","floor":4},{"not_picked":["AbbyMod:InsaneStrike","AbbyMod:SavingThrow"],"picked":"AbbyMod:AceInTheHole","floor":5},{"not_picked":["AbbyMod:EquivalentExchange+1","AbbyMod:Ab_FiveStars"],"picked":"AbbyMod:Kuroboshi+1","floor":7},{"not_picked":["AbbyMod:EyesOfMadness+1","AbbyMod:AceInTheHole"],"picked":"AbbyMod:FlyingMascot","floor":10},{"not_picked":["AbbyMod:Kuroboshi+1","AbbyMod:PrayerOfFaith"],"picked":"AbbyMod:PapaProtection+1","floor":11},{"not_picked":["AbbyMod:Dabigail+1","AbbyMod:EyesOfMadness+1"],"picked":"AbbyMod:PrayerOfFaith","floor":12},{"not_picked":["AbbyMod:TentacleSwarm","AbbyMod:ConsumeFlesh"],"picked":"AbbyMod:OldOneLimb","floor":14},{"not_picked":["AbbyMod:GudaGudaParticle+1","AbbyMod:BadGirl"],"picked":"AbbyMod:VoidWhispers","floor":16},{"not_picked":["AbbyMod:PreciousMemories+1","AbbyMod:Ab_SwirlOfMadness"],"picked":"AbbyMod:Ab_FiveStars","floor":18},{"not_picked":["AbbyMod:Ab_SwirlOfMadness","AbbyMod:ChocoKey"],"picked":"AbbyMod:Ab_DarkestPact","floor":20}],"player_experience":1544430,"relics_obtained":[{"floor":7,"key":"Toxic Egg 2"},{"floor":9,"key":"CeramicFish"},{"floor":19,"key":"Nilry\u0027s Codex"}],"event_choices":[{"cards_removed":["AbbyMod:Ab_Strike"],"damage_healed":0,"gold_gain":0,"player_choice":"Purged","damage_taken":0,"max_hp_gain":0,"max_hp_loss":0,"event_name":"Purifier","floor":2,"gold_loss":0},{"damage_healed":0,"gold_gain":0,"player_choice":"Obtained Book","damage_taken":16,"max_hp_gain":0,"max_hp_loss":0,"event_name":"Cursed Tome","floor":19,"gold_loss":0},{"damage_healed":0,"gold_gain":0,"player_choice":"Inject Mutagens","damage_taken":0,"relics_obtained":["MutagenicStrength"],"max_hp_gain":0,"max_hp_loss":0,"event_name":"Drug Dealer","floor":22,"gold_loss":0}],"is_beta":false,"boss_relics":[{"not_picked":["Pandora\u0027s Box","reliquary:RedPaperclip"],"picked":"reliquary:ThirdArm"}],"items_purged_floors":[],"is_endless":false,"potions_floor_spawned":[3,4,10,12],"killed_by":"Gremlin Leader","ascension_level":10}}