{"host":"2l5k2wp87eek7qja","time":1614087497,"event":{"mods":["BaseMod","Colored Map","Minty Spire (QoL Compilation)","Relic Stats"],"gold_per_floor":[111,126,276,276,2,27,27,53,53,82,1,13,13,30,30,107,107,125,145,145,13,28,56,56,84,84,109,109,125,125,138,138,215,215,225,241,241,254,9,9,39,39,66,95,95,123,141,46,46,46,46,46,46,15,46,46],"floor_reached":57,"language":"ENG","playtime":7100,"items_purged":["Doubt","Shame","Strike_G"],"score":3057,"play_id":"b595cb86-7c03-4bb4-84d9-eca8ea6168df","local_time":"20210223153817","is_ascension_mode":true,"campfire_choices":[{"data":"Accuracy","floor":13,"key":"SMITH"},{"data":"Accuracy","floor":15,"key":"SMITH"},{"floor":24,"key":"REST"},{"data":"Cloak And Dagger","floor":28,"key":"SMITH"},{"floor":32,"key":"RECALL"},{"data":"Wraith Form v2","floor":40,"key":"SMITH"},{"data":"Wraith Form v2","floor":45,"key":"SMITH"},{"data":"Well Laid Plans","floor":49,"key":"SMITH"},{"data":"After Image","floor":53,"key":"SMITH"}],"circlet_count":0,"master_deck":["AscendersBane","Strike_G","Strike_G+1","Strike_G","Strike_G","Defend_G","Defend_G","Defend_G","Defend_G","Defend_G","Survivor","Neutralize+1","Backstab","Blade Dance+1","Accuracy+1","Deflect","Cloak And Dagger+1","Tools of the Trade","Accuracy+1","After Image","Crippling Poison","After Image+1","Deflect+1","Expertise+1","Blade Dance+1","Wraith Form v2+1","Cloak And Dagger+1","Calculated Gamble+1","Prepared+1","Wraith Form v2+1","Trip+1","Finesse+1","Footwork","Dodge and Roll+1","Calculated Gamble+1","Well Laid Plans+1","Burst+1","Malaise+1"],"relics":["Ring of the Snake","NeowsBlessing","Paper Crane","Membership Card","StoneCalendar","Tiny Chest","Whetstone","PreservedInsect","Philosopher\u0027s Stone","Ornamental Fan","Nunchaku","Meat on the Bone","Toxic Egg 2","The Courier","Question Card","Busted Crown","Singing Bowl","DollysMirror","Art of War","InkBottle","Vajra","Bag of Preparation","Bottled Flame","OrangePellets","Eternal Feather"],"acts_visited":["Exordium","TheCity","TheBeyond","TheEnding"],"potions_floor_usage":[10,16,18,19,27,33,56],"damage_taken":[{"damage":0,"enemies":"2 Louse","floor":1,"turns":1},{"damage":0,"enemies":"Jaw Worm","floor":2,"turns":1},{"damage":0,"enemies":"Gremlin Nob","floor":6,"turns":1},{"damage":16,"enemies":"3 Sentries","floor":8,"turns":7},{"damage":0,"enemies":"Gremlin Nob","floor":10,"turns":3},{"damage":0,"enemies":"Cultist","floor":12,"turns":3},{"damage":1,"enemies":"Large Slime","floor":14,"turns":5},{"damage":11,"enemies":"The Guardian","floor":16,"turns":10},{"damage":4,"enemies":"3 Byrds","floor":18,"turns":7},{"damage":7,"enemies":"Shell Parasite","floor":19,"turns":3},{"damage":0,"enemies":"Centurion and Healer","floor":22,"turns":7},{"damage":27,"enemies":"Slavers","floor":23,"turns":4},{"damage":9,"enemies":"Gremlin Leader","floor":25,"turns":7},{"damage":2,"enemies":"Book of Stabbing","floor":27,"turns":5},{"damage":1,"enemies":"Snecko","floor":29,"turns":6},{"damage":0,"enemies":"Shelled Parasite and Fungi","floor":31,"turns":5},{"damage":9,"enemies":"Collector","floor":33,"turns":7},{"damage":0,"enemies":"3 Darklings","floor":35,"turns":7},{"damage":1,"enemies":"3 Shapes","floor":36,"turns":4},{"damage":0,"enemies":"3 Darklings","floor":38,"turns":5},{"damage":0,"enemies":"Giant Head","floor":41,"turns":5},{"damage":13,"enemies":"Reptomancer","floor":44,"turns":5},{"damage":0,"enemies":"Giant Head","floor":46,"turns":6},{"damage":0,"enemies":"4 Shapes","floor":47,"turns":5},{"damage":2,"enemies":"Time Eater","floor":50,"turns":11},{"damage":3,"enemies":"Donu and Deca","floor":51,"turns":9},{"damage":0,"enemies":"Shield and Spear","floor":55,"turns":6},{"damage":17,"enemies":"The Heart","floor":56,"turns":10}],"seed_played":"4421464712932322503","potions_obtained":[{"floor":8,"key":"SteroidPotion"},{"floor":10,"key":"Block Potion"},{"floor":16,"key":"Poison Potion"},{"floor":18,"key":"CultistPotion"},{"floor":19,"key":"LiquidBronze"},{"floor":27,"key":"Strength Potion"},{"floor":33,"key":"EntropicBrew"},{"floor":47,"key":"LiquidMemories"}],"is_trial":false,"path_per_floor":["M","M","?","?","$","E","?","E","T","E","$","M","R","M","R","B",null,"M","M","?","$","M","E","R","E","T","E","R","M","?","M","R","B",null,"M","M","T","M","$","R","E","?","T","E","R","E","M","$","R","B","B",null,"R","$","E","B",null],"character_chosen":"THE_SILENT","items_purchased":["Membership Card","Accuracy","Strength Potion","PreservedInsect","Nunchaku","DollysMirror","Trip+1","Finesse+1","Footwork","Dodge and Roll+1","OrangePellets","Well Laid Plans","Burst+1"],"campfire_rested":1,"item_purchase_floors":[5,5,5,11,21,39,39,39,39,39,48,48,54],"current_hp_per_floor":[59,59,59,54,54,54,54,38,38,38,38,38,38,37,37,26,56,52,45,45,45,45,18,37,40,40,38,38,37,37,37,37,40,60,60,59,59,59,59,59,61,61,61,50,50,50,52,52,52,50,47,66,66,66,66,49],"gold":46,"neow_bonus":"THREE_ENEMY_KILL","is_daily":false,"chose_seed":false,"campfire_upgraded":7,"win_rate":0.0,"timestamp":1614087497,"path_taken":["M","M","?","?","$","E","?","E","T","E","$","M","R","M","R","BOSS","M","?","?","$","M","E","R","E","T","E","R","M","?","M","R","BOSS","M","M","?","?","$","R","E","?","T","E","R","E","M","$","R","BOSS","BOSS","R","$","E","BOSS"],"items_purchased_type":["Relic","Card","Potion","Relic","Relic","Relic","Card","Card","Card","Card","Relic","Card","Card"],"build_version":"2020-12-22","purchased_purges":3,"victory":true,"max_hp_per_floor":[66,66,66,66,66,66,66,66,66,66,66,66,66,66,66,66,66,66,66,66,66,66,66,66,66,66,66,66,66,66,66,66,66,66,66,66,66,66,66,66,68,68,68,70,70,70,72,72,72,72,72,72,72,72,72,72],"relic_stats":{"Singing Bowl":6,"counters":[28,155],"StoneCalendar":[417],"Eternal Feather":0,"PreservedInsect":532,"Bag of Preparation":[12],"Whetstone":["Neutralize","Strike_G"],"Question Card":11,"OrangePellets":[18],"Nunchaku":[39],"Busted Crown":16,"Ornamental Fan":[384],"Tiny Chest":1,"Art of War":[8],"obtain_stats":[{"Singing Bowl":37,"Vajra":43,"StoneCalendar":6,"Bag of Preparation":44,"Whetstone":10,"Nunchaku":21,"DollysMirror":39,"Tiny Chest":8,"Philosopher\u0027s Stone":17,"Toxic Egg 2":25,"InkBottle":42,"Ring of the Snake":0,"NeowsBlessing":0,"Eternal Feather":55,"PreservedInsect":11,"The Courier":26,"Paper Crane":4,"Question Card":27,"OrangePellets":48,"Bottled Flame":46,"Busted Crown":34,"Ornamental Fan":20,"Art of War":41,"Membership Card":5,"Meat on the Bone":23},{"Singing Bowl":19,"Vajra":21,"StoneCalendar":3,"Bag of Preparation":22,"Whetstone":5,"Nunchaku":10,"DollysMirror":20,"Tiny Chest":4,"Philosopher\u0027s Stone":8,"Toxic Egg 2":13,"InkBottle":21,"Ring of the Snake":0,"NeowsBlessing":0,"Eternal Feather":27,"PreservedInsect":5,"The Courier":13,"Paper Crane":2,"Question Card":14,"OrangePellets":24,"Bottled Flame":23,"Busted Crown":17,"Ornamental Fan":10,"Art of War":21,"Membership Card":2,"Meat on the Bone":12},{"Singing Bowl":93,"Vajra":103,"StoneCalendar":3,"Bag of Preparation":108,"Whetstone":13,"Nunchaku":41,"DollysMirror":98,"Tiny Chest":10,"Philosopher\u0027s Stone":31,"Toxic Egg 2":59,"InkBottle":103,"Ring of the Snake":0,"NeowsBlessing":0,"Eternal Feather":145,"PreservedInsect":13,"The Courier":59,"Paper Crane":2,"Question Card":64,"OrangePellets":119,"Bottled Flame":114,"Busted Crown":82,"Ornamental Fan":41,"Art of War":103,"Membership Card":2,"Meat on the Bone":52}],"InkBottle":[40],"Ring of the Snake":[56],"Meat on the Bone":24},"card_choices":[{"not_picked":["Dodge and Roll","Prepared"],"picked":"Backstab","floor":1},{"not_picked":["Slice","Setup"],"picked":"Blade Dance","floor":2},{"not_picked":["Sucker Punch","Underhanded Strike"],"picked":"Deflect","floor":6},{"not_picked":["Expertise","Flechettes"],"picked":"Cloak And Dagger","floor":8},{"not_picked":["Flechettes","Outmaneuver"],"picked":"Tools of the Trade","floor":10},{"not_picked":["Sucker Punch","Endless Agony"],"picked":"Accuracy","floor":12},{"not_picked":["Deadly Poison","Infinite Blades","Quick Slash"],"picked":"SKIP","floor":14},{"not_picked":["Storm of Steel","Night Terror"],"picked":"After Image","floor":16},{"not_picked":["Flying Knee+1","Bouncing Flask","Dodge and Roll"],"picked":"SKIP","floor":18},{"not_picked":["Slice","Dodge and Roll"],"picked":"PiercingWail","floor":19},{"not_picked":["Deadly Poison","Poisoned Stab"],"picked":"Crippling Poison","floor":22},{"not_picked":["Riddle With Holes","Tactician+1","Poisoned Stab"],"picked":"SKIP","floor":23},{"not_picked":["Deadly Poison+1","Deflect+1"],"picked":"After Image","floor":25},{"not_picked":["A Thousand Cuts","Choke+1"],"picked":"Deflect+1","floor":27},{"not_picked":["Deadly Poison+1","Quick Slash","PiercingWail+1"],"picked":"Expertise+1","floor":29},{"not_picked":["Predator+1","Dash+1","Expertise+1"],"picked":"Blade Dance+1","floor":31},{"not_picked":["Grand Finale","Adrenaline+1","Corpse Explosion+1"],"picked":"Wraith Form v2","floor":33},{"not_picked":["Escape Plan+1"],"picked":"Cloak And Dagger+1","floor":35},{"not_picked":["Catalyst+1"],"picked":"Calculated Gamble+1","floor":36},{"not_picked":["Sucker Punch"],"picked":"Prepared+1","floor":38},{"not_picked":["Poisoned Stab","Quick Slash"],"picked":"Singing Bowl","floor":41},{"not_picked":["Skewer+1","PiercingWail+1"],"picked":"Singing Bowl","floor":44},{"not_picked":["Outmaneuver+1"],"picked":"Calculated Gamble+1","floor":46},{"not_picked":["Deadly Poison+1","Crippling Poison+1"],"picked":"Singing Bowl","floor":47},{"not_picked":["Poisoned Stab"],"picked":"Malaise+1","floor":55}],"player_experience":848497,"relics_obtained":[{"floor":6,"key":"StoneCalendar"},{"floor":8,"key":"Tiny Chest"},{"floor":10,"key":"Whetstone"},{"floor":23,"key":"Meat on the Bone"},{"floor":25,"key":"Toxic Egg 2"},{"floor":26,"key":"The Courier"},{"floor":27,"key":"Question Card"},{"floor":37,"key":"Singing Bowl"},{"floor":41,"key":"Art of War"},{"floor":43,"key":"Vajra"},{"floor":44,"key":"Bag of Preparation"},{"floor":46,"key":"Bottled Flame"},{"floor":55,"key":"Eternal Feather"}],"event_choices":[{"damage_healed":0,"gold_gain":150,"player_choice":"AGREE","damage_taken":0,"max_hp_gain":0,"max_hp_loss":0,"event_name":"Liars Game","floor":3,"gold_loss":0,"cards_obtained":["Doubt"]},{"damage_healed":0,"gold_gain":0,"player_choice":"Success","damage_taken":5,"relics_obtained":["Paper Crane"],"max_hp_gain":0,"max_hp_loss":0,"event_name":"Scrap Ooze","floor":4,"gold_loss":0},{"damage_healed":0,"gold_gain":0,"player_choice":"Upgraded","damage_taken":0,"max_hp_gain":0,"max_hp_loss":0,"event_name":"Upgrade Shrine","floor":7,"gold_loss":0,"cards_upgraded":["Blade Dance"]},{"damage_healed":0,"gold_gain":0,"player_choice":"Stole Relic","damage_taken":0,"relics_obtained":["Ornamental Fan"],"max_hp_gain":0,"max_hp_loss":0,"event_name":"Addict","floor":20,"gold_loss":0,"cards_obtained":["Shame"]},{"damage_healed":0,"gold_gain":0,"player_choice":"Got Potions","damage_taken":0,"max_hp_gain":0,"max_hp_loss":0,"event_name":"Lab","floor":30,"gold_loss":0},{"cards_removed":["PiercingWail"],"damage_healed":0,"gold_gain":0,"player_choice":"Gave Card","damage_taken":0,"relics_obtained":["InkBottle"],"max_hp_gain":0,"max_hp_loss":0,"event_name":"WeMeetAgain","floor":42,"gold_loss":0}],"is_beta":false,"boss_relics":[{"not_picked":["Runic Pyramid","SacredBark"],"picked":"Philosopher\u0027s Stone"},{"not_picked":["Ring of the Serpent","Runic Dome"],"picked":"Busted Crown"}],"items_purged_floors":[5,21,39],"is_endless":false,"potions_floor_spawned":[8,10,14,16,18,19,27,33,35,41,46,47],"ascension_level":20}}