{"host":"q57ekfojy3i00x9o","time":1614067063,"event":{"mods":["Act Like it!","Arknights","Aspiration","BaseMod","Colored Map","Energized Spire","Hermit","Minty Spire (QoL Compilation)","Quick Restart","Ruina","Spicy Shops","Spikes Relics","StSLib","slay the spire mod where everything is the same but ironclad has a cowboy hat"],"gold_per_floor":[114,186,20,20,34,72,93,93,93,114,114,137,137,170,170,266,266,280,280,280,280,225,265,265,308,361,361,429,344,369,389,389,480,480,501,501,451,784,784,784,794,794,818,818,818],"floor_reached":44,"language":"RUS","playtime":962,"items_purged":[],"score":1000,"play_id":"095d1ec7-623c-4ba0-a017-8dff059ed382","local_time":"20210223125743","is_ascension_mode":true,"campfire_choices":[{"data":"Feed","floor":8,"key":"SMITH"},{"data":"Flex","floor":13,"key":"SMITH"},{"data":"Bash","floor":15,"key":"SMITH"},{"floor":24,"key":"REST"},{"data":"Limit Break","floor":27,"key":"SMITH"},{"data":"Pummel","floor":32,"key":"SMITH"},{"data":"Feint","floor":40,"key":"SMITH"},{"data":"Immolate","floor":42,"key":"SMITH"}],"circlet_count":0,"master_deck":["AscendersBane","Strike_R+1","Strike_R+1","Strike_R+1","Strike_R+1","Strike_R+1","Defend_R+1","Defend_R+1","Defend_R+1","Defend_R+1","Bash+1","Clothesline","Feed+1","Wild Strike","Wild Strike","Flex+1","Impervious+1","Shrug It Off","Limit Break+1","CurseOfTheBell","Iron Wave+1","Anger","Heavy Blade","Twin Strike","Pummel+1","Cleave+1","Immolate+1","Sword Boomerang","Feint+1","Limit Break+1","Headbutt+1"],"relics":["Burning Blood","NeowsBlessing","aspiration:ChemicalBlood","GiantMaggot","Toy Ornithopter","Oddly Smooth Stone","Calling Bell","Juzu Bracelet","Gremlin Horn","Gambling Chip","Nilry\u0027s Codex","aspiration:HummingbirdHeart","Regal Pillow","Red Skull","Bottled Lightning","Du-Vu Doll","Black Star","RollingBoulder"],"acts_visited":["Exordium","TheCity","TheBeyond"],"potions_floor_usage":[7,12,16,16,16,18,23,23,23,25,25,33,35,35,41,44,44],"damage_taken":[{"damage":0,"enemies":"Small Slimes","floor":1,"turns":1},{"damage":6,"enemies":"ats:Genji","floor":5,"turns":3},{"damage":0,"enemies":"Gremlin Nob","floor":6,"turns":1},{"damage":6,"enemies":"Cultist","floor":7,"turns":3},{"damage":4,"enemies":"Large Slime","floor":10,"turns":5},{"damage":16,"enemies":"Exordium Wildlife","floor":12,"turns":4},{"damage":15,"enemies":"Lagavulin","floor":14,"turns":7},{"damage":64,"enemies":"The Guardian","floor":16,"turns":10},{"damage":13,"enemies":"Spheric Guardian","floor":18,"turns":5},{"damage":75,"enemies":"Slavers","floor":23,"turns":7},{"damage":17,"enemies":"Book of Stabbing","floor":25,"turns":5},{"damage":0,"enemies":"Chosen","floor":30,"turns":2},{"damage":11,"enemies":"3 Cultists","floor":31,"turns":4},{"damage":76,"enemies":"Automaton","floor":33,"turns":7},{"damage":9,"enemies":"Orb Walker","floor":35,"turns":4},{"damage":41,"enemies":"3 Shapes","floor":41,"turns":2},{"damage":82,"enemies":"Giant Head","floor":44,"turns":6}],"seed_played":"2950084706104815442","potions_obtained":[{"floor":5,"key":"EssenceOfSteel"},{"floor":6,"key":"Block Potion"},{"floor":7,"key":"Fruit Juice"},{"floor":23,"key":"BloodPotion"},{"floor":23,"key":"FairyPotion"}],"is_trial":false,"path_per_floor":["M","?","$","?","M","E","M","R","T","M","?","M","R","E","R","B",null,"M","?","?","?","$","E","R","E","T","R","T","?","M","M","R","B",null,"M","?","?","?","?","R","M","R","T","E"],"character_chosen":"IRONCLAD","items_purchased":["Feed","Anger"],"campfire_rested":1,"item_purchase_floors":[3,22],"current_hp_per_floor":[74,74,74,68,71,74,79,79,79,83,83,73,73,64,64,37,72,70,49,49,49,49,15,41,44,44,44,44,44,50,45,45,33,77,84,84,84,84,84,84,58,58,58,0,0],"gold":818,"neow_bonus":"THREE_ENEMY_KILL","is_daily":false,"chose_seed":false,"campfire_upgraded":7,"win_rate":0.0,"timestamp":1614067063,"path_taken":["M","?","$","?","M","E","M","R","T","M","?","?","R","E","R","BOSS","M","?","?","?","$","E","R","E","T","R","?","?","M","M","R","BOSS","M","?","?","?","?","R","M","R","T","E"],"items_purchased_type":["Card","Card"],"build_version":"2020-12-22","purchased_purges":0,"victory":false,"max_hp_per_floor":[75,75,75,68,71,74,79,79,79,83,83,83,83,83,83,83,83,83,83,83,83,83,87,87,91,91,91,91,91,91,91,91,91,91,91,91,91,91,91,91,95,95,95,95,95],"card_choices":[{"not_picked":["Seeing Red","Rage"],"picked":"Clothesline","floor":1},{"not_picked":["Hemokinesis","True Grit"],"picked":"Wild Strike","floor":5},{"not_picked":["Entrench","Warcry"],"picked":"Wild Strike","floor":6},{"not_picked":["Clothesline","Anger"],"picked":"Flex","floor":7},{"not_picked":["Blood for Blood","Heavy Blade"],"picked":"Clash","floor":10},{"not_picked":["Flame Barrier","Searing Blow"],"picked":"Impervious","floor":12},{"not_picked":["True Grit","Clash"],"picked":"Shrug It Off","floor":14},{"not_picked":["Exhume","Feed"],"picked":"Limit Break","floor":16},{"not_picked":["Body Slam","Clash"],"picked":"Iron Wave+1","floor":18},{"not_picked":["True Grit","Clothesline"],"picked":"Heavy Blade","floor":23},{"not_picked":["Shrug It Off","Body Slam"],"picked":"Twin Strike","floor":25},{"not_picked":["True Grit+1","Warcry"],"picked":"Pummel","floor":30},{"not_picked":["Perfected Strike","Hemokinesis"],"picked":"Cleave","floor":31},{"not_picked":["Barricade","Limit Break"],"picked":"Immolate","floor":33},{"not_picked":["Warcry","Thunderclap"],"picked":"Sword Boomerang","floor":35},{"not_picked":["Finesse","PlatinumSkin"],"picked":"Feint","floor":36},{"not_picked":["Body Slam","Clash"],"picked":"Headbutt+1","floor":41}],"player_experience":789699,"relics_obtained":[{"floor":6,"key":"aspiration:ChemicalBlood"},{"floor":9,"key":"GiantMaggot"},{"floor":14,"key":"Oddly Smooth Stone"},{"floor":17,"key":"Juzu Bracelet"},{"floor":17,"key":"Gremlin Horn"},{"floor":17,"key":"Gambling Chip"},{"floor":19,"key":"Nilry\u0027s Codex"},{"floor":23,"key":"aspiration:HummingbirdHeart"},{"floor":25,"key":"Regal Pillow"},{"floor":26,"key":"Red Skull"},{"floor":28,"key":"Bottled Lightning"},{"floor":43,"key":"RollingBoulder"}],"event_choices":[{"damage_healed":0,"gold_gain":72,"player_choice":"Gained Gold","damage_taken":0,"max_hp_gain":0,"max_hp_loss":0,"event_name":"Golden Wing","floor":2,"gold_loss":0},{"damage_healed":0,"gold_gain":0,"player_choice":"Lose Max HP","damage_taken":0,"relics_obtained":["Golden Idol"],"max_hp_gain":0,"max_hp_loss":7,"event_name":"Golden Idol","floor":4,"gold_loss":0},{"cards_removed":["Clash"],"damage_healed":0,"gold_gain":0,"player_choice":"Gave Card","damage_taken":0,"relics_obtained":["Toy Ornithopter"],"max_hp_gain":0,"max_hp_loss":0,"event_name":"WeMeetAgain","floor":11,"gold_loss":0},{"damage_healed":0,"gold_gain":0,"player_choice":"Obtained Book","damage_taken":21,"max_hp_gain":0,"max_hp_loss":0,"event_name":"Cursed Tome","floor":19,"gold_loss":0},{"damage_healed":0,"gold_gain":0,"player_choice":"Ignored","damage_taken":0,"max_hp_gain":0,"max_hp_loss":0,"event_name":"Ghosts","floor":20,"gold_loss":0},{"damage_healed":0,"gold_gain":0,"player_choice":"Simplicity","damage_taken":0,"max_hp_gain":0,"max_hp_loss":0,"event_name":"Back to Basics","floor":21,"gold_loss":0,"cards_upgraded":["Strike_R","Strike_R","Strike_R","Strike_R","Strike_R","Defend_R","Defend_R","Defend_R","Defend_R"]},{"damage_healed":0,"gold_gain":0,"player_choice":"Obtained Relic","damage_taken":0,"relics_obtained":["Du-Vu Doll"],"max_hp_gain":0,"max_hp_loss":0,"event_name":"Addict","floor":29,"gold_loss":85},{"damage_healed":0,"gold_gain":0,"player_choice":"Memory 1","damage_taken":0,"max_hp_gain":0,"max_hp_loss":0,"event_name":"SensoryStone","floor":36,"gold_loss":0},{"damage_healed":0,"gold_gain":0,"player_choice":"Upgraded Two","damage_taken":0,"max_hp_gain":0,"max_hp_loss":0,"event_name":"Designer","floor":37,"gold_loss":50,"cards_upgraded":["Impervious","Cleave"]},{"damage_healed":0,"gold_gain":333,"player_choice":"Gave Idol","damage_taken":0,"max_hp_gain":0,"max_hp_loss":0,"event_name":"The Moai Head","floor":38,"relics_lost":["Golden Idol"],"gold_loss":0},{"damage_healed":0,"gold_gain":0,"player_choice":"Copied","damage_taken":0,"max_hp_gain":0,"max_hp_loss":0,"event_name":"Duplicator","floor":39,"gold_loss":0,"cards_obtained":["Limit Break"]}],"is_beta":false,"boss_relics":[{"not_picked":["aspiration:DefectSkillbook","Black Blood"],"picked":"Calling Bell"},{"not_picked":["energizedSpire:OgreHead","CosmicIsotope"],"picked":"Black Star"}],"items_purged_floors":[],"is_endless":false,"potions_floor_spawned":[5,6,7,23,33],"killed_by":"Giant Head","ascension_level":18}}