{"host":"lexjlbpq6ib1pogf","time":1614068764,"event":{"mods":["BaseMod","BetterRewards","Minty Spire (QoL Compilation)"],"gold_per_floor":[113,113,113,134,134,178,178,253,253,253,253],"floor_reached":10,"language":"ENG","playtime":452,"items_purged":[],"score":64,"play_id":"66496802-67c2-4d1e-acd2-167facdb5df5","local_time":"20210223192604","is_ascension_mode":false,"campfire_choices":[{"data":"Barricade","floor":7,"key":"SMITH"}],"circlet_count":0,"master_deck":["Strike_R","Strike_R","Strike_R","Strike_R","Strike_R","Defend_R","Defend_R","Defend_R+1","Defend_R+1","Bash","Iron Wave","Injury","Thunderclap+1","Barricade+1"],"relics":["Burning Blood","Letter Opener","Golden Idol","War Paint","Mummified Hand"],"acts_visited":["Exordium"],"potions_floor_usage":[10],"damage_taken":[{"damage":1,"enemies":"2 Louse","floor":1,"turns":3},{"damage":2,"enemies":"Small Slimes","floor":4,"turns":5},{"damage":35,"enemies":"3 Sentries","floor":6,"turns":9},{"damage":32,"enemies":"Gremlin Nob","floor":10,"turns":4}],"seed_played":"6035613870214549257","potions_obtained":[{"floor":1,"key":"SteroidPotion"}],"is_trial":false,"path_per_floor":["M","?","?","M","?","E","R","?","T","E"],"character_chosen":"IRONCLAD","items_purchased":[],"campfire_rested":0,"item_purchase_floors":[],"current_hp_per_floor":[80,55,55,59,59,30,30,19,19,0,0],"gold":253,"neow_bonus":"","is_daily":false,"chose_seed":false,"campfire_upgraded":1,"win_rate":0.0,"timestamp":1614068764,"path_taken":["M","?","?","M","?","E","R","?","T","E"],"items_purchased_type":[],"build_version":"2020-12-22","purchased_purges":0,"victory":false,"max_hp_per_floor":[80,80,80,80,80,80,80,80,80,80,80],"card_choices":[{"not_picked":["Clash","Rupture"],"picked":"Iron Wave","floor":1},{"not_picked":["Anger","Twin Strike"],"picked":"Thunderclap","floor":4},{"not_picked":["True Grit","Wild Strike"],"picked":"Barricade","floor":6}],"player_experience":86184,"relics_obtained":[{"floor":6,"key":"War Paint"},{"floor":9,"key":"Mummified Hand"}],"event_choices":[{"damage_healed":0,"gold_gain":0,"player_choice":"Success","damage_taken":25,"relics_obtained":["Letter Opener"],"max_hp_gain":0,"max_hp_loss":0,"event_name":"Scrap Ooze","floor":2,"gold_loss":0},{"damage_healed":0,"gold_gain":0,"player_choice":"Take Wound","damage_taken":0,"relics_obtained":["Golden Idol"],"max_hp_gain":0,"max_hp_loss":0,"event_name":"Golden Idol","floor":3,"gold_loss":0,"cards_obtained":["Injury"]},{"damage_healed":0,"gold_gain":0,"player_choice":"Grow","damage_taken":0,"max_hp_gain":0,"max_hp_loss":0,"event_name":"Living Wall","floor":5,"gold_loss":0,"cards_upgraded":["Thunderclap"]},{"damage_healed":0,"gold_gain":75,"player_choice":"Gather Gold","damage_taken":11,"max_hp_gain":0,"max_hp_loss":0,"event_name":"World of Goop","floor":8,"gold_loss":0}],"is_beta":false,"boss_relics":[],"items_purged_floors":[],"is_endless":false,"potions_floor_spawned":[1],"killed_by":"Gremlin Nob","ascension_level":0}}