{"host":"my4gslufyvqsq7r2","time":1614052332,"event":{"mods":["BaseMod","Colored Powertips","Hermit","Hubris","Infinite Spire","Minty Spire (QoL Compilation)","Rare Cards Sparkle","Relic Stats","Reliquary","Replay The Spire","Robot Space Explorer","StSLib"],"gold_per_floor":[116,66,4,15,27,27,27,27,27,38,38,38],"floor_reached":11,"language":"ENG","playtime":444,"items_purged":[],"score":66,"play_id":"dbd2be14-15a3-4d69-acc6-9f1dd699c21f","local_time":"20210222225212","is_ascension_mode":true,"campfire_choices":[{"data":"Entrench","floor":6,"key":"SMITH"},{"data":"ReplayTheSpireMod:Corrosion Curse","floor":8,"key":"SMITH"}],"circlet_count":0,"master_deck":["Strike_R","Strike_R","Strike_R","Defend_R+1","Defend_R","Defend_R","Defend_R","Bash","ReplayTheSpireMod:Corrosion Curse+1","Entrench+1","Sentinel","Hemokinesis"],"relics":["Burning Blood","Lantern","infinitespire:Lychee Nut"],"acts_visited":["Exordium"],"potions_floor_usage":[],"damage_taken":[{"damage":1,"enemies":"Jaw Worm","floor":1,"turns":5},{"damage":9,"enemies":"Cultist","floor":4,"turns":5},{"damage":1,"enemies":"Small Slimes","floor":5,"turns":4},{"damage":1,"enemies":"Red Slaver","floor":10,"turns":5},{"damage":63,"enemies":"Gremlin Nob","floor":11,"turns":5}],"seed_played":"-2627815573392956807","potions_obtained":[{"floor":4,"key":"AttackPotion"},{"floor":10,"key":"SkillPotion"}],"is_trial":false,"path_per_floor":["M","?","?","M","M","R","?","R","T","M","E"],"character_chosen":"IRONCLAD","items_purchased":[],"campfire_rested":0,"item_purchase_floors":[],"current_hp_per_floor":[80,80,80,77,80,80,80,80,60,60,0,0],"gold":38,"neow_bonus":"RANDOM_EVENT","is_daily":false,"chose_seed":false,"campfire_upgraded":2,"win_rate":0.0,"timestamp":1614052332,"path_taken":["M","?","?","?","M","R","?","R","T","M","E"],"items_purchased_type":[],"build_version":"2020-12-22","purchased_purges":0,"victory":false,"max_hp_per_floor":[80,80,80,80,80,80,80,80,60,60,60,60],"relic_stats":{"counters":[5,24],"obtain_stats":[{"Lantern":3,"infinitespire:Lychee Nut":9,"Burning Blood":0},{"Lantern":1,"infinitespire:Lychee Nut":3,"Burning Blood":0},{"Lantern":5,"infinitespire:Lychee Nut":14,"Burning Blood":0}],"Burning Blood":12},"card_choices":[{"not_picked":["Disarm","Perfected Strike"],"picked":"ReplayTheSpireMod:Corrosion Curse","floor":1},{"not_picked":["Sword Boomerang","infinitespire:OneForAll"],"picked":"Entrench","floor":4},{"not_picked":["hubris:ReadiedAction","Clash","Headbutt"],"picked":"SKIP","floor":5},{"not_picked":["Power Through","Clash"],"picked":"Hemokinesis","floor":10}],"player_experience":574732,"relics_obtained":[{"floor":9,"key":"infinitespire:Lychee Nut"}],"event_choices":[{"cards_removed":["Strike_R"],"damage_healed":0,"gold_gain":0,"player_choice":"Card Removal","damage_taken":0,"max_hp_gain":0,"max_hp_loss":0,"event_name":"The Cleric","floor":2,"gold_loss":50},{"damage_healed":0,"gold_gain":0,"player_choice":"Paid Gold","damage_taken":0,"relics_obtained":["Lantern"],"max_hp_gain":0,"max_hp_loss":0,"event_name":"WeMeetAgain","floor":3,"gold_loss":62},{"damage_healed":0,"gold_gain":0,"cards_transformed":["Strike_R"],"player_choice":"Transformed","damage_taken":0,"max_hp_gain":0,"max_hp_loss":0,"event_name":"Transmorgrifier","floor":7,"gold_loss":0,"cards_obtained":["Sentinel"]}],"is_beta":false,"boss_relics":[],"items_purged_floors":[],"is_endless":false,"potions_floor_spawned":[4,10],"killed_by":"Gremlin Nob","ascension_level":1}}