{"host":"qrfkyfrpo74atslb","time":1614070903,"event":{"mods":["Bartender","BaseMod","Beaked The Cultist","CapriCore","Colored Map","Colored Powertips","Conspire","DeckTracker","Downfall","Hermit","Hubris","Koishi","LagranYue(???·?)","Marisa????????","Minty Spire (QoL Compilation)","Prisma Mod","Remilia??????","StSLib","The Alterego","The Cursed","The Immortal","The Mystic","The Necromancer","The Servant 0.9.4","The Wild Card","Yakumo Yukari mod","Yuyuko"],"gold_per_floor":[99,99,117,117,129,129,129,158,158,67,92,542,542,558,578,681,681,681,697,697,714,745,745,771,787,807,827,827,827,827],"floor_reached":28,"language":"ENG","playtime":1332,"items_purged":[],"score":303,"play_id":"e260bbba-7755-4510-8c9f-6c5e15861677","local_time":"20210223220143","is_ascension_mode":false,"campfire_choices":[{"floor":1,"key":"RECALL"},{"data":"hexamod:GhostflameBarrier","floor":9,"key":"SMITH"},{"data":"hexamod:VolcanoVisage","floor":13,"key":"SMITH"},{"data":"theWildCard:Michael","floor":18,"key":"SMITH"}],"circlet_count":0,"master_deck":["conspire:GhostlyDefend","conspire:GhostlyDefend","conspire:GhostlyDefend","conspire:GhostlyDefend+1","hexamod:Sear","hexamod:Float","hexamod:SwordOfDarkness","theWildCard:Michael+1","hexamod:SwordOfDarkness","hexamod:NightmareStrike","hexamod:BurningTouch","hexamod:GhostflameBarrier+1","hexamod:SkipABeat+1","hexamod:FastForward","hexamod:BacktrackSmack","hexamod:VolcanoVisage+1","hexamod:EmpoweredFlame","hexamod:Incineration+1","downfall:Icky","downfall:Icky","downfall:Icky","hexamod:Firestarter","hexamod:ThirdSeal","hexamod:SixthSeal","hexamod:VolcanoVisage+1","hexamod:InspiringFlames+1","hexamod:ShieldOfDarkness+1","hexamod:Firestarter","hexamod:TimeOfNeed+1","hexamod:Hexaguard","Bite","Bite","Bite","Bite","Bite","hexamod:GhostflameInferno+1","hexamod:HauntingEcho","hexamod:FastForward","hexamod:Incineration","hexamod:SecondSeal"],"relics":["hexamod:SpiritBrand","LagranYue:RandomDrawCardRelic","White_Cape","Bronze Scales","Frozen Egg 2","Velvet Choker","hubris:Towel","Toy Ornithopter","hexamod:MatchstickCase"],"acts_visited":["Exordium","TheCity"],"potions_floor_usage":[16,16,22,22,22,25,28,28],"damage_taken":[{"damage":1,"enemies":"2 Louse","floor":3,"turns":3},{"damage":0,"enemies":"Small Slimes","floor":5,"turns":3},{"damage":11,"enemies":"3 Sentries","floor":8,"turns":7},{"damage":0,"enemies":"downfall:FleeingMerchant","floor":10,"turns":4},{"damage":31,"enemies":"Lagavulin","floor":11,"turns":5},{"damage":0,"enemies":"Jaw Worm","floor":14,"turns":3},{"damage":4,"enemies":"2 Fungi Beasts","floor":15,"turns":3},{"damage":16,"enemies":"SI_SHIV_ARCHETYPE","floor":16,"turns":6},{"damage":10,"enemies":"Chosen","floor":19,"turns":4},{"damage":16,"enemies":"Shell Parasite","floor":21,"turns":5},{"damage":21,"enemies":"conspire:MimicChest","floor":22,"turns":6},{"damage":0,"enemies":"Centurion and Healer","floor":25,"turns":5},{"damage":11,"enemies":"Shelled Parasite and Fungi","floor":26,"turns":6},{"damage":0,"enemies":"Snake Plant","floor":27,"turns":3},{"damage":57,"enemies":"Slavers","floor":28,"turns":4}],"seed_played":"-680978291807275434","potions_obtained":[{"floor":5,"key":"Dexterity Potion"},{"floor":8,"key":"GamblersBrew"},{"floor":14,"key":"LiquidMemories"},{"floor":15,"key":"hexamod:EctoCoolerPotion"},{"floor":16,"key":"hexamod:DoubleChargePotion"},{"floor":21,"key":"EntropicBrew"}],"is_trial":false,"path_per_floor":["R","?","M","?","M","?","T","E","R","$","E","?","R","M","M","B",null,"R","M","?","M","?","?","T","M","M","M","E"],"character_chosen":"THE_SPIRIT","items_purchased":["hexamod:EmpoweredFlame"],"campfire_rested":0,"item_purchase_floors":[10],"current_hp_per_floor":[77,77,76,76,76,76,76,65,65,65,34,34,34,34,30,14,77,77,67,67,51,30,30,30,41,36,42,0,0,0],"gold":827,"neow_bonus":"TEN_PERCENT_HP_BONUS","is_daily":false,"chose_seed":false,"campfire_upgraded":3,"win_rate":0.0,"timestamp":1614070903,"path_taken":["R","?","M","?","M","?","T","E","R","?","E","?","R","M","M","BOSS","R","M","?","M","?","?","T","M","M","M","E"],"items_purchased_type":["Card"],"build_version":"2020-12-22","purchased_purges":0,"victory":false,"max_hp_per_floor":[77,77,77,77,77,77,77,77,77,77,77,77,77,77,77,77,77,77,77,77,77,77,53,53,53,53,53,53,53,53],"card_choices":[{"not_picked":["hexamod:NightmareStrike","hexamod:HeatCrush"],"picked":"hexamod:SwordOfDarkness","floor":3},{"not_picked":["hexamod:Rewind","hexamod:Haunt"],"picked":"hexamod:SwordOfDarkness","floor":5},{"not_picked":["hexamod:HauntingEcho","hexamod:PhantomFireball"],"picked":"hexamod:BacktrackSmack","floor":8},{"not_picked":["hexamod:InspiringFlames","hexamod:BacktrackSmack"],"picked":"hexamod:VolcanoVisage","floor":10},{"not_picked":["hexamod:InspiringFlames","hexamod:SkipABeat"],"picked":"hexamod:Incineration","floor":11},{"not_picked":["hexamod:NecessarySacrifice","hexamod:HeatMetal"],"picked":"hexamod:Firestarter","floor":14},{"not_picked":["hexamod:DynamicBlow","hexamod:RadiantFlame+1"],"picked":"hexamod:ThirdSeal","floor":15},{"not_picked":["hexamod:WildfireWeapon+1","hexamod:TimeWarp"],"picked":"hexamod:SixthSeal","floor":16},{"not_picked":["hexamod:TimeOfNeed","hexamod:GhostOfSpirePresent+1"],"picked":"hexamod:VolcanoVisage+1","floor":16},{"not_picked":["hexamod:SpectralAdrenaline","hexamod:Firestarter+1"],"picked":"hexamod:InspiringFlames+1","floor":19},{"not_picked":["hexamod:BurningTouch","hexamod:GhostLash"],"picked":"hexamod:ShieldOfDarkness","floor":21},{"not_picked":["hexamod:Haunt","hexamod:NightmareStrike"],"picked":"hexamod:Firestarter","floor":21},{"not_picked":["hexamod:Hexaguard","hexamod:GhostShield"],"picked":"hexamod:TimeOfNeed","floor":22},{"not_picked":["hexamod:GhostLash+1","hexamod:SpectersWail"],"picked":"hexamod:Hexaguard","floor":22},{"not_picked":["hexamod:AdvancingGuard","hexamod:SpectersWail"],"picked":"hexamod:GhostflameInferno","floor":25},{"not_picked":["hexamod:Hexaguard","hexamod:InspiringFlames"],"picked":"hexamod:HauntingEcho","floor":25},{"not_picked":["hexamod:HeatMetal","hexamod:NightmareGuise"],"picked":"hexamod:FastForward","floor":26},{"not_picked":["hexamod:PhantomFireball","hexamod:SpectersWail"],"picked":"hexamod:Incineration","floor":26},{"not_picked":["hexamod:Hexaguard+1","hexamod:SwordOfDarkness"],"picked":"hexamod:SecondSeal","floor":27}],"player_experience":124750,"relics_obtained":[{"floor":7,"key":"White_Cape"},{"floor":8,"key":"Bronze Scales"},{"floor":11,"key":"Frozen Egg 2"},{"floor":22,"key":"Toy Ornithopter"},{"floor":24,"key":"hexamod:MatchstickCase"}],"event_choices":[{"damage_healed":0,"gold_gain":0,"player_choice":"Agree","damage_taken":0,"max_hp_gain":0,"max_hp_loss":0,"event_name":"conspire:LoneGhost","floor":2,"gold_loss":0},{"damage_healed":0,"gold_gain":0,"player_choice":"Became a vampire","damage_taken":0,"max_hp_gain":0,"max_hp_loss":24,"event_name":"Vampires","floor":23,"gold_loss":0,"cards_obtained":["Bite","Bite","Bite","Bite","Bite"]}],"is_beta":false,"boss_relics":[{"not_picked":["conspire:RunicOctahedron","hubris:VirtuousBlindfold"],"picked":"Velvet Choker"}],"items_purged_floors":[],"is_endless":false,"potions_floor_spawned":[5,8,14,15,16,21],"killed_by":"Slavers","ascension_level":0}}