{"host":"wf1r1zhguvoo22rf","time":1614105139,"event":{"mods":["BaseMod","Colored Powertips","Minty Spire (QoL Compilation)","StSLib"],"gold_per_floor":[129,155,167,254,266,278,301,342,354,380,410,447,459,491,503,515,515],"floor_reached":16,"language":"ENG","playtime":778,"items_purged":[],"score":137,"play_id":"ed9ff3df-7609-4d15-852a-59f9e4a5ea38","local_time":"20210223203219","is_ascension_mode":false,"campfire_choices":[{"floor":6,"key":"REST"},{"floor":15,"key":"REST"}],"circlet_count":0,"master_deck":["Strike_P","Strike_P","Strike_P","Strike_P","Defend_P","Defend_P","Defend_P","Defend_P","Eruption","Vigilance","BowlingBash","Consecrate","EmptyBody","Consecrate","FlurryOfBlows","DeusExMachina","Evaluate"],"relics":["PureWater","MawBank","Mango","FossilizedHelix","Pen Nib"],"acts_visited":["Exordium"],"potions_floor_usage":[8,12,12],"damage_taken":[{"damage":10,"enemies":"2 Louse","floor":1,"turns":2},{"damage":10,"enemies":"Small Slimes","floor":2,"turns":2},{"damage":0,"enemies":"Cultist","floor":7,"turns":3},{"damage":18,"enemies":"3 Sentries","floor":8,"turns":2},{"damage":0,"enemies":"Red Slaver","floor":10,"turns":3},{"damage":0,"enemies":"Looter","floor":11,"turns":4},{"damage":0,"enemies":"Gremlin Nob","floor":12,"turns":3},{"damage":10,"enemies":"Lots of Slimes","floor":14,"turns":3},{"damage":79,"enemies":"Hexaghost","floor":16,"turns":12}],"seed_played":"266030536171345298","potions_obtained":[{"floor":2,"key":"LiquidMemories"},{"floor":10,"key":"Explosive Potion"},{"floor":11,"key":"DistilledChaos"}],"is_trial":false,"path_per_floor":["M","M","$","?","?","R","M","E","T","M","M","E","$","M","R","B"],"character_chosen":"WATCHER","items_purchased":[],"campfire_rested":2,"item_purchase_floors":[],"current_hp_per_floor":[62,52,52,41,46,67,67,63,63,63,63,63,63,53,78,0,0],"gold":515,"neow_bonus":"RANDOM_COMMON_RELIC","is_daily":false,"chose_seed":false,"campfire_upgraded":0,"win_rate":0.0,"timestamp":1614105139,"path_taken":["M","M","$","?","?","R","M","E","T","M","?","E","?","M","R","BOSS"],"items_purchased_type":[],"build_version":"2020-12-22","purchased_purges":0,"victory":false,"max_hp_per_floor":[72,72,72,72,72,72,72,86,86,86,86,86,86,86,86,86,86],"card_choices":[{"not_picked":["CrushJoints","Crescendo"],"picked":"BowlingBash","floor":1},{"not_picked":["Crescendo","ClearTheMind"],"picked":"FollowUp","floor":2},{"not_picked":["Crescendo","EmptyFist"],"picked":"Consecrate","floor":7},{"not_picked":["SashWhip","CrushJoints"],"picked":"EmptyBody","floor":8},{"not_picked":["JustLucky","CrushJoints"],"picked":"Consecrate","floor":10},{"not_picked":["Perseverance","CutThroughFate"],"picked":"FlurryOfBlows","floor":11},{"not_picked":["BowlingBash","Pray"],"picked":"DeusExMachina","floor":12},{"not_picked":["Sanctity","ThirdEye"],"picked":"Evaluate","floor":14}],"player_experience":252903,"relics_obtained":[{"floor":8,"key":"Mango"},{"floor":9,"key":"FossilizedHelix"},{"floor":12,"key":"Pen Nib"}],"event_choices":[{"damage_healed":0,"gold_gain":75,"player_choice":"Gather Gold","damage_taken":11,"max_hp_gain":0,"max_hp_loss":0,"event_name":"World of Goop","floor":4,"gold_loss":0},{"cards_removed":["FollowUp"],"damage_healed":5,"gold_gain":0,"player_choice":"Offered Common","damage_taken":0,"max_hp_gain":0,"max_hp_loss":0,"event_name":"Bonfire Elementals","floor":5,"gold_loss":0},{"cards_removed":["FollowUp"],"damage_healed":5,"gold_gain":0,"player_choice":"Offered Special","damage_taken":0,"max_hp_gain":0,"max_hp_loss":0,"event_name":"Bonfire Elementals","floor":5,"gold_loss":0}],"is_beta":false,"boss_relics":[],"items_purged_floors":[],"is_endless":false,"potions_floor_spawned":[2,10,11],"killed_by":"Hexaghost","ascension_level":0}}