{"host":"g8a0qo0vjtg6u5wv","time":1614084381,"event":{"mods":["BaseMod","Colored Map","Custom Start","KOR Keyword Fix","Minty Spire (QoL Compilation)","StSLib","SuperFastMode"],"gold_per_floor":[111,126,126,141,159,159,104,85,85,85,96,111,111,122,122,221,221,235,247,266,266,266,266,292,144,144,156,156,56,56,56,56,153,153,169,169,169,179,179,179,189,219,242,242,242],"floor_reached":44,"language":"KOR","playtime":1031,"items_purged":["Strike_B","Strike_B"],"score":608,"play_id":"855bcf24-1c84-4720-b6d6-e17c12d375ed","local_time":"20210223214621","is_ascension_mode":true,"campfire_choices":[{"data":"Coolheaded","floor":6.0,"key":"SMITH"},{"data":"Zap","floor":10.0,"key":"SMITH"},{"data":"Core Surge","floor":13.0,"key":"SMITH"},{"data":"Consume","floor":15.0,"key":"SMITH"},{"floor":23.0,"key":"REST"},{"floor":28,"key":"REST"},{"floor":32,"key":"REST"},{"floor":40,"key":"REST"}],"circlet_count":0,"master_deck":["Strike_B","Defend_B","Defend_B+1","Defend_B","Defend_B","Zap+1","Dualcast+1","Compile Driver","Coolheaded+1","Cold Snap","Conserve Battery","Sweeping Beam","Consume+1","Core Surge+1","Ball Lightning","Creative AI","Go for the Eyes+1","Hologram","Ball Lightning","Conserve Battery+1","Static Discharge","Biased Cognition","Loop","Cold Snap+1","Blind","Enlightenment","Thinking Ahead","Coolheaded+1","Barrage+1"],"relics":["Sozu","StoneCalendar","Pear","Fusion Hammer","Darkstone Periapt","Shuriken","Happy Flower","Inserter","Art of War","Potion Belt"],"acts_visited":["Exordium","TheCity","TheBeyond"],"potions_floor_usage":[],"damage_taken":[{"damage":7.0,"enemies":"Small Slimes","floor":1.0,"turns":3.0},{"damage":0.0,"enemies":"2 Louse","floor":2.0,"turns":3.0},{"damage":0.0,"enemies":"Cultist","floor":4.0,"turns":4.0},{"damage":0.0,"enemies":"Blue Slaver","floor":5.0,"turns":5.0},{"damage":0.0,"enemies":"Exordium Thugs","floor":8.0,"turns":4.0},{"damage":0.0,"enemies":"2 Fungi Beasts","floor":11.0,"turns":5.0},{"damage":3.0,"enemies":"3 Louse","floor":12.0,"turns":3.0},{"damage":6.0,"enemies":"Lots of Slimes","floor":14.0,"turns":2.0},{"damage":11.0,"enemies":"Hexaghost","floor":16.0,"turns":7.0},{"damage":0.0,"enemies":"Chosen","floor":18.0,"turns":4.0},{"damage":10.0,"enemies":"2 Thieves","floor":19.0,"turns":4.0},{"damage":8.0,"enemies":"Centurion and Healer","floor":20.0,"turns":7.0},{"damage":45,"enemies":"Slavers","floor":24,"turns":6},{"damage":5,"enemies":"Cultist and Chosen","floor":27,"turns":5},{"damage":22,"enemies":"Champ","floor":33,"turns":8},{"damage":41,"enemies":"3 Darklings","floor":35,"turns":4},{"damage":6,"enemies":"Orb Walker","floor":38,"turns":3},{"damage":20,"enemies":"Writhing Mass","floor":41,"turns":7},{"damage":51,"enemies":"Reptomancer","floor":42,"turns":7},{"damage":26,"enemies":"Nemesis","floor":44,"turns":3}],"seed_played":"7894615703059194493","potions_obtained":[],"is_trial":false,"path_per_floor":["M","M","?","M","M","R","?","M","T","R","M","M","R","M","R","B",null,"M","M","M","?","?","R","E","$","T","M","R","$","?","?","R","B",null,"M","?","?","M","?","R","M","E","T","E"],"character_chosen":"DEFECT","items_purchased":["Static Discharge"],"campfire_rested":4,"item_purchase_floors":[25],"current_hp_per_floor":[61,61,46,46,46,46,46,46,56,56,56,53,53,47,47,36,73,73,63,55,55,55,80,35,35,35,30,55,55,39,39,66,44,79,38,79,79,73,63,79,59,8,8,0,0],"gold":242,"neow_bonus":"BOSS_RELIC","is_daily":false,"chose_seed":false,"campfire_upgraded":4,"win_rate":0.0,"timestamp":1614084381,"path_taken":["M","M","?","M","M","R","?","M","T","R","?","M","R","M","R","BOSS","M","M","M","?","?","R","E","$","T","?","R","$","?","?","R","BOSS","M","?","?","?","?","R","M","E","T","E"],"items_purchased_type":["Card"],"build_version":"2020-12-22","purchased_purges":2,"victory":false,"max_hp_per_floor":[75,75,75,75,75,75,75,75,85,85,85,85,85,85,85,85,85,85,85,85,85,85,85,85,85,85,85,85,85,90,90,90,90,90,90,79,79,79,79,79,79,79,79,79,79],"card_choices":[{"not_picked":["Reprogram","Steam"],"picked":"Compile Driver","floor":1.0},{"not_picked":["Hologram","All For One"],"picked":"Coolheaded","floor":2.0},{"not_picked":["Leap","Reprogram"],"picked":"Cold Snap","floor":4.0},{"not_picked":["FTL","Undo"],"picked":"Conserve Battery","floor":5.0},{"not_picked":["Coolheaded","Redo"],"picked":"Sweeping Beam","floor":8.0},{"not_picked":["Scrape","Aggregate"],"picked":"Consume","floor":11.0},{"not_picked":["Sweeping Beam","Leap"],"picked":"Core Surge","floor":12.0},{"not_picked":["Turbo","Streamline"],"picked":"Ball Lightning","floor":14.0},{"not_picked":["Fission","Machine Learning"],"picked":"Creative AI","floor":16.0},{"not_picked":["Skim","Cold Snap"],"picked":"Go for the Eyes+1","floor":18.0},{"not_picked":["Leap","Force Field+1"],"picked":"Hologram","floor":19.0},{"not_picked":["Genetic Algorithm","Leap"],"picked":"Ball Lightning","floor":20.0},{"not_picked":["Creative AI","Coolheaded"],"picked":"Conserve Battery+1","floor":24},{"not_picked":["Genetic Algorithm+1","Melter","Sunder"],"picked":"SKIP","floor":27},{"not_picked":["Fission","Buffer"],"picked":"Biased Cognition","floor":33},{"not_picked":["Melter+1","Streamline","Reinforced Body"],"picked":"SKIP","floor":35},{"not_picked":["Turbo","Lockon"],"picked":"Cold Snap+1","floor":38},{"not_picked":["Forethought","Madness"],"picked":"Blind","floor":39},{"not_picked":["Forethought","Blind"],"picked":"Enlightenment","floor":39},{"not_picked":["Enlightenment","Chrysalis"],"picked":"Thinking Ahead","floor":39},{"not_picked":["Redo","Gash"],"picked":"Coolheaded+1","floor":41},{"not_picked":["BootSequence+1","Steam+1"],"picked":"Barrage+1","floor":42}],"player_experience":589859,"relics_obtained":[{"floor":9.0,"key":"Pear"},{"floor":24,"key":"Darkstone Periapt"},{"floor":26,"key":"Shuriken"},{"floor":42,"key":"Art of War"},{"floor":43,"key":"Potion Belt"}],"event_choices":[{"damage_healed":0.0,"max_hp_gain":0.0,"max_hp_loss":0.0,"gold_gain":0.0,"event_name":"Shining Light","player_choice":"Entered Light","floor":3.0,"gold_loss":0.0,"damage_taken":15.0,"cards_upgraded":["Dualcast","Defend_B"]},{"damage_healed":0.0,"max_hp_gain":0.0,"max_hp_loss":0.0,"gold_gain":0.0,"event_name":"WeMeetAgain","player_choice":"Paid Gold","floor":7.0,"gold_loss":55.0,"damage_taken":0.0,"relics_obtained":["StoneCalendar"]},{"damage_healed":0.0,"max_hp_gain":0.0,"max_hp_loss":0.0,"gold_gain":0.0,"event_name":"Vampires","player_choice":"Ignored","floor":21.0,"gold_loss":0.0,"damage_taken":0.0},{"damage_healed":0.0,"max_hp_gain":0.0,"max_hp_loss":0.0,"gold_gain":0.0,"event_name":"N\u0027loth","player_choice":"Ignored","floor":22.0,"gold_loss":0.0,"damage_taken":0.0},{"damage_healed":0,"gold_gain":0,"player_choice":"Shed Blood","damage_taken":21,"max_hp_gain":5,"max_hp_loss":0,"event_name":"Forgotten Altar","floor":30,"gold_loss":0},{"damage_healed":0,"gold_gain":0,"player_choice":"Opened","damage_taken":0,"relics_obtained":["Happy Flower"],"max_hp_gain":0,"max_hp_loss":0,"event_name":"The Mausoleum","floor":31,"gold_loss":0},{"damage_healed":79,"gold_gain":0,"player_choice":"Heal","damage_taken":0,"max_hp_gain":0,"max_hp_loss":11,"event_name":"The Moai Head","floor":36,"gold_loss":0},{"damage_healed":0,"gold_gain":0,"cards_transformed":["Strike_B"],"player_choice":"Transformed","damage_taken":0,"max_hp_gain":0,"max_hp_loss":0,"event_name":"Transmorgrifier","floor":37,"gold_loss":0,"cards_obtained":["Loop"]},{"damage_healed":0,"gold_gain":0,"player_choice":"Memory 3","damage_taken":10,"max_hp_gain":0,"max_hp_loss":0,"event_name":"SensoryStone","floor":39,"gold_loss":0}],"is_beta":false,"boss_relics":[{"not_picked":["Busted Crown","Calling Bell"],"picked":"Fusion Hammer"},{"not_picked":["Cursed Key","Philosopher\u0027s Stone"],"picked":"Inserter"}],"items_purged_floors":[25,29],"is_endless":false,"potions_floor_spawned":[1,8,11,16,18,20,24,27,38,41],"killed_by":"Nemesis","ascension_level":7}}