{"host":"wqwfknj40rilnol1","time":1614083659,"event":{"mods":["AchievementEnabler","BaseMod","BetterRewards","Block Reminder","Colored Map","Highlight Path","Hubris","Minty Spire (QoL Compilation)","Permanent Neow","Relic Stats","Shop Mod","StSLib","The Cursed"],"gold_per_floor":[16,30,30,30,50,50,63,90,90,90,90],"floor_reached":10,"language":"ENG","playtime":357,"items_purged":[],"score":116,"play_id":"310bd498-ae46-4286-af74-2e9c8b2f22b7","local_time":"20210223133419","is_ascension_mode":true,"campfire_choices":[{"data":"Bash","floor":6,"key":"SMITH"}],"circlet_count":0,"master_deck":["AscendersBane","Strike_R","Strike_R","Strike_R","Strike_R","Strike_R","Defend_R","Defend_R","Defend_R","Defend_R","Bash+1","Carnage","Ghostly Armor","True Grit","Headbutt","Pummel"],"relics":["Burning Blood","hubris:Towel","Paper Frog","Kunai"],"acts_visited":[],"potions_floor_usage":[10],"damage_taken":[{"damage":13,"enemies":"Jaw Worm","floor":1,"turns":4},{"damage":10,"enemies":"Small Slimes","floor":2,"turns":3},{"damage":10,"enemies":"Cultist","floor":5,"turns":4},{"damage":19,"enemies":"Lots of Slimes","floor":7,"turns":7},{"damage":40,"enemies":"Lagavulin","floor":8,"turns":8},{"damage":26,"enemies":"Gremlin Nob","floor":10,"turns":3}],"seed_played":"4515939909899952217","potions_obtained":[{"floor":8,"key":"BlessingOfTheForge"}],"is_trial":false,"path_per_floor":["M","M","?","?","M","R","M","E","T","E"],"character_chosen":"IRONCLAD","items_purchased":[],"campfire_rested":0,"item_purchase_floors":[],"current_hp_per_floor":[75,71,71,71,67,67,54,20,20,0,0],"gold":90,"neow_bonus":"TWENTY_PERCENT_HP_BONUS","is_daily":false,"chose_seed":false,"campfire_upgraded":1,"win_rate":0.0,"timestamp":1614083659,"path_taken":["M","M","?","?","M","R","M","E","T","E"],"items_purchased_type":[],"build_version":"2020-12-22","purchased_purges":0,"victory":false,"max_hp_per_floor":[89,89,89,89,89,89,89,89,89,89,89],"relic_stats":{"counters":[6,29],"Kunai":[0],"obtain_stats":[{"Kunai":9,"hubris:Towel":4,"Burning Blood":0,"Paper Frog":8},{"Kunai":5,"hubris:Towel":2,"Burning Blood":0,"Paper Frog":5},{"Kunai":26,"hubris:Towel":7,"Burning Blood":0,"Paper Frog":26}],"Burning Blood":30},"card_choices":[{"not_picked":["Sword Boomerang","Pommel Strike"],"picked":"Carnage","floor":1},{"not_picked":["Metallicize","Rage","Anger"],"picked":"SKIP","floor":2},{"not_picked":["Armaments","hubris:ReadiedAction"],"picked":"True Grit","floor":5},{"not_picked":["Intimidate","Wild Strike"],"picked":"Headbutt","floor":7},{"not_picked":["Second Wind","hubris:ReadiedAction"],"picked":"Pummel","floor":8}],"player_experience":302969,"relics_obtained":[{"floor":8,"key":"Paper Frog"},{"floor":9,"key":"Kunai"}],"event_choices":[],"is_beta":false,"boss_relics":[],"items_purged_floors":[],"is_endless":false,"potions_floor_spawned":[8],"killed_by":"Gremlin Nob","ascension_level":14}}