{"host":"6n0bwkgbkn8ajkoa","time":1614072521,"event":{"mods":["AchievementEnabler","Aspiration","BaseMod","Colored Map","Conspire","Downfall","Highlight Path","Hubris","Infinite Spire","Minty Spire (QoL Compilation)","Quick Restart","Replay The Spire","Spikes Relics","StSLib"],"gold_per_floor":[99,117,137,152,152,152,200,200,216,244,244,261,274,23,36,36,36,36],"floor_reached":16,"language":"ENG","playtime":748,"items_purged":["Slimebound:Strike_Slimebound"],"score":104,"play_id":"b84c1f5f-5ca8-4e2a-ae4d-0922d81e8925","local_time":"20210223102841","is_ascension_mode":false,"campfire_choices":[{"data":"Slimebound:Split","floor":1,"key":"SMITH"},{"data":"Slimebound:LevelUp","floor":8,"key":"SMITH"}],"circlet_count":0,"master_deck":["Slimebound:Strike_Slimebound","Slimebound:Strike_Slimebound","Slimebound:Tackle","Slimebound:Defend_Slimebound","Slimebound:Defend_Slimebound","Slimebound:Defend_Slimebound","Slimebound:Defend_Slimebound","Slimebound:Split+1","Slimebound:CorrosiveSpit","Slimebound:LevelUp+1","Slimebound:ItLooksTasty","Slimebound:RollThrough","Slimebound:HauntingLick+1","Slimebound:ViciousTackle","Replay:SS_forest_2","Slimebound:Equalize"],"relics":["Slimebound:AbsorbEndCombat","hubris:Towel","Juzu Bracelet","Strawberry"],"acts_visited":["Exordium"],"potions_floor_usage":[],"damage_taken":[{"damage":0,"enemies":"conspire:RoseBush","floor":2,"turns":4},{"damage":3,"enemies":"Small Slimes","floor":3,"turns":3},{"damage":2,"enemies":"Cultist","floor":4,"turns":4},{"damage":10,"enemies":"downfall:LooterAlt","floor":9,"turns":3},{"damage":26,"enemies":"3 Sentries","floor":10,"turns":6},{"damage":6,"enemies":"Large Slime","floor":12,"turns":4},{"damage":12,"enemies":"Exordium Wildlife","floor":13,"turns":4},{"damage":10,"enemies":"downfall:FleeingMerchant","floor":14,"turns":4},{"damage":21,"enemies":"Blue Slaver","floor":15,"turns":4},{"damage":31,"enemies":"DF_ARCHETYPE_STREAMLINE","floor":16,"turns":4}],"seed_played":"5615635413955204620","potions_obtained":[{"floor":3,"key":"Explosive Potion"},{"floor":4,"key":"BlessingOfTheForge"},{"floor":10,"key":"SmokeBomb"}],"is_trial":false,"path_per_floor":["R","M","M","M","?","?","T","R","M","E","?","M","M","$","M","B"],"character_chosen":"SLIMEBOUND","items_purchased":["Replay:SS_forest_2","Slimebound:Equalize"],"campfire_rested":0,"item_purchase_floors":[14,14],"current_hp_per_floor":[71,71,71,71,71,71,71,71,61,44,44,46,38,36,29,0,0,0],"gold":36,"neow_bonus":"TEN_PERCENT_HP_BONUS","is_daily":false,"chose_seed":false,"campfire_upgraded":2,"win_rate":0.0,"timestamp":1614072521,"path_taken":["R","M","M","M","?","?","T","R","M","E","?","M","M","$","M","BOSS"],"items_purchased_type":["Card","Card"],"build_version":"2020-12-22","purchased_purges":1,"victory":false,"max_hp_per_floor":[71,71,71,71,71,71,71,71,71,78,78,78,78,78,78,78,78,78],"card_choices":[{"not_picked":["Slimebound:PressTheAttack","Slimebound:SamplingLick"],"picked":"Slimebound:LevelUp","floor":2},{"not_picked":["Slimebound:Prepare","Slimebound:Grow"],"picked":"Slimebound:ItLooksTasty","floor":3},{"not_picked":["Slimebound:SlimeBrawl","Slimebound:GoopSpray"],"picked":"Slimebound:RollThrough","floor":4},{"not_picked":["Slimebound:LeechingTouch","Slimebound:LeechEnergy"],"picked":"Slimebound:HauntingLick","floor":9},{"not_picked":["Slimebound:GoopTackle","Slimebound:LivingWall","Slimebound:SlimeBarrage"],"picked":"SKIP","floor":10},{"not_picked":["Slimebound:SlimeBarrage","Slimebound:RollThrough"],"picked":"Slimebound:ViciousTackle","floor":12},{"not_picked":["Slimebound:GoopSpray","Slimebound:SpikyOuterGoop","Slimebound:SlimeSpikes"],"picked":"SKIP","floor":13},{"not_picked":["Slimebound:RejuvenatingLick","Slimebound:FormOfPuddle","Slimebound:MegaLick"],"picked":"SKIP","floor":14},{"not_picked":["Slimebound:FlameTackle","Slimebound:SpikyOuterGoop","Slimebound:SlimeSlap"],"picked":"SKIP","floor":15}],"player_experience":106754,"relics_obtained":[{"floor":7,"key":"Juzu Bracelet"},{"floor":10,"key":"Strawberry"}],"event_choices":[],"is_beta":false,"boss_relics":[],"items_purged_floors":[14],"is_endless":false,"potions_floor_spawned":[3,4,10,12,15],"killed_by":"DF_ARCHETYPE_STREAMLINE","ascension_level":0}}