{"host":"c0rqchpxu0yjpthq","time":1614094639,"event":{"mods":["100% Spire Juice","ATMod(阿瑾Mod)","BaseMod","Challenge The Spire","Conspire","Downfall","HololiveMod","Minty Spire (QoL Compilation)","MostiFishMod","Prisma Mod","Reimu（博丽灵梦）","Relic Stats","Reliquary","Replay The Spire","Spicy Shops","StSLib","The Alterego","The Hierophant","WarShipGirlsR/战舰少女R mod","Wide Potions","Yakumo Yukari mod","[GremlinLeader]The Maniac","【功能Mod】聪明的最终Boss","【遗物卡牌】REMEMod"],"gold_per_floor":[280,348,445,191,261,345,195,260,260,343,403,470,470,577,577,779,779,873,873,968,979,1071,1186,1186,521,521,521,628,285,391,489,489,670,670,768,768,768,898,995,995,1091,991,991,65,175,175,290,290,290,291,291,291,36,148,148],"floor_reached":56,"language":"ZHS","playtime":5268,"items_purged":["Pain","Defend_purpleEX","Defend_purpleEX"],"score":1158,"play_id":"57b5f1aa-4278-434b-8353-de359aca426d","local_time":"20210223233719","is_ascension_mode":false,"campfire_choices":[{"data":"hierophant:BulkyChest","floor":13,"key":"SMITH"},{"data":"AT_FamilyPortrait","floor":15,"key":"SMITH"},{"floor":24,"key":"REST"},{"data":"Observe_purple_2","floor":27,"key":"SMITH"},{"floor":32,"key":"REST"},{"floor":40,"key":"RECALL"},{"floor":49,"key":"REST"},{"floor":52,"key":"REST"}],"circlet_count":0,"master_deck":["AT_purpleEX+1","AT_purpleEX+1","AT_purpleEX+1","AT_purpleEX+1","Defend_purpleEX+1","Defend_purpleEX+1","Observe_purple_1+1","Observe_purple_2+1","hierophant:BulkyChest+1","AT_FamilyPortrait+1","MostiFishMod:EE1D+1","MostiFishMod:EE1D+1","MostiFishMod:EE1D+1","Mirror_TwoAndThreeElementRealm_purple+1","Mirror_TwoAndThreeElementRealm_purple+1","Mirror_FourBoundary_purple+1","Madness+1","Madness+1","LoveAcrossDimensions_purple+1","DistantPastFriend_purple+1"],"relics":["Boundary_crack","Memoryfragments_purpleEX","AT_ATBox","DaveBox","REME_ComplimentaryCards","MostiFishMod:Haymaker","SynthV:TestCard","AT_DeathDance","AT_GreenNoBalance","reliquary:FingerTrap","AT_EbonyIvory","Juzu Bracelet","AT_ArcaneBoots","EE1DDrone","Nloth\u0027s Gift","conspire:TopHat","Mercury Hourglass","Replay:Bottled Eggs","AT_ImmortalShieldbow","Regal Pillow","Torii","REME_LimitBreaker","Orichalcum","RhineSuit","Durian","reliquary:TatteredRug","Guide Book","AT_ForceNature","White Beast Statue","Bronze Scales","Mastiff:ReiMu","Divine Protection","Replay:Bottled Snecko","reliquary:PrincelyHelmet","Quantum Egg"],"acts_visited":["Exordium","TheCity","TheBeyond","TheEnding"],"potions_floor_usage":[3,16,22,23,23,48,55],"damage_taken":[{"damage":10,"enemies":"Cultist","floor":1,"turns":4},{"damage":6,"enemies":"Jaw Worm","floor":2,"turns":4},{"damage":16,"enemies":"conspire:MimicChest","floor":3,"turns":5},{"damage":0,"enemies":"Small Slimes","floor":5,"turns":4},{"damage":44,"enemies":"Lagavulin","floor":6,"turns":6},{"damage":12,"enemies":"3 Louse","floor":8,"turns":3},{"damage":19,"enemies":"3 Sentries","floor":10,"turns":4},{"damage":9,"enemies":"Exordium Wildlife","floor":11,"turns":3},{"damage":11,"enemies":"Looter","floor":12,"turns":3},{"damage":3,"enemies":"Gremlin Nob","floor":14,"turns":3},{"damage":5,"enemies":"Slime Boss","floor":16,"turns":9},{"damage":8,"enemies":"Chosen","floor":18,"turns":6},{"damage":9,"enemies":"Shell Parasite","floor":20,"turns":6},{"damage":41,"enemies":"3 Cultists","floor":21,"turns":7},{"damage":39,"enemies":"Centurion and Healer","floor":22,"turns":25},{"damage":9,"enemies":"Slavers","floor":23,"turns":4},{"damage":4,"enemies":"Book of Stabbing","floor":28,"turns":6},{"damage":5,"enemies":"Slavers","floor":30,"turns":6},{"damage":9,"enemies":"Snake Plant","floor":31,"turns":8},{"damage":34,"enemies":"Automaton","floor":33,"turns":11},{"damage":10,"enemies":"Orb Walker","floor":35,"turns":3},{"damage":0,"enemies":"Mind Bloom Boss Battle","floor":38,"turns":7},{"damage":1,"enemies":"3 Shapes","floor":39,"turns":4},{"damage":1,"enemies":"Sphere and 2 Shapes","floor":41,"turns":5},{"damage":0,"enemies":"R_Hoarder","floor":45,"turns":9},{"damage":28,"enemies":"Reptomancer","floor":47,"turns":5},{"damage":0,"enemies":"Reptomancer","floor":48,"turns":10},{"damage":0,"enemies":"Replay:Hell Engine","floor":50,"turns":7},{"damage":5,"enemies":"Shield and Spear","floor":54,"turns":5},{"damage":3,"enemies":"The Heart","floor":55,"turns":9}],"seed_played":"5267120122650222939","potions_obtained":[{"floor":2,"key":"LifebloodPotion"},{"floor":8,"key":"Death Potion"},{"floor":10,"key":"LifebloodPotion"},{"floor":11,"key":"Regen Potion"},{"floor":18,"key":"Swift Potion"},{"floor":28,"key":"GamblersBrew"},{"floor":30,"key":"LifebloodPotion"},{"floor":35,"key":"RealmPotion"},{"floor":45,"key":"Fire Potion"},{"floor":54,"key":"champ:CounterPotion"}],"is_trial":false,"path_per_floor":["M","M","?","$","M","E","$","M","T","E","M","M","R","E","R","B",null,"M","?","M","M","M","E","R","$","T","R","E","$","E","M","R","B",null,"M","?","?","?","M","R","M","$","T","$","E","?","E","?","R","B",null,"R","$","E","B",null],"character_chosen":"Youkari","items_purchased":["AT_DeathDance","reliquary:FingerTrap","Mercury Hourglass","Replay:Bottled Eggs","AT_ImmortalShieldbow","Torii","REME_LimitBreaker","PowerPotion","Guide Book","AT_ForceNature","White Beast Statue","Bronze Scales","Mastiff:ReiMu","Mirror_FourBoundary_purple","reliquary:PrincelyHelmet"],"campfire_rested":4,"item_purchase_floors":[4,7,25,25,25,29,29,44,44,44,44,44,44,44,53],"current_hp_per_floor":[61,57,43,58,59,18,33,24,24,17,27,25,25,34,34,34,70,28,28,31,10,23,16,40,40,40,40,41,41,40,36,75,46,83,77,77,77,87,88,88,88,88,88,88,88,81,58,88,88,88,88,88,88,87,88],"gold":148,"neow_bonus":"HUNDRED_GOLD","is_daily":false,"chose_seed":false,"campfire_upgraded":3,"win_rate":0.0,"timestamp":1614094639,"path_taken":["M","?","?","?","?","E","$","M","T","E","M","M","R","E","R","BOSS","M","?","M","M","M","E","R","?","T","R","E","$","E","M","R","BOSS","M","?","?","?","M","R","M","$","T","$","E","?","E","?","R","BOSS","R","$","E","BOSS"],"items_purchased_type":["Relic","Relic","Relic","Relic","Relic","Relic","Relic","Potion","Relic","Relic","Relic","Relic","Relic","Card","Relic"],"build_version":"2020-12-22","purchased_purges":3,"victory":true,"max_hp_per_floor":[70,70,70,70,70,70,70,70,70,70,70,70,70,70,70,70,70,70,70,70,81,83,83,83,83,83,83,83,83,83,83,83,83,83,83,83,83,88,88,88,88,88,88,88,88,88,88,88,88,88,88,88,88,88,88],"relic_stats":{"Regal Pillow":15,"Torii":12,"counters":[30,188],"Bronze Scales":[96],"Juzu Bracelet":1,"Nloth\u0027s Gift":21,"Orichalcum":[102],"obtain_stats":[{"Divine Protection":45,"Regal Pillow":28,"AT_ATBox":0,"DaveBox":0,"MostiFishMod:Haymaker":0,"Torii":29,"reliquary:PrincelyHelmet":53,"RhineSuit":34,"AT_ArcaneBoots":22,"Juzu Bracelet":10,"conspire:TopHat":23,"Mastiff:ReiMu":44,"MealTicket":3,"reliquary:FingerTrap":7,"Replay:Bottled Snecko":47,"Replay:Bottled Eggs":25,"AT_ForceNature":44,"Guide Book":44,"Quantum Egg":54,"AT_GreenNoBalance":22,"AT_SilverBalance":6,"AT_EbonyIvory":9,"reliquary:TatteredRug":43,"Boundary_crack":0,"REME_LimitBreaker":29,"Orichalcum":30,"White Beast Statue":44,"Mercury Hourglass":25,"AT_ImmortalShieldbow":25,"AT_SpeedBoots":14,"SynthV:TestCard":1,"EE1DDrone":17,"Bronze Scales":44,"Nloth\u0027s Gift":19,"Durian":38,"AT_DeathDance":4,"Memoryfragments_purpleEX":0,"REME_ComplimentaryCards":0},{"Divine Protection":25,"Regal Pillow":17,"AT_ATBox":0,"DaveBox":0,"MostiFishMod:Haymaker":0,"Torii":17,"reliquary:PrincelyHelmet":28,"RhineSuit":20,"AT_ArcaneBoots":15,"Juzu Bracelet":7,"conspire:TopHat":16,"Mastiff:ReiMu":24,"MealTicket":3,"reliquary:FingerTrap":5,"Replay:Bottled Snecko":26,"Replay:Bottled Eggs":16,"AT_ForceNature":24,"Guide Book":24,"Quantum Egg":29,"AT_GreenNoBalance":15,"AT_SilverBalance":5,"AT_EbonyIvory":6,"reliquary:TatteredRug":24,"Boundary_crack":0,"REME_LimitBreaker":17,"Orichalcum":18,"White Beast Statue":24,"Mercury Hourglass":16,"AT_ImmortalShieldbow":16,"AT_SpeedBoots":10,"SynthV:TestCard":1,"EE1DDrone":11,"Bronze Scales":24,"Nloth\u0027s Gift":12,"Durian":22,"AT_DeathDance":3,"Memoryfragments_purpleEX":0,"REME_ComplimentaryCards":0},{"Divine Protection":152,"Regal Pillow":102,"AT_ATBox":0,"DaveBox":0,"MostiFishMod:Haymaker":0,"Torii":102,"reliquary:PrincelyHelmet":174,"RhineSuit":126,"AT_ArcaneBoots":68,"Juzu Bracelet":30,"conspire:TopHat":96,"Mastiff:ReiMu":143,"MealTicket":13,"reliquary:FingerTrap":23,"Replay:Bottled Snecko":157,"Replay:Bottled Eggs":96,"AT_ForceNature":143,"Guide Book":143,"Quantum Egg":179,"AT_GreenNoBalance":67,"AT_SilverBalance":23,"AT_EbonyIvory":26,"reliquary:TatteredRug":143,"Boundary_crack":0,"REME_LimitBreaker":102,"Orichalcum":107,"White Beast Statue":143,"Mercury Hourglass":96,"AT_ImmortalShieldbow":96,"AT_SpeedBoots":39,"SynthV:TestCard":4,"EE1DDrone":48,"Bronze Scales":143,"Nloth\u0027s Gift":54,"Durian":136,"AT_DeathDance":13,"Memoryfragments_purpleEX":0,"REME_ComplimentaryCards":0}],"Mercury Hourglass":[328]},"card_choices":[{"not_picked":["Bait_Toxicbait_purple","MetroBOOM_purple","WeekHit_purple"],"picked":"SKIP","floor":1},{"not_picked":["MeetDecomposer_purple","Shallow_ocean_purpleEX","Umbrella_purple","Charmbait_purple","WasteWire_Metro_purple"],"picked":"SKIP","floor":2},{"not_picked":["PurpleNeedle_purple","ExternalForce_HighSpeedFlying_purple","Charmbait_purple","SfantasyHide_purple","StretchesForeverDream_purple"],"picked":"SKIP","floor":5},{"not_picked":["Bait_Toxicbait_purple","ExistenceContinue_purple","RuptureOfTimeAndSpace_purple","Extrememeaning_purpleEX","Mirror_WaveAndshot_purple"],"picked":"SKIP","floor":6},{"not_picked":["Shallow_ocean_purpleEX","Anti_communist_purple","Worldmountain_purple","Fantasy_PerpetualMotionMachine_purple","ContainerChange_purple"],"picked":"SKIP","floor":8},{"not_picked":["OpenedBox_purple","WeekHit_purple","Charmbait_purple","MeetDecomposer_purple","ButterflyHabitatTemple_purple"],"picked":"SKIP","floor":10},{"not_picked":["Mirror_FormAndEmptin_purple","Extrememeaning_purpleEX","ExternalForce_HighSpeedFlying_purple","Nest_LightFlightworm_purple","Mirror_FourBoundary_purple"],"picked":"SKIP","floor":11},{"not_picked":["MeetDecomposer_purple","EighthInstrument_OneDividesIntoTwo_purple","CommonSense_AntiCommonSense_purple","Charmbait_purple","Yakumo_Ran_purple"],"picked":"SKIP","floor":12},{"not_picked":["RuleDissolution_purple","Charmbait_purple","Photoelasticity_Doppler_Effect_purple","Mirror_FormAndEmptin_purple","StateErode_purple"],"picked":"SKIP","floor":14},{"not_picked":["SfantasyHide_purple","Line_surface_state_purple+1","StretchesForeverDream_purple+1","Fantasy_PerpetualMotionMachine_purple+1","SharpContractionReality_purple"],"picked":"SKIP","floor":18},{"not_picked":["WeekHit_purple","Charmbait_purple","DimensionStaggered_purple","SharpContractionReality_purple","Line_surface_state_purple"],"picked":"SKIP","floor":20},{"not_picked":["Boundary_LightAndDark_purple+1","Line_surface_state_purple+1","ExistenceContinue_purple+1","Shallow_ocean_purpleEX","Bait_HighSpeedFlying_purple"],"picked":"SKIP","floor":21},{"not_picked":["LoveAcrossDimensions_purple","Erosivefilter_purple","AdvanceAttack_purple","Line_surface_state_purple","RuleDissolution_purple"],"picked":"SKIP","floor":22},{"not_picked":["Bait_Toxicbait_purple","MNeedle_purple","Mirror_TwoAndThreeElementRealm_purple","AdvanceAttack_purple","CommonSense_AntiCommonSense_purple"],"picked":"SKIP","floor":23},{"not_picked":["AdvanceAttack_purple+1","Mirror_FormAndEmptin_purple","Erosivefilter_purple","Computing_the_future_purpleEX","MonsterNeedle_purple"],"picked":"SKIP","floor":28},{"not_picked":["MonsterNeedle_purple+1","Boundary_of_Extermination_purpleEX+1","ExternalForce_HighSpeedFlying_purple+1","Mirror_FourBoundary_purple","Know_ledgeAbilityRealm_purple"],"picked":"SKIP","floor":30},{"not_picked":["DimensionStaggered_purple","Mirror_FormAndEmptin_purple","Line_surface_state_purple+1","WingOfChimera_purple","SharpContractionReality_purple"],"picked":"SKIP","floor":31},{"not_picked":["WangLiang_OokamiKakushi_purple","GluttonyofRealm_purpleEX","Price_of_realm_purpleEX","D_absorption_purple"],"picked":"Mirror_TwoAndThreeElementRealm_purple","floor":33},{"not_picked":["Umbrella_purple+1","ExistenceContinue_purple+1","OmniscientAndOmnipotent_Monster_purple+1","UniverseChoice_purple","Boundary_DreamRealityDamnation_purple"],"picked":"SKIP","floor":35},{"not_picked":["Shallow_ocean_purpleEX","DimensionStaggered_purple+1","Mirror_Drifter_purple","OmniscientAndOmnipotent_Monster_purple+1","D_absorption_purple"],"picked":"SKIP","floor":39},{"not_picked":["Realm_recovery_purpleEX+1","StateErode_purple+1","MeetDecomposer_purple","Boundary_DynamicStaticEquilibrium_purple"],"picked":"Mirror_TwoAndThreeElementRealm_purple","floor":41},{"not_picked":["WasteWire_Metro_purple","Umbrella_purple+1","RuptureOfTimeAndSpace_purple","SharpContractionReality_purple+1","OmniscientAndOmnipotent_Monster_purple"],"picked":"SKIP","floor":45},{"not_picked":["Human_Monster_Realm_purple","RealityDreamConfluencek_purple+1","Boundary_DreamRealityDamnation_purple","Line_surface_state_purple"],"picked":"LoveAcrossDimensions_purple","floor":47},{"not_picked":["LoveAcrossDimensions_purple","D_absorption_purple","MonsterNeedle_purple","DimensionStaggered_purple","WatchEChange_purple+1"],"picked":"SKIP","floor":54}],"player_experience":123313,"relics_obtained":[{"floor":1,"key":"SynthV:TestCard"},{"floor":3,"key":"MealTicket"},{"floor":6,"key":"AT_SilverBalance"},{"floor":9,"key":"AT_EbonyIvory"},{"floor":10,"key":"Juzu Bracelet"},{"floor":14,"key":"AT_SpeedBoots"},{"floor":23,"key":"conspire:TopHat"},{"floor":28,"key":"Regal Pillow"},{"floor":30,"key":"Orichalcum"},{"floor":38,"key":"Durian"},{"floor":43,"key":"reliquary:TatteredRug"},{"floor":45,"key":"Divine Protection"},{"floor":47,"key":"Replay:Bottled Snecko"},{"floor":54,"key":"Quantum Egg"}],"event_choices":[{"damage_healed":0,"gold_gain":0,"player_choice":"Traded Relic","damage_taken":0,"relics_obtained":["Nloth\u0027s Gift"],"max_hp_gain":0,"max_hp_loss":0,"event_name":"N\u0027loth","floor":19,"relics_lost":["MealTicket"],"gold_loss":0},{"damage_healed":0,"gold_gain":0,"player_choice":"Ignored","damage_taken":0,"max_hp_gain":0,"max_hp_loss":0,"event_name":"Tomb of Lord Red Mask","floor":37,"gold_loss":0},{"damage_healed":0,"gold_gain":0,"player_choice":"Fight","damage_taken":0,"max_hp_gain":0,"max_hp_loss":0,"event_name":"MindBloom","floor":38,"gold_loss":0},{"damage_healed":0,"gold_gain":0,"player_choice":"Embrace Madness","damage_taken":11,"max_hp_gain":0,"max_hp_loss":0,"event_name":"Winding Halls","floor":46,"gold_loss":0,"cards_obtained":["Madness","Madness"]}],"is_beta":false,"boss_relics":[{"not_picked":["OneHitWonderSystem","conspire:SeveredTorchhead"],"picked":"EE1DDrone"},{"not_picked":["conspire:SlowCooker","FeatherPendant"],"picked":"RhineSuit"}],"items_purged_floors":[25,42,44],"is_endless":false,"potions_floor_spawned":[2,8,10,11,16,18,21,28,30,35,38,39,45,47,48,54],"ascension_level":0}}