{"host":"lv7etzzgwahaenh9","time":1614038699,"event":{"mods":["AchievementEnabler","BaseMod","Colored Map","Colored Powertips","Highlight Path","Minty Spire (QoL Compilation)","Permanent Neow","Quick Restart","Random Character Button","StSLib"],"gold_per_floor":[113,129,149,169,179,207,207,234,292,323,335,380,37,37,37,37,37],"floor_reached":16,"language":"ENG","playtime":692,"items_purged":["Strike_G"],"score":211,"play_id":"b3007f32-1ceb-480b-ba11-3b90037f3559","local_time":"20210222160459","is_ascension_mode":true,"campfire_choices":[{"floor":7.0,"key":"REST"},{"data":"Footwork","floor":15,"key":"SMITH"}],"circlet_count":0,"master_deck":["AscendersBane","Strike_G","Strike_G","Strike_G","Defend_G","Defend_G","Defend_G","Defend_G","Defend_G","Survivor","Neutralize","Dagger Throw","Slice","Tools of the Trade","Eviscerate","Footwork+1","Poisoned Stab+1","Footwork","Footwork","Quick Slash+1","Dagger Throw+1","Choke+1"],"relics":["WristBlade","Molten Egg 2","MawBank","Regal Pillow","Sundial","Gremlin Horn"],"acts_visited":["Exordium"],"potions_floor_usage":[12,14],"damage_taken":[{"damage":0.0,"enemies":"2 Louse","floor":1.0,"turns":3.0},{"damage":0.0,"enemies":"Cultist","floor":2.0,"turns":4.0},{"damage":0.0,"enemies":"Jaw Worm","floor":3.0,"turns":3.0},{"damage":7.0,"enemies":"Exordium Thugs","floor":4.0,"turns":7.0},{"damage":2.0,"enemies":"Large Slime","floor":5.0,"turns":5.0},{"damage":20.0,"enemies":"Gremlin Nob","floor":6.0,"turns":5.0},{"damage":1.0,"enemies":"Lagavulin","floor":8.0,"turns":5.0},{"damage":0.0,"enemies":"2 Fungi Beasts","floor":10.0,"turns":3.0},{"damage":12,"enemies":"3 Sentries","floor":12,"turns":10},{"damage":0,"enemies":"Lots of Slimes","floor":14,"turns":1},{"damage":38,"enemies":"Slime Boss","floor":16,"turns":3}],"seed_played":"-3360388976336771605","potions_obtained":[{"floor":4.0,"key":"SkillPotion"},{"floor":6.0,"key":"Ancient Potion"},{"floor":8.0,"key":"BlessingOfTheForge"},{"floor":12,"key":"SmokeBomb"}],"is_trial":false,"path_per_floor":["M","M","M","M","M","E","R","E","T","M","?","E","$","M","R","B"],"character_chosen":"THE_SILENT","items_purchased":["Gremlin Horn","Choke+1"],"campfire_rested":1,"item_purchase_floors":[13,13],"current_hp_per_floor":[59,59,59,52,50,30,49,48,48,48,48,36,36,36,36,0,0],"gold":37,"neow_bonus":"BOSS_RELIC","is_daily":false,"chose_seed":false,"campfire_upgraded":1,"win_rate":0.0,"timestamp":1614038699,"path_taken":["M","M","M","M","M","E","R","E","T","M","?","E","$","M","R","BOSS"],"items_purchased_type":["Relic","Card"],"build_version":"2020-12-22","purchased_purges":1,"victory":false,"max_hp_per_floor":[66,66,66,66,66,66,66,66,66,66,66,66,66,66,66,66,66],"card_choices":[{"not_picked":["Backflip","Concentrate"],"picked":"Dagger Throw","floor":1.0},{"not_picked":["Flechettes","Deadly Poison"],"picked":"Slice","floor":2.0},{"not_picked":["Backflip","Terror"],"picked":"Tools of the Trade","floor":3.0},{"not_picked":["Quick Slash","Underhanded Strike"],"picked":"Eviscerate","floor":4.0},{"not_picked":["Expertise","Acrobatics"],"picked":"Footwork","floor":5.0},{"not_picked":["Dodge and Roll","Terror"],"picked":"Poisoned Stab+1","floor":6.0},{"not_picked":["Deadly Poison","Underhanded Strike+1"],"picked":"Footwork","floor":8.0},{"not_picked":["Slice+1","Well Laid Plans"],"picked":"Footwork","floor":10.0},{"not_picked":["Deadly Poison","Quick Slash+1"],"picked":"Dagger Throw+1","floor":12}],"player_experience":513486,"relics_obtained":[{"floor":6.0,"key":"Molten Egg 2"},{"floor":8.0,"key":"MawBank"},{"floor":9.0,"key":"Regal Pillow"},{"floor":12,"key":"Sundial"}],"event_choices":[{"damage_healed":0.0,"max_hp_gain":0.0,"max_hp_loss":0.0,"gold_gain":0.0,"cards_transformed":["Strike_G"],"event_name":"Transmorgrifier","player_choice":"Transformed","floor":11.0,"gold_loss":0.0,"damage_taken":0.0,"cards_obtained":["Quick Slash"]}],"is_beta":false,"boss_relics":[],"items_purged_floors":[13],"is_endless":false,"potions_floor_spawned":[4,6,8,12,14],"killed_by":"Slime Boss","ascension_level":14}}