{"host":"xumidyqji6pg2yy3","time":1614093430,"event":{"mods":["ATMod(°¢èªMod)","BaseMod","Colored Map","Downfall","Minty Spire (QoL Compilation)","MostiFishMod","Quick Restart","StSLib"],"gold_per_floor":[99,112,132,132,132,42,42,53,53,78,90,107,126,126,146,241,241,241,256,289,301,321,334,334,362,390,421,648,648,548,577,587,685,685,585,600,600,619,633,652,652,666,566,441,441,476,476,509,519,519,519,553,98,98,98,98],"floor_reached":57,"language":"ZHS","playtime":3404,"items_purged":["Slimebound:Strike_Slimebound","Slimebound:Strike_Slimebound","Slimebound:Tackle","Slimebound:Defend_Slimebound"],"score":1410,"play_id":"7ab71d9a-2a10-495e-aa60-8174321f99b5","local_time":"20210223231710","is_ascension_mode":false,"campfire_choices":[{"data":"Slimebound:CorrosiveSpit","floor":1,"key":"SMITH"},{"data":"Slimebound:SplitMire","floor":9,"key":"SMITH"},{"data":"Slimebound:LeadByExample","floor":18,"key":"SMITH"},{"floor":30,"key":"RECALL"},{"data":"Slimebound:SpikyOuterGoop","floor":35,"key":"SMITH"},{"data":"AT_FamilyPortrait","floor":43,"key":"SMITH"},{"data":"Slimebound:ItLooksTasty","floor":45,"key":"SMITH"},{"data":"Slimebound:Defend_Slimebound","floor":47,"key":"SMITH"},{"data":"Slimebound:Defend_Slimebound","floor":54,"key":"SMITH"}],"circlet_count":0,"master_deck":["Slimebound:Defend_Slimebound+1","Slimebound:Defend_Slimebound+1","Slimebound:Defend_Slimebound+1","Slimebound:Split","Slimebound:CorrosiveSpit+1","AT_FamilyPortrait+1","Slimebound:SpikyOuterGoop+1","Slimebound:LeechEnergy+1","Slimebound:SplitMire+1","Slimebound:LeadByExample+1","Slimebound:ItLooksTasty+1","Slimebound:HauntingLick+1","Slimebound:ComboTackle+1","Slimebound:Teamwork+1","Slimebound:LeechingTouch+1","Slimebound:Schlurp+1","Slimebound:SplitMire+1","Slimebound:HauntingLick+1","Slimebound:GoopSpray+1","Slimebound:OozeBath+1","Slimebound:SamplingLick+1","Slimebound:SlimeTap+1","Slimebound:DouseInSlime+1","Slimebound:GoopSpray+1","Slimebound:RejuvenatingLick+1","Slimebound:PressTheAttack+1","Slimebound:HauntingLick+1"],"relics":["Slimebound:AbsorbEndCombat","AT_ATBox","DaveBox","RhineSuit","AT_SilvercatRing","Pantograph","Toxic Egg 2","AT_ImmortalShieldbow","PatriotShield","Red Mask","AT_Kusabimaru","downfall:HeartBlessingGreen","Oddly Smooth Stone","AT_TrinityForce","downfall:HeartBlessingRed","downfall:HeartBlessingBlue","Bottled Flame","Blood Vial","AT_ArchangelStaff","Chemical X","AT_SpeedBoots"],"acts_visited":["Exordium","TheCity","TheBeyond","TheEnding"],"potions_floor_usage":[28,50,55,55,55,55,56],"damage_taken":[{"damage":3,"enemies":"2 Louse","floor":2,"turns":2},{"damage":0,"enemies":"Small Slimes","floor":3,"turns":4},{"damage":4,"enemies":"downfall:FleeingMerchant","floor":6,"turns":4},{"damage":0,"enemies":"Jaw Worm","floor":8,"turns":2},{"damage":3,"enemies":"Lagavulin","floor":10,"turns":5},{"damage":0,"enemies":"Blue Slaver","floor":11,"turns":3},{"damage":2,"enemies":"Exordium Thugs","floor":12,"turns":3},{"damage":4,"enemies":"2 Fungi Beasts","floor":13,"turns":4},{"damage":0,"enemies":"downfall:LooterAlt","floor":15,"turns":1},{"damage":36,"enemies":"IC_STATUS_ARCHETYPE","floor":16,"turns":5},{"damage":0,"enemies":"Spheric Guardian","floor":19,"turns":1},{"damage":6,"enemies":"Masked Bandits","floor":20,"turns":3},{"damage":0,"enemies":"Shell Parasite","floor":21,"turns":2},{"damage":2,"enemies":"Centurion and Healer","floor":22,"turns":4},{"damage":6,"enemies":"3 Cultists","floor":23,"turns":3},{"damage":6,"enemies":"Slavers","floor":25,"turns":3},{"damage":0,"enemies":"Snake Plant","floor":26,"turns":2},{"damage":3,"enemies":"Centurion and Healer","floor":27,"turns":3},{"damage":0,"enemies":"downfall:FleeingMerchant","floor":28,"turns":4},{"damage":0,"enemies":"Book of Stabbing","floor":31,"turns":3},{"damage":0,"enemies":"Cultist and Chosen","floor":32,"turns":3},{"damage":2,"enemies":"DF_ARCHETYPE_CLAW","floor":33,"turns":6},{"damage":0,"enemies":"3 Darklings","floor":36,"turns":1},{"damage":0,"enemies":"Orb Walker","floor":38,"turns":1},{"damage":25,"enemies":"Sphere and 2 Shapes","floor":39,"turns":4},{"damage":0,"enemies":"Maw","floor":40,"turns":4},{"damage":0,"enemies":"3 Darklings","floor":42,"turns":2},{"damage":0,"enemies":"Reptomancer","floor":46,"turns":1},{"damage":0,"enemies":"Nemesis","floor":48,"turns":1},{"damage":0,"enemies":"Spire Growth","floor":49,"turns":2},{"damage":0,"enemies":"WA_ARCHETYPE_DIVINITY","floor":50,"turns":3},{"damage":6,"enemies":"downfall:CharBossMerchant","floor":52,"turns":1},{"damage":0,"enemies":"downfall:NeowBoss","floor":55,"turns":4},{"damage":51,"enemies":"downfall:NeowBossFinal","floor":56,"turns":6}],"seed_played":"-2491464371258368732","potions_obtained":[{"floor":2,"key":"LiquidMemories"},{"floor":8,"key":"Slimebound:ThreeZeroPotion"},{"floor":15,"key":"BlessingOfTheForge"},{"floor":16,"key":"Explosive Potion"},{"floor":20,"key":"DuplicationPotion"},{"floor":31,"key":"FearPotion"},{"floor":32,"key":"Slimebound:ThreeZeroPotion"},{"floor":46,"key":"DuplicationPotion"},{"floor":52,"key":"SteroidPotion"}],"is_trial":false,"path_per_floor":["R","M","M","?","?","$","T","M","R","E","M","M","M","T","M","B",null,"R","M","?","M","M","M","T","E","M","M","$","?","R","E","M","B",null,"R","M","?","M","M","M","T","M","R","$","R","E","R","E","M","B",null,"E","$","R","B","B",null],"character_chosen":"SLIMEBOUND","items_purchased":["Chemical X","AT_SpeedBoots"],"campfire_rested":0,"item_purchase_floors":[53,53],"current_hp_per_floor":[65,64,65,65,62,65,65,65,65,62,65,65,65,65,65,37,65,65,65,63,65,65,65,65,65,65,65,65,65,65,65,65,65,65,65,65,65,65,42,50,50,56,66,66,66,72,72,74,75,75,75,75,75,75,75,26],"gold":98,"neow_bonus":"REMOVE_CARD","is_daily":false,"chose_seed":false,"campfire_upgraded":8,"win_rate":0.0,"timestamp":1614093430,"path_taken":["R","M","M","?","?","?","T","M","R","E","M","M","?","?","M","BOSS","R","M","?","M","M","M","T","E","M","M","$","?","R","E","M","BOSS","R","M","?","?","M","M","T","?","R","$","R","E","R","E","M","BOSS","E","$","R","BOSS","BOSS"],"items_purchased_type":["Relic","Relic"],"build_version":"2020-12-22","purchased_purges":4,"victory":true,"max_hp_per_floor":[65,65,65,65,65,65,65,65,65,65,65,65,65,65,65,65,65,65,65,65,65,65,65,65,65,65,65,65,65,65,65,65,65,65,65,65,65,65,65,65,65,65,75,75,75,75,75,75,75,75,75,75,75,75,75,75],"card_choices":[{"not_picked":["Slimebound:LivingWall","Slimebound:TongueLash"],"picked":"Slimebound:SpikyOuterGoop","floor":2},{"not_picked":["Slimebound:LevelUp","Slimebound:SlimeSpikes"],"picked":"Slimebound:LeechEnergy","floor":3},{"not_picked":["Slimebound:OneTwoCombo","Slimebound:GoopTackle"],"picked":"Slimebound:SplitMire","floor":6},{"not_picked":["Slimebound:Equalize","Slimebound:SplitLeeching","Slimebound:SplitBruiser"],"picked":"SKIP","floor":8},{"not_picked":["Slimebound:LeechEnergy","Slimebound:SlimeSpikes+1"],"picked":"Slimebound:LeadByExample","floor":10},{"not_picked":["Slimebound:DuplicatedForm","Slimebound:SlimeBrawl+1"],"picked":"Slimebound:ItLooksTasty","floor":11},{"not_picked":["Slimebound:SlimeBrawl+1","Slimebound:GoopTackle","Slimebound:FinishingTackle"],"picked":"SKIP","floor":12},{"not_picked":["Slimebound:Equalize","Slimebound:Prepare+1"],"picked":"Slimebound:HauntingLick+1","floor":13},{"not_picked":["Slimebound:BestDefense","Slimebound:RollThrough"],"picked":"Slimebound:ComboTackle","floor":15},{"not_picked":["Slimebound:SelfFormingGoo","Slimebound:WasteNot+1"],"picked":"Slimebound:Teamwork+1","floor":16},{"not_picked":["Slimebound:ForwardTackle","Slimebound:Prepare+1"],"picked":"Slimebound:LeechingTouch+1","floor":19},{"not_picked":["Slimebound:SpikyOuterGoop+1","Slimebound:LeechingTouch+1"],"picked":"Slimebound:Schlurp+1","floor":20},{"not_picked":["Slimebound:Schlurp+1","Slimebound:LeechingTouch","Slimebound:Grow+1"],"picked":"SKIP","floor":21},{"not_picked":["Slimebound:SplitAcid+1","Slimebound:Prepare+1"],"picked":"Slimebound:SplitMire+1","floor":22},{"not_picked":["Slimebound:ItLooksTasty+1","Slimebound:ForwardTackle"],"picked":"Slimebound:HauntingLick+1","floor":23},{"not_picked":["Slimebound:FinishingTackle","Slimebound:FormOfPuddle+1"],"picked":"Slimebound:GoopSpray+1","floor":25},{"not_picked":["Slimebound:RollThrough","Slimebound:LeechingTouch"],"picked":"Slimebound:OozeBath+1","floor":26},{"not_picked":["Slimebound:Prepare+1","Slimebound:RollThrough","Slimebound:SlimeSpikes+1"],"picked":"SKIP","floor":27},{"not_picked":["Slimebound:Dissolve+1","Slimebound:PressTheAttack"],"picked":"Slimebound:SamplingLick+1","floor":28},{"not_picked":["Slimebound:Replication+1","Slimebound:Repurpose+1","Slimebound:OozeBath+1"],"picked":"SKIP","floor":31},{"not_picked":["Slimebound:SplitAcid+1","Slimebound:ItLooksTasty"],"picked":"Slimebound:SlimeTap+1","floor":32},{"not_picked":["Slimebound:LeechLife","Slimebound:DuplicatedForm"],"picked":"Slimebound:DouseInSlime+1","floor":33},{"not_picked":["Slimebound:SplitLeeching+1","Slimebound:Dissolve+1"],"picked":"Slimebound:GoopSpray+1","floor":36},{"not_picked":["Slimebound:Schlurp+1","Slimebound:ItLooksTasty+1"],"picked":"Slimebound:RejuvenatingLick+1","floor":38},{"not_picked":["Slimebound:ComboTackle+1","Slimebound:Equalize","Slimebound:BestDefense"],"picked":"SKIP","floor":39},{"not_picked":["Slimebound:LeadByExample","Slimebound:GoopTackle+1"],"picked":"Slimebound:PressTheAttack","floor":40},{"not_picked":["Slimebound:GoopSpray+1","Slimebound:SlimeSpikes+1"],"picked":"Slimebound:HauntingLick+1","floor":42},{"not_picked":["Slimebound:PressTheAttack+1","Slimebound:RainOfGoop+1","Slimebound:SlimeTap+1"],"picked":"SKIP","floor":46},{"not_picked":["Slimebound:SlimeTap+1","Slimebound:LeadByExample+1","Slimebound:MassRepurpose+1"],"picked":"SKIP","floor":48},{"not_picked":["Slimebound:FinishingTackle+1","Slimebound:GoopSpray+1","Slimebound:SlimeSpikes+1"],"picked":"SKIP","floor":49},{"not_picked":["Slimebound:SlimeBarrage","Slimebound:Schlurp+1","Slimebound:PressTheAttack"],"picked":"SKIP","floor":52}],"player_experience":98428,"relics_obtained":[{"floor":7,"key":"Pantograph"},{"floor":10,"key":"Toxic Egg 2"},{"floor":14,"key":"AT_ImmortalShieldbow"},{"floor":20,"key":"Red Mask"},{"floor":24,"key":"AT_Kusabimaru"},{"floor":25,"key":"MawBank"},{"floor":31,"key":"Oddly Smooth Stone"},{"floor":46,"key":"Bottled Flame"},{"floor":48,"key":"Blood Vial"},{"floor":52,"key":"AT_ArchangelStaff"}],"event_choices":[{"damage_healed":0,"gold_gain":0,"player_choice":"Success","damage_taken":3,"relics_obtained":["AT_SilvercatRing"],"max_hp_gain":0,"max_hp_loss":0,"event_name":"Scrap Ooze","floor":5,"gold_loss":0},{"damage_healed":0,"gold_gain":0,"player_choice":"Fought Bandits","damage_taken":0,"max_hp_gain":0,"max_hp_loss":0,"event_name":"Masked Bandits","floor":20,"gold_loss":0},{"damage_healed":0,"gold_gain":0,"player_choice":"Ignored","damage_taken":0,"max_hp_gain":0,"max_hp_loss":0,"event_name":"Vampires","floor":29,"gold_loss":0}],"is_beta":false,"boss_relics":[{"not_picked":["OneHitWonderSystem","HereWithMe"],"picked":"PatriotShield"},{"not_picked":["Runic Dome","xbg"],"picked":"AT_TrinityForce"}],"items_purged_floors":[6,28,44,53],"is_endless":false,"potions_floor_spawned":[2,8,15,16,19,20,26,31,32,36,42,46,52],"ascension_level":0}}