{"host":"7wwmf5ihvdzput8s","time":1614094700,"event":{"mods":["BaseMod","Minty Spire (QoL Compilation)","Quick Restart","Replay The Spire","StSLib","UnlockEverythingMod"],"gold_per_floor":[118,118,129,53,53,81,107,138,163,3,3,49,49,89,89,169,169,192,28,228,241,62,62,62,91,118,118,141,178,216,252,252,346,346,375,375,87,113,113,148,174,13,13,64,116,165,24,58,58,76,102],"floor_reached":52,"language":"ZHS","playtime":734,"items_purged":["Dagger Throw","FlyingSleeves"],"score":3041,"play_id":"99eac6b6-c025-43a4-ab59-39069619b6ca","local_time":"20210223233820","daily_mods":["SealedDeck","Vintage","Green Cards","Purple Cards","Heirloom","Time Dilation","Flight","DeadlyEvents","Elite Swarm","Lethality","Night Terrors"],"is_ascension_mode":true,"campfire_choices":[{"data":"1","floor":15.0,"key":"LIFT"},{"data":"Crescendo","floor":23.0,"key":"SMITH"},{"data":"Sword Boomerang","floor":24.0,"key":"SMITH"},{"data":"Adrenaline","floor":27.0,"key":"SMITH"},{"data":"Flex","floor":32.0,"key":"SMITH"},{"data":"Ragnarok","floor":49,"key":"SMITH"}],"circlet_count":0,"master_deck":["AscendersBane","CrushJoints+1","Clash+1","FollowUp+1","FlurryOfBlows","Dagger Throw","Flex+1","Clash+1","Flex+1","Thunderclap","Adrenaline+1","Sword Boomerang+1","Crescendo+1","LessonLearned","Ragnarok+1","Adrenaline+1","Limit Break+1","Clash+1","Clash+1"],"relics":["Unceasing Top","Girya","Pen Nib","Replay:Rubber Ducky","Replay:Baseball","Chameleon Ring","Tiny Chest","Centennial Puzzle","Replay:Bandana","NeowsBlessing","Gambling Chip","Oddly Smooth Stone","Runic Dome","Replay:Mystery Machine","Brimstone","Vajra","Replay:WaspNest","Happy Flower","Pantograph","Ancient Tea Set","Red Mask","SacredBark","Replay:Bottled Eggs","Matryoshka","ReplayTheSpireMod:Shallot","Quantum Egg","Toxic Egg 2","Meat on the Bone","Orichalcum","DollysMirror","Replay:Bottled Flurry","Shuriken","Counterbalance","ReplayTheSpireMod:Lightbulb","Replay:Wax Seal","Frozen Egg 2"],"acts_visited":["Exordium","TheCity","TheBeyond"],"potions_floor_usage":[48,50],"damage_taken":[{"damage":0.0,"enemies":"Small Slimes","floor":1.0,"turns":1.0},{"damage":0.0,"enemies":"Cultist","floor":3.0,"turns":1.0},{"damage":0.0,"enemies":"Replay:BlueRogue","floor":6.0,"turns":1.0},{"damage":0.0,"enemies":"3 Sentries","floor":7.0,"turns":2.0},{"damage":0.0,"enemies":"Gremlin Nob","floor":8.0,"turns":1.0},{"damage":0.0,"enemies":"3 Sentries","floor":12.0,"turns":1.0},{"damage":0.0,"enemies":"Lagavulin","floor":14.0,"turns":1.0},{"damage":0.0,"enemies":"Fading Forest","floor":16.0,"turns":1.0},{"damage":0.0,"enemies":"3 Byrds","floor":18.0,"turns":1.0},{"damage":0.0,"enemies":"Spheric Guardian","floor":21.0,"turns":1.0},{"damage":0.0,"enemies":"3 Cultists","floor":25.0,"turns":2.0},{"damage":0.0,"enemies":"Gremlin Leader","floor":29.0,"turns":1.0},{"damage":0.0,"enemies":"Replay:Snechameleon","floor":30.0,"turns":1.0},{"damage":0.0,"enemies":"Masked Bandits","floor":31.0,"turns":1.0},{"damage":0.0,"enemies":"Champ","floor":33.0,"turns":1.0},{"damage":21.0,"enemies":"3 Shapes","floor":35.0,"turns":1.0},{"damage":0.0,"enemies":"Orb Walker","floor":38.0,"turns":1.0},{"damage":0.0,"enemies":"R_Hoarder","floor":40.0,"turns":1.0},{"damage":0,"enemies":"Spire Growth","floor":41,"turns":1},{"damage":0,"enemies":"Reptomancer","floor":44,"turns":1},{"damage":0,"enemies":"Giant Head","floor":46,"turns":1},{"damage":0,"enemies":"Transient","floor":48,"turns":1},{"damage":0,"enemies":"Donu and Deca","floor":50,"turns":1},{"damage":0,"enemies":"Awakened One","floor":51,"turns":2}],"seed_played":"-8420656149111993463","potions_obtained":[{"floor":2.0,"key":"DuplicationPotion"},{"floor":2.0,"key":"CultistPotion"},{"floor":7.0,"key":"Adrenaline Potion"},{"floor":12.0,"key":"Block Potion"},{"floor":30.0,"key":"AttackPotion"},{"floor":31.0,"key":"ColorlessPotion"},{"floor":33.0,"key":"Swift Potion"},{"floor":35.0,"key":"PowerPotion"},{"floor":46,"key":"Venom Potion"},{"floor":48,"key":"DistilledChaos"}],"is_trial":true,"path_per_floor":["M","?","M","$","?","E","E","E","T","$","WH","E","$","E","R","B",null,"M","$","?","M","$","R","R","M","T","R","T","E","E","?","R","B",null,"M","?","$","M","T","E","M","$","T","E","T","E","$","M","R","B","B",null],"character_chosen":"IRONCLAD","items_purchased":["Flex","Thunderclap","Replay:Bandana","Brimstone","Sword Boomerang","Crescendo","Matryoshka","DollysMirror","Clash"],"campfire_rested":0,"item_purchase_floors":[4,4,10,19,22,22,37,42,47],"current_hp_per_floor":[68,68,68,68,68,68,68,68,68,68,68,68,68,68,68,68,73,73,73,73,73,73,73,73,73,73,73,73,73,73,73,73,75,75,54,54,54,54,54,54,54,54,54,54,54,54,54,54,54,75,75],"gold":102,"neow_bonus":"THREE_ENEMY_KILL","is_daily":false,"chose_seed":false,"campfire_upgraded":5,"win_rate":0.0,"timestamp":1614094700,"path_taken":["M","?","?","?","?","E","E","E","T","$","WH","?","$","E","R","BOSS","M","$","?","?","$","R","R","M","T","R","?","E","?","?","R","BOSS","M","?","$","M","?","E","?","?","T","?","?","E","$","?","R","BOSS","BOSS"],"items_purchased_type":["Card","Card","Relic","Relic","Card","Card","Relic","Relic","Card"],"build_version":"2020-12-22","purchased_purges":2,"victory":true,"max_hp_per_floor":[75,75,75,75,75,75,75,75,75,75,75,75,75,75,75,75,75,75,75,75,75,75,75,75,75,75,75,75,75,75,75,75,75,75,75,75,75,75,75,75,75,75,75,75,75,75,75,75,75,75,75],"card_choices":[{"not_picked":["Wish","Grand Finale","Omniscience"],"picked":"SKIP","floor":6.0},{"not_picked":["DevaForm","ReplayTheSpireMod:Necrosis","MasterReality"],"picked":"SKIP","floor":7.0},{"not_picked":["Hemogenesis","Malaise","Brilliance"],"picked":"SKIP","floor":8.0},{"not_picked":["Burst","Replay:AllIn","DevaForm"],"picked":"SKIP","floor":12.0},{"not_picked":["Judgement","ReplayTheSpireMod:From All Sides","Barricade"],"picked":"SKIP","floor":14.0},{"not_picked":["Limit Break","Demon Form"],"picked":"Adrenaline","floor":16.0},{"not_picked":["A Thousand Cuts","Envenom","Bullet Time"],"picked":"SKIP","floor":29.0},{"not_picked":["Replay:Many Hands","Replay:Bag of Tricks"],"picked":"LessonLearned","floor":30.0},{"not_picked":["Storm of Steel","SpiritShield"],"picked":"Ragnarok","floor":33.0},{"not_picked":["Judgement+1","Omniscience+1","Replay:Bag of Tricks+1"],"picked":"SKIP","floor":40},{"not_picked":["Grand Finale","Double Tap+1"],"picked":"Limit Break+1","floor":44},{"not_picked":["Corpse Explosion+1","Reaper","Wish+1"],"picked":"SKIP","floor":46}],"player_experience":79549,"relics_obtained":[{"floor":1.0,"key":"Pen Nib"},{"floor":3.0,"key":"Replay:Rubber Ducky"},{"floor":6.0,"key":"Chameleon Ring"},{"floor":8.0,"key":"Tiny Chest"},{"floor":9.0,"key":"Centennial Puzzle"},{"floor":12.0,"key":"Gambling Chip"},{"floor":14.0,"key":"Oddly Smooth Stone"},{"floor":18.0,"key":"Replay:Mystery Machine"},{"floor":21.0,"key":"Vajra"},{"floor":25.0,"key":"Replay:WaspNest"},{"floor":28.0,"key":"Happy Flower"},{"floor":29.0,"key":"Pantograph"},{"floor":30.0,"key":"Ancient Tea Set"},{"floor":31.0,"key":"Red Mask"},{"floor":35.0,"key":"Replay:Bottled Eggs"},{"floor":38.0,"key":"ReplayTheSpireMod:Shallot"},{"floor":39.0,"key":"Quantum Egg"},{"floor":39.0,"key":"Toxic Egg 2"},{"floor":40,"key":"Meat on the Bone"},{"floor":41,"key":"Orichalcum"},{"floor":43,"key":"Replay:Bottled Flurry"},{"floor":43,"key":"Shuriken"},{"floor":44,"key":"Counterbalance"},{"floor":45,"key":"ReplayTheSpireMod:Lightbulb"},{"floor":46,"key":"Replay:Wax Seal"},{"floor":48,"key":"Frozen Egg 2"}],"event_choices":[{"damage_healed":0.0,"max_hp_gain":0.0,"max_hp_loss":0.0,"gold_gain":0.0,"event_name":"Lab","player_choice":"Got Potions","floor":2.0,"gold_loss":0.0,"damage_taken":0.0},{"cards_removed":["Consecrate"],"damage_healed":0.0,"max_hp_gain":0.0,"max_hp_loss":0.0,"gold_gain":0.0,"event_name":"WeMeetAgain","player_choice":"Gave Card","floor":5.0,"gold_loss":0.0,"damage_taken":0.0,"relics_obtained":["Replay:Baseball"]},{"damage_healed":0.0,"max_hp_gain":0.0,"max_hp_loss":0.0,"gold_gain":200.0,"event_name":"Wheel of Change","player_choice":"Gold","floor":20.0,"gold_loss":0.0,"damage_taken":0.0},{"damage_healed":0.0,"max_hp_gain":0.0,"max_hp_loss":0.0,"gold_gain":0.0,"event_name":"Masked Bandits","player_choice":"Fought Bandits","floor":31.0,"gold_loss":0.0,"damage_taken":0.0},{"damage_healed":0.0,"max_hp_gain":0.0,"max_hp_loss":0.0,"gold_gain":0.0,"event_name":"SensoryStone","player_choice":"Memory 1","floor":36.0,"gold_loss":0.0,"damage_taken":0.0}],"is_beta":false,"boss_relics":[{"not_picked":["Painkiller Herb","Replay:Drink Me"],"picked":"Runic Dome"},{"not_picked":["Velvet Choker","Empty Cage"],"picked":"SacredBark"}],"items_purged_floors":[22,47],"is_endless":false,"potions_floor_spawned":[6,7,8,12,29,30,31,33,35,38,46,48],"ascension_level":20}}