{"host":"gf5stwjue315gxui","time":1614049818,"event":{"mods":["BaseMod","Downfall","Minty Spire (QoL Compilation)","Replay The Spire","StSLib","The Cursed","The Necromancer","The Servant 0.9.4"],"gold_per_floor":[119,4,53,68,82,82,146,146,228,245,245,245],"floor_reached":11,"language":"ENG","playtime":1074,"items_purged":[],"score":63,"play_id":"0f493755-43e6-4e6f-a4de-283e0ac56696","local_time":"20210222191018","is_ascension_mode":false,"campfire_choices":[{"floor":8,"key":"REST"}],"circlet_count":0,"master_deck":["TheCursedMod:Strike_TheCursed","TheCursedMod:Strike_TheCursed","TheCursedMod:Strike_TheCursed","TheCursedMod:Strike_TheCursed","TheCursedMod:Defend_TheCursed","TheCursedMod:Defend_TheCursed","TheCursedMod:Defend_TheCursed","TheCursedMod:Defend_TheCursed","TheCursedMod:CursedWand","TheCursedMod:CleanUpWorkshop","TheCursedMod:Dregs","TheCursedMod:CursedBlade","TheCursedMod:TacticalStrike+1","TheCursedMod:SpitefulPlan","TheCursedMod:CursedBlade","TheCursedMod:CursedBoomerang","TheCursedMod:SurpriseAttack","TheCursedMod:SpitefulStrike","TheCursedMod:HellfireBreathing","TheCursedMod:CursedBlade"],"relics":["TheCursedMod:BlackMagic101","NeowsBlessing","Pantograph","Replay:Wax Seal","Eternal Feather"],"acts_visited":["Exordium"],"potions_floor_usage":[7,7,11],"damage_taken":[{"damage":0,"enemies":"Jaw Worm","floor":1,"turns":1},{"damage":0,"enemies":"Cultist","floor":4,"turns":1},{"damage":0,"enemies":"Small Slimes","floor":5,"turns":1},{"damage":44,"enemies":"Lagavulin Event","floor":7,"turns":7},{"damage":15,"enemies":"3 Louse","floor":10,"turns":2},{"damage":9,"enemies":"3 Sentries","floor":11,"turns":2}],"seed_played":"230917716463233658","potions_obtained":[{"floor":1,"key":"AttackPotion"},{"floor":5,"key":"Ancient Potion"},{"floor":10,"key":"ColorlessPotion"}],"is_trial":false,"path_per_floor":["M","$","?","M","M","T","?","R","T","M","E"],"character_chosen":"THE_CURSED","items_purchased":["TheCursedMod:TacticalStrike+1","TheCursedMod:SpitefulPlan"],"campfire_rested":1,"item_purchase_floors":[2,2],"current_hp_per_floor":[75,75,45,45,45,45,1,23,23,8,0,0],"gold":245,"neow_bonus":"THREE_ENEMY_KILL","is_daily":false,"chose_seed":false,"campfire_upgraded":0,"win_rate":0.0,"timestamp":1614049818,"path_taken":["M","$","?","?","M","?","?","R","T","M","E"],"items_purchased_type":["Card","Card"],"build_version":"2020-12-22","purchased_purges":0,"victory":false,"max_hp_per_floor":[75,75,75,75,75,75,75,75,75,75,75,75],"card_choices":[{"not_picked":["TheCursedMod:CircleOfFocus","TheCursedMod:CursedAmulet"],"picked":"TheCursedMod:CursedBlade","floor":1},{"not_picked":["TheCursedMod:PrepareRite","TheCursedMod:CircleOfFlame"],"picked":"TheCursedMod:CursedBlade","floor":3},{"not_picked":["TheCursedMod:CursedSpellbook","TheCursedMod:TacticalStrike"],"picked":"TheCursedMod:CursedBoomerang","floor":3},{"not_picked":["TheCursedMod:CircleOfAmplification","TheCursedMod:SpitefulPray"],"picked":"TheCursedMod:SurpriseAttack","floor":4},{"not_picked":["TheCursedMod:SpitefulPlan","TheCursedMod:CircleOfBlood"],"picked":"TheCursedMod:SpitefulStrike","floor":5},{"not_picked":["TheCursedMod:CursedMace","TheCursedMod:Stigma"],"picked":"TheCursedMod:HellfireBreathing","floor":7},{"not_picked":["TheCursedMod:TacticalStrike","TheCursedMod:CursedAmulet"],"picked":"TheCursedMod:CursedBlade","floor":10}],"player_experience":61762,"relics_obtained":[{"floor":3,"key":"Pantograph"},{"floor":7,"key":"Replay:Wax Seal"},{"floor":9,"key":"Eternal Feather"}],"event_choices":[{"damage_healed":0,"gold_gain":30,"player_choice":"Searched \u00272\u0027 times","damage_taken":0,"max_hp_gain":0,"max_hp_loss":0,"event_name":"Dead Adventurer","floor":7,"gold_loss":0}],"is_beta":false,"boss_relics":[],"items_purged_floors":[],"is_endless":false,"potions_floor_spawned":[1,5,10],"killed_by":"3 Sentries","ascension_level":0}}