{"host":"gzsdmyo07u314vug","time":1614078321,"event":{"mods":["2.2 Compatiblity","Astrologer","BaseMod","Colored Powertips","GifTheSpireLib","Gremlin Mod","Hermit","Jorbs\u0027s Wanderer Trilogy","Minty Spire (QoL Compilation)","Quick Restart","Rare Cards Sparkle","Relic Stats","Replay The Spire","Robot Space Explorer","Shop Mod","StSLib","The Bladedancer","The Bug Knight","The Construct","The Cursed","The Elementalist","The Hierophant","The IronCluck","The Marked","The Necromancer","The Runesmith","The Servant 0.9.4","Unceasing Turn Reminder","everything is the same but u backflip on backflip","slay the spire mod where everything is the same but ironclad has a cowboy hat"],"gold_per_floor":[118,128,147,161,86,86,151,151,178,208,208,208,208,228,228,330,330,345,372,471,471,487,519,519,538,538,538,564,583,313,328,328,425,425,439,661,661,389,403,428,428,478,502,514,528,578,32,48,48,48],"floor_reached":51,"language":"ENG","playtime":1719,"items_purged":["hierophant:Strike_Hierophant","hierophant:Strike_Hierophant","hierophant:Strike_Hierophant","hierophant:Defend_Hierophant"],"score":1000,"play_id":"a8c4732b-8b82-4618-98e4-3a0963d30ede","local_time":"20210223080521","is_ascension_mode":true,"campfire_choices":[{"data":"hierophant:ChurchCoffers","floor":6.0,"key":"SMITH"},{"data":"hierophant:Punish","floor":11.0,"key":"SMITH"},{"data":"hierophant:HolyVerse","floor":13.0,"key":"SMITH"},{"floor":15.0,"key":"REST"},{"data":"hierophant:DeathKnell","floor":24,"key":"SMITH"},{"data":"hierophant:Smite","floor":27,"key":"SMITH"},{"data":"hierophant:Shelter","floor":32,"key":"SMITH"},{"data":"Impatience","floor":41,"key":"SMITH"},{"data":"hierophant:Kindle","floor":49,"key":"SMITH"}],"circlet_count":0,"master_deck":["hierophant:Punish+1","hierophant:Defend_Hierophant","hierophant:Defend_Hierophant","hierophant:Defend_Hierophant","hierophant:ChurchCoffers+1","hierophant:PassingBell+1","hierophant:Zeal+1","hierophant:HolyVerse+1","hierophant:MorningPrayer","hierophant:Smite+1","hierophant:DeathKnell+1","hierophant:HolyVerse+1","hierophant:Encroach+1","hierophant:Shelter+1","hierophant:Kindle+1","Impatience+1"],"relics":["hierophant:PropheticMaskRelic","HollowMod:PaleOreRelic","PreservedInsect","Iron Hammer","ReplayTheSpireMod:DimensionalGlitch","Red Mask","FossilizedHelix","Replay:Accelerometer","ReplayFunnel","Guide Book","Sozu","Bag of Preparation","Pear","Blue Doll","Girya","HollowMod:JonisBlessing","Replay:Bottled Steam"],"acts_visited":["Exordium","TheCity","TheBeyond"],"potions_floor_usage":[16,25,33,33],"damage_taken":[{"damage":0.0,"enemies":"Cultist","floor":1.0,"turns":4.0},{"damage":0.0,"enemies":"Jaw Worm","floor":2.0,"turns":3.0},{"damage":7.0,"enemies":"Small Slimes","floor":3.0,"turns":3.0},{"damage":0.0,"enemies":"2 Fungi Beasts","floor":4.0,"turns":3.0},{"damage":38.0,"enemies":"Gremlin Nob","floor":7.0,"turns":5.0},{"damage":15.0,"enemies":"Lagavulin","floor":10.0,"turns":6.0},{"damage":0.0,"enemies":"Blue Slaver","floor":14.0,"turns":2.0},{"damage":12,"enemies":"The Guardian","floor":16,"turns":11},{"damage":0,"enemies":"3 Byrds","floor":18,"turns":1},{"damage":0,"enemies":"Masked Bandits","floor":19,"turns":1},{"damage":0,"enemies":"Shell Parasite","floor":22,"turns":1},{"damage":2,"enemies":"Gremlin Leader","floor":23,"turns":3},{"damage":0,"enemies":"Centurion and Healer","floor":25,"turns":3},{"damage":0,"enemies":"Slavers","floor":28,"turns":3},{"damage":0,"enemies":"Snake Plant","floor":29,"turns":2},{"damage":0,"enemies":"Snecko","floor":31,"turns":4},{"damage":0,"enemies":"Champ","floor":33,"turns":5},{"damage":0,"enemies":"3 Shapes","floor":35,"turns":2},{"damage":0,"enemies":"3 Darklings","floor":39,"turns":2},{"damage":0,"enemies":"Reptomancer","floor":40,"turns":3},{"damage":0,"enemies":"Sphere and 2 Shapes","floor":44,"turns":1},{"damage":0,"enemies":"Maw","floor":45,"turns":5},{"damage":0,"enemies":"Mind Bloom Boss Battle","floor":46,"turns":3},{"damage":0,"enemies":"3 Darklings","floor":48,"turns":1},{"damage":4,"enemies":"Awakened One","floor":50,"turns":4}],"seed_played":"-5065382489912144952","potions_obtained":[{"floor":4.0,"key":"SpeedPotion"},{"floor":10.0,"key":"AttackPotion"},{"floor":14.0,"key":"FearPotion"},{"floor":16,"key":"GamblersBrew"},{"floor":22,"key":"SteroidPotion"},{"floor":29,"key":"PowerPotion"}],"is_trial":false,"path_per_floor":["M","M","M","M","$","R","?","?","T","E","R","?","R","M","R","B",null,"M","?","?","?","M","E","R","M","T","R","E","M","$","M","R","B",null,"M","?","?","$","M","E","R","?","T","M","M","?","$","M","R","B",null],"character_chosen":"HIEROPHANT","items_purchased":["hierophant:Shelter","Guide Book","Bag of Preparation","HollowMod:JonisBlessing","Replay:Bottled Steam"],"campfire_rested":1,"item_purchase_floors":[30,30,38,47,47],"current_hp_per_floor":[75,75,68,68,68,68,30,30,30,15,15,15,15,15,37,25,63,63,63,63,63,63,61,61,61,61,61,61,61,61,61,61,61,72,72,72,72,72,72,82,82,82,82,82,82,82,82,82,82,78],"gold":48,"neow_bonus":"THREE_CARDS","is_daily":false,"chose_seed":false,"campfire_upgraded":8,"win_rate":0.0,"timestamp":1614078321,"path_taken":["M","?","M","M","$","R","?","?","T","E","R","?","R","M","R","BOSS","M","?","?","?","M","E","R","M","T","R","E","?","$","M","R","BOSS","M","?","?","$","M","E","R","?","T","M","M","?","$","M","R","BOSS"],"items_purchased_type":["Card","Relic","Relic","Relic","Relic"],"build_version":"2020-12-22","purchased_purges":4,"victory":true,"max_hp_per_floor":[75,75,75,75,75,75,75,75,75,75,75,75,75,75,75,75,75,75,75,75,75,75,75,75,75,75,75,75,75,75,75,75,75,75,75,75,75,75,75,85,85,85,85,85,85,85,85,85,85,85],"relic_stats":{"Sozu":4,"counters":[25,81],"PreservedInsect":168,"Bag of Preparation":[14],"obtain_stats":[{"ReplayFunnel":28,"Replay:Accelerometer":26,"Girya":46,"Pear":40,"hierophant:PropheticMaskRelic":0,"Guide Book":30,"HollowMod:JonisBlessing":47,"Blue Doll":43,"PreservedInsect":9,"Bag of Preparation":38,"Sozu":34,"Iron Hammer":10,"Red Mask":19,"HollowMod:PaleOreRelic":7,"ReplayTheSpireMod:DimensionalGlitch":17,"FossilizedHelix":23,"Replay:Bottled Steam":47},{"ReplayFunnel":14,"Replay:Accelerometer":13,"Girya":23,"Pear":20,"hierophant:PropheticMaskRelic":0,"Guide Book":15,"HollowMod:JonisBlessing":23,"Blue Doll":20,"PreservedInsect":5,"Bag of Preparation":18,"Sozu":17,"Iron Hammer":6,"Red Mask":10,"HollowMod:PaleOreRelic":5,"ReplayTheSpireMod:DimensionalGlitch":8,"FossilizedHelix":12,"Replay:Bottled Steam":23},{"ReplayFunnel":49,"Replay:Accelerometer":46,"Girya":76,"Pear":67,"hierophant:PropheticMaskRelic":0,"Guide Book":51,"HollowMod:JonisBlessing":76,"Blue Doll":67,"PreservedInsect":18,"Bag of Preparation":62,"Sozu":60,"Iron Hammer":24,"Red Mask":39,"HollowMod:PaleOreRelic":18,"ReplayTheSpireMod:DimensionalGlitch":37,"FossilizedHelix":43,"Replay:Bottled Steam":76}]},"card_choices":[{"not_picked":["hierophant:HammerAndAnvil","hierophant:Alms"],"picked":"hierophant:PassingBell","floor":0.0},{"not_picked":["hierophant:FlamingChariot","hierophant:Racketeering"],"picked":"hierophant:Zeal","floor":1.0},{"not_picked":["hierophant:PassingBell","hierophant:Doomsaying","hierophant:OrnateJavelin"],"picked":"SKIP","floor":2.0},{"not_picked":["hierophant:Exaltation","hierophant:Empathy","hierophant:Bribe"],"picked":"SKIP","floor":3.0},{"not_picked":["hierophant:AuricShield","hierophant:ArchangelShield"],"picked":"hierophant:HolyVerse","floor":4.0},{"not_picked":["hierophant:Doubloon","hierophant:DisplayOfPower"],"picked":"hierophant:MorningPrayer","floor":7.0},{"not_picked":["hierophant:Glossolalia","hierophant:PassingBell","hierophant:Sermon"],"picked":"SKIP","floor":10.0},{"not_picked":["hierophant:RepressedViolence","hierophant:FieryStrike"],"picked":"hierophant:Smite","floor":14.0},{"not_picked":["hierophant:MintersHammer","hierophant:Generosity"],"picked":"hierophant:DeathKnell","floor":16},{"not_picked":["hierophant:MorningPrayer","hierophant:ThreeLashes","hierophant:Smite"],"picked":"SKIP","floor":18},{"not_picked":["hierophant:ThreeLashes+1","hierophant:AuricBeam+1"],"picked":"hierophant:HolyVerse+1","floor":19},{"not_picked":["hierophant:MintersHammer","hierophant:Martyrdom"],"picked":"hierophant:Encroach+1","floor":22},{"not_picked":["hierophant:Sermon","hierophant:Racketeering","hierophant:Dazzle"],"picked":"SKIP","floor":23},{"not_picked":["hierophant:OrnateBuckler","hierophant:ThreeLashes","hierophant:RepressedViolence"],"picked":"SKIP","floor":25},{"not_picked":["hierophant:Bribe","hierophant:MirrorShield","hierophant:Chorus"],"picked":"SKIP","floor":28},{"not_picked":["hierophant:Remorse+1","hierophant:Encroach","hierophant:Blessing"],"picked":"SKIP","floor":29},{"not_picked":["hierophant:MorningPrayer","hierophant:SealAway+1","hierophant:ThreeLashes"],"picked":"SKIP","floor":31},{"not_picked":["hierophant:LocustPlague","hierophant:BulkyChest"],"picked":"hierophant:Kindle","floor":33},{"not_picked":["hierophant:Doubloon","hierophant:RustyCrate","hierophant:Encroach"],"picked":"SKIP","floor":35},{"not_picked":["ReplayTheSpireMod:Uncanny Aura","ReplayTheSpireMod:Necrogeddon"],"picked":"Impatience","floor":37},{"not_picked":["hierophant:Encroach+1","hierophant:FieryStrike","hierophant:MorningPrayer+1"],"picked":"SKIP","floor":39},{"not_picked":["hierophant:ThreeLashes","hierophant:BulkyChest","hierophant:Zeal"],"picked":"SKIP","floor":40},{"not_picked":["hierophant:HolyVerse+1","hierophant:Shelter+1","hierophant:Sermon"],"picked":"SKIP","floor":44},{"not_picked":["hierophant:OrnateBuckler","hierophant:AuricBeam","hierophant:TollTheBells+1"],"picked":"SKIP","floor":45},{"not_picked":["hierophant:FlamingChariot+1","hierophant:Doubloon","hierophant:HolyVerse+1"],"picked":"SKIP","floor":48}],"player_experience":953718,"relics_obtained":[{"floor":7.0,"key":"HollowMod:PaleOreRelic"},{"floor":9.0,"key":"PreservedInsect"},{"floor":10.0,"key":"Iron Hammer"},{"floor":19,"key":"Red Mask"},{"floor":23,"key":"FossilizedHelix"},{"floor":26,"key":"Replay:Accelerometer"},{"floor":28,"key":"ReplayFunnel"},{"floor":40,"key":"Pear"},{"floor":43,"key":"Blue Doll"},{"floor":46,"key":"Girya"}],"event_choices":[{"damage_healed":0.0,"max_hp_gain":0.0,"max_hp_loss":0.0,"gold_gain":30.0,"event_name":"Dead Adventurer","player_choice":"Searched \u00273\u0027 times","floor":7.0,"gold_loss":0.0,"damage_taken":0.0},{"damage_healed":0,"gold_gain":0,"player_choice":"Fought Bandits","damage_taken":0,"max_hp_gain":0,"max_hp_loss":0,"event_name":"Masked Bandits","floor":19,"gold_loss":0},{"damage_healed":0,"gold_gain":99,"player_choice":"Stole From Cult","damage_taken":0,"max_hp_gain":0,"max_hp_loss":0,"event_name":"Nest","floor":20,"gold_loss":0},{"cards_removed":["hierophant:Strike_Hierophant"],"damage_healed":0,"gold_gain":0,"player_choice":"Card Removal","damage_taken":0,"max_hp_gain":0,"max_hp_loss":0,"event_name":"Wheel of Change","floor":21,"gold_loss":0},{"damage_healed":0,"gold_gain":222,"player_choice":"Wore Mask","damage_taken":0,"max_hp_gain":0,"max_hp_loss":0,"event_name":"Tomb of Lord Red Mask","floor":36,"gold_loss":0},{"damage_healed":0,"gold_gain":0,"player_choice":"Memory 1","damage_taken":0,"max_hp_gain":0,"max_hp_loss":0,"event_name":"SensoryStone","floor":37,"gold_loss":0},{"damage_healed":0,"gold_gain":0,"player_choice":"Fight","damage_taken":0,"max_hp_gain":0,"max_hp_loss":0,"event_name":"MindBloom","floor":46,"gold_loss":0}],"is_beta":false,"boss_relics":[{"not_picked":["Cursed Key","Astrolabe"],"picked":"ReplayTheSpireMod:DimensionalGlitch"},{"not_picked":["Coffee Dripper","Runesmith:UraniumAnvil"],"picked":"Sozu"}],"items_purged_floors":[5,30,38,47],"is_endless":false,"potions_floor_spawned":[4,10,14,16,22,23,29,31,39,45,46,48],"ascension_level":5}}