{"host":"1lxw72ckkilnkgp7","time":1614089705,"event":{"mods":["ATMod(阿瑾Mod)","BaseMod","BetterRewards","Custom Start","Marisa（F雨　魔理沙）","Minty Spire (QoL Compilation)","Quick Restart","Replay The Spire","Shop Mod","StSLib","The Servant 0.9.4","[IsaacMod]以撒尖塔","[功能]功能增强和修复MOD"],"gold_per_floor":[111,126,137,147,167,192,192,219,219,249,267,278,306,316,316,732,732,745,745,780,790,790,790,790,790,790],"floor_reached":25,"language":"ZHS","playtime":1406,"items_purged":["Strike_R"],"score":809,"play_id":"661156f2-0342-4fdc-a269-c0cb54557b84","local_time":"20210223221505","is_ascension_mode":true,"campfire_choices":[{"data":"Armaments","floor":7.0,"key":"SMITH"},{"data":"Shockwave","floor":15.0,"key":"SMITH"},{"data":"AT_IchimonjiDouble","floor":23.0,"key":"SMITH"}],"circlet_count":0,"master_deck":["AscendersBane","Strike_R","Strike_R","Defend_R","Defend_R","Defend_R","Bash","SuicideKing","AT_ChampionStep","AT_ChampionStep","Master of Strategy","Armaments+1","Power Through","Demonic Infusion","Whirlwind","Shockwave+1","Feel No Pain","Impervious","Searing Blow","Shrug It Off","Immolate","Reaper","Exhume","AT_IchimonjiDouble+1","AT_GerminateFire","Reaper"],"relics":["Burning Blood","AT_ATBox","HushsDoor","Damocles","DollysMirror","FossilizedHelix","Pet Ghost","WingedGreaves","King of Hearts","Pear","Pen Nib","MoneyPower","PunchingBag","HowToJump","Replay:PocketPolymizer","Oddly Smooth Stone","Happy Flower","DeadEye","Paper Frog","AT_BladeRuinedKing","AT_RedTearstoneRing","InkBottle","Boot","TuHaoJin","AT_ArchangelStaff","TungstenRod","Vajra","Mark of Pain","TheBean","Red Mask","AT_DeathDance","Juzu Bracelet","Enchiridion"],"acts_visited":["Exordium","TheCity"],"potions_floor_usage":[],"damage_taken":[{"damage":0.0,"enemies":"Small Slimes","floor":1.0,"turns":2.0},{"damage":0.0,"enemies":"2 Louse","floor":2.0,"turns":2.0},{"damage":0.0,"enemies":"Cultist","floor":3.0,"turns":2.0},{"damage":0.0,"enemies":"Blue Slaver","floor":4.0,"turns":2.0},{"damage":0.0,"enemies":"Exordium Wildlife","floor":5.0,"turns":3.0},{"damage":14.0,"enemies":"Replay:BlueRogue","floor":6.0,"turns":6.0},{"damage":0.0,"enemies":"3 Sentries","floor":8.0,"turns":7.0},{"damage":1.0,"enemies":"Replay:BlueRogue","floor":10.0,"turns":8.0},{"damage":0.0,"enemies":"Looter","floor":11.0,"turns":3.0},{"damage":0.0,"enemies":"3 Louse","floor":12.0,"turns":3.0},{"damage":0.0,"enemies":"Gremlin Nob","floor":13.0,"turns":3.0},{"damage":0.0,"enemies":"Large Slime","floor":14.0,"turns":3.0},{"damage":0.0,"enemies":"Fading Forest","floor":16.0,"turns":11.0},{"damage":0.0,"enemies":"2 Thieves","floor":18.0,"turns":4.0},{"damage":0.0,"enemies":"Masked Bandits","floor":20.0,"turns":1.0},{"damage":2.0,"enemies":"Spheric Guardian","floor":21.0,"turns":7.0},{"damage":2,"enemies":"Slavers","floor":25,"turns":2}],"seed_played":"3811609073985439996","potions_obtained":[{"floor":1.0,"key":"Swift Potion"},{"floor":10.0,"key":"Flashbang"},{"floor":12.0,"key":"Fruit Juice"}],"is_trial":false,"path_per_floor":["M","M","M","M","M","E","R","E","T","E","M","M","E","M","R","B",null,"M","?","?","M","?","R","?","E"],"character_chosen":"IRONCLAD","items_purchased":["DollysMirror","FossilizedHelix","Pet Ghost","Master of Strategy","AttackPotion","BloodPotion"],"campfire_rested":0,"item_purchase_floors":[0,0,0,0,0,0],"current_hp_per_floor":[78,90,90,90,90,82,82,88,88,90,90,90,90,90,90,90,90,90,90,90,90,90,90,78,0,0],"gold":790,"neow_bonus":"","is_daily":false,"chose_seed":false,"campfire_upgraded":3,"win_rate":0.0,"timestamp":1614089705,"path_taken":["M","M","M","M","M","E","R","E","T","E","M","M","E","M","R","BOSS","M","?","?","M","?","R","?","E"],"items_purchased_type":["Relic","Relic","Relic","Card","Potion","Potion"],"build_version":"2020-12-22","purchased_purges":1,"victory":false,"max_hp_per_floor":[80,90,90,90,90,90,90,90,90,90,90,90,90,90,90,90,90,90,90,90,90,90,90,90,90,90],"card_choices":[{"not_picked":[],"picked":"SuicideKing","floor":0.0},{"not_picked":["Headbutt","Bomb"],"picked":"Armaments","floor":1.0},{"not_picked":["Sword Boomerang","AT_BodySlamDance","ReplayTheSpireMod:Strike From Hell"],"picked":"SKIP","floor":1.0},{"not_picked":["Intimidate","Headbutt"],"picked":"Power Through","floor":2.0},{"not_picked":["Entrench","Twin Strike"],"picked":"Demonic Infusion","floor":2.0},{"not_picked":["ReplayTheSpireMod:Strike From Hell","ReplayTheSpireMod:Corrosion Curse","Power Through"],"picked":"SKIP","floor":3.0},{"not_picked":["Twin Strike","Wild Strike","Iron Wave"],"picked":"SKIP","floor":3.0},{"not_picked":["Armaments","Clash"],"picked":"Whirlwind","floor":4.0},{"not_picked":["Clothesline","Headbutt","Run Through"],"picked":"SKIP","floor":4.0},{"not_picked":["Havoc","Sword Boomerang"],"picked":"Shockwave","floor":5.0},{"not_picked":["Entrench","Infernal Blade"],"picked":"Bomb","floor":5.0},{"not_picked":["Ghostly Armor","Pommel Strike"],"picked":"Feel No Pain","floor":6.0},{"not_picked":["AT_DrawKnifeCut","Headbutt"],"picked":"Impervious","floor":8.0},{"not_picked":["AT_IchimonjiDouble","ReplayTheSpireMod:Strike From Hell","Pummel"],"picked":"SKIP","floor":10.0},{"not_picked":["Sword Boomerang","Headbutt"],"picked":"Searing Blow","floor":11.0},{"not_picked":["Replay:Undeath\u0027s Touch","Blood for Blood","Havoc"],"picked":"SKIP","floor":11.0},{"not_picked":["Thunderclap","AT_IchimonjiDouble"],"picked":"Shrug It Off","floor":12.0},{"not_picked":["AT_DrawKnifeCut","Flex","Sentinel"],"picked":"SKIP","floor":12.0},{"not_picked":["Armaments","Iron Wave","Rupture"],"picked":"SKIP","floor":13.0},{"not_picked":["Sever Soul","Sword Boomerang","Warcry"],"picked":"SKIP","floor":14.0},{"not_picked":["Hemokinesis","Flex","Whirlwind"],"picked":"SKIP","floor":14.0},{"not_picked":["Bludgeon","Double Tap"],"picked":"Immolate","floor":16.0},{"not_picked":["Offering","Bludgeon"],"picked":"Reaper","floor":16.0},{"not_picked":["Demon Form","Immolate"],"picked":"Exhume","floor":16.0},{"not_picked":["AT_ManFootWork","Sentinel"],"picked":"AT_IchimonjiDouble","floor":18.0},{"not_picked":["Thunderclap","ReplayTheSpireMod:Strike From Hell","Sentinel"],"picked":"SKIP","floor":18.0},{"not_picked":["Heavy Blade","AT_IchimonjiDouble","Iron Wave"],"picked":"SKIP","floor":21.0},{"not_picked":["AT_IchimonjiDouble","Twin Strike","Replay:Many Hands"],"picked":"SKIP","floor":21.0}],"player_experience":164866,"relics_obtained":[{"floor":1.0,"key":"King of Hearts"},{"floor":2.0,"key":"Pear"},{"floor":3.0,"key":"Pen Nib"},{"floor":4.0,"key":"MoneyPower"},{"floor":5.0,"key":"PunchingBag"},{"floor":6.0,"key":"HowToJump"},{"floor":6.0,"key":"Replay:PocketPolymizer"},{"floor":8.0,"key":"Oddly Smooth Stone"},{"floor":8.0,"key":"Happy Flower"},{"floor":9.0,"key":"DeadEye"},{"floor":10.0,"key":"Paper Frog"},{"floor":10.0,"key":"AT_BladeRuinedKing"},{"floor":11.0,"key":"AT_RedTearstoneRing"},{"floor":12.0,"key":"InkBottle"},{"floor":13.0,"key":"Boot"},{"floor":13.0,"key":"TuHaoJin"},{"floor":14.0,"key":"AT_ArchangelStaff"},{"floor":16.0,"key":"TungstenRod"},{"floor":16.0,"key":"Vajra"},{"floor":18.0,"key":"TheBean"},{"floor":20.0,"key":"Red Mask"},{"floor":20.0,"key":"AT_DeathDance"},{"floor":21.0,"key":"Juzu Bracelet"},{"floor":24.0,"key":"Enchiridion"}],"event_choices":[{"damage_healed":0.0,"max_hp_gain":0.0,"max_hp_loss":0.0,"gold_gain":0.0,"cards_transformed":["Strike_R","Defend_R"],"event_name":"Drug Dealer","player_choice":"Became Test Subject","floor":19.0,"gold_loss":0.0,"damage_taken":0.0,"cards_obtained":["AT_GerminateFire","Reaper"]},{"damage_healed":0.0,"max_hp_gain":0.0,"max_hp_loss":0.0,"gold_gain":0.0,"event_name":"Masked Bandits","player_choice":"Fought Bandits","floor":20.0,"gold_loss":0.0,"damage_taken":0.0},{"damage_healed":0.0,"max_hp_gain":0.0,"max_hp_loss":0.0,"gold_gain":0.0,"event_name":"Cursed Tome","player_choice":"Obtained Book","floor":24.0,"gold_loss":0.0,"damage_taken":16.0}],"is_beta":false,"boss_relics":[{"not_picked":["Cursed Key","Fusion Hammer"],"picked":"Mark of Pain"},{"not_picked":[]}],"items_purged_floors":[0],"is_endless":false,"potions_floor_spawned":[1,1,4,4,5,6,10,10,11,11,12,12,14,16,16,18,20,21],"killed_by":"Slavers","ascension_level":13}}