{"host":"gsp4qlltb0c3ynci","time":1614054510,"event":{"mods":["2.2 Compatiblity","Abigail Mod","Ascension Reborn","BaseMod","Friendly Minions","Minty Spire (QoL Compilation)","Prisma Mod","Replay The Spire","Say the Spire","StSLib"],"gold_per_floor":[159,255,255,328,27,123,204,288,288,393,486,91,187,277,277,586,586,628,628,154,254,335,419,506,584,584,665,698,797,881,956,956,1259,1259,1313,1463,1463,449,2,98,158,248,248,350,428,479,2,86,86,86],"floor_reached":51,"language":"KOR","playtime":1846,"items_purged":["Strike_G+1","Strike_G+1","Pot Of Greed","Strike_G+1"],"score":1947,"play_id":"37f207b3-6a26-43d9-9371-7d59ed12addc","local_time":"20210223132830","daily_mods":["Vintage","Heirloom","Time Dilation","Flight","DeadlyEvents","Elite Swarm","Midas"],"is_ascension_mode":true,"campfire_choices":[{"data":"Strike_G+1","floor":15,"key":"PURGE"},{"data":"Dramatic Entrance","floor":49,"key":"PURGE"}],"circlet_count":0,"master_deck":["Defend_G+1","Defend_G+1","Defend_G+1","Defend_G+1","Defend_G+1","Survivor+1","Neutralize+1","Escape Plan+1","Flying Knee","Die Die Die+1","Phantasmal Killer+1","Venomology+1","Cloak And Dagger+1","Footwork","Adrenaline+1","Night Terror+1","Discovery+1","Terror+1","Pot Of Greed+1","Masterful Stab","After Image","Burst+1","Envenom+1","Accuracy","Enlightenment+1","Backstab","A Thousand Cuts"],"relics":["Ring of the Snake","Byrd Skull","Grinning Jar","Ice Cream","Pear","Darkstone Periapt","BargainBundle","Regal Pillow","Bird Faced Urn","Ninja Scroll","Peace Pipe","Toxic Egg 2","Replay:PocketPolymizer","Centennial Puzzle","TwistedFunnel","Anchor","Replay:Bottled Snecko","Pocketwatch","Ring of Chaos","Smiling Mask","Nilry\u0027s Codex","Membership Card","Replay:Rubber Ducky","Garlic","Lizard Tail","Question Card","Iron Hammer","Eternal Feather","The Courier","Prayer Wheel","Quantum Egg","CaptainsWheel","Ginger","Unceasing Top","SlaversCollar","Pantograph","Durian","Guide Book","Potion Belt","Bottled Lightning","Thread and Needle","Mummified Hand","The Specimen","Dead Branch","Happy Flower","Oddly Smooth Stone","Replay:Bottled Steam","Boot","Lantern","ReplayTheSpireMod:TigerMarble","Bag of Marbles","Toolbox","Ornamental Fan","Onion Ring","Replay:Baseball","Gambling Chip","Gremlin Horn","Girya","Divine Protection","War Paint","TheAbacus","Dream Catcher","Pet Ghost","Replay:Multitool","MealTicket","Blood Vial","Nunchaku","Strawberry"],"acts_visited":["Exordium","TheCity","TheBeyond"],"potions_floor_usage":[7,7,11,11,11,14,16,23,27,28,33,33,36,42,45,46,50,50,50,50,50,50],"damage_taken":[{"damage":0,"enemies":"Small Slimes","floor":1,"turns":3},{"damage":5,"enemies":"Gremlin Nob","floor":6,"turns":4},{"damage":2,"enemies":"Lagavulin","floor":7,"turns":4},{"damage":0,"enemies":"Replay:BlueRogue","floor":8,"turns":3},{"damage":0,"enemies":"Gremlin Nob","floor":10,"turns":2},{"damage":0,"enemies":"Replay:BlueRogue","floor":11,"turns":3},{"damage":0,"enemies":"Lagavulin","floor":13,"turns":2},{"damage":0,"enemies":"3 Sentries","floor":14,"turns":2},{"damage":0,"enemies":"Slime Boss","floor":16,"turns":8},{"damage":5,"enemies":"Spheric Guardian","floor":18,"turns":3},{"damage":0,"enemies":"Replay:Snechameleon","floor":22,"turns":2},{"damage":0,"enemies":"Gremlin Leader","floor":23,"turns":3},{"damage":0,"enemies":"Book of Stabbing","floor":24,"turns":3},{"damage":0,"enemies":"Gremlin Leader","floor":25,"turns":2},{"damage":0,"enemies":"Book of Stabbing","floor":27,"turns":3},{"damage":0,"enemies":"Chosen","floor":28,"turns":2},{"damage":0,"enemies":"Slavers","floor":29,"turns":3},{"damage":0,"enemies":"Gremlin Leader","floor":30,"turns":3},{"damage":0,"enemies":"Book of Stabbing","floor":31,"turns":3},{"damage":0,"enemies":"Automaton","floor":33,"turns":8},{"damage":0,"enemies":"Orb Walker","floor":35,"turns":3},{"damage":0,"enemies":"Mind Bloom Boss Battle","floor":36,"turns":4},{"damage":0,"enemies":"R_Hoarder","floor":40,"turns":3},{"damage":0,"enemies":"3 Darklings","floor":41,"turns":1},{"damage":0,"enemies":"Giant Head","floor":42,"turns":4},{"damage":0,"enemies":"Nemesis","floor":44,"turns":1},{"damage":0,"enemies":"R_Hoarder","floor":45,"turns":2},{"damage":0,"enemies":"4 Shapes","floor":46,"turns":1},{"damage":0,"enemies":"Nemesis","floor":48,"turns":1},{"damage":0,"enemies":"Donu and Deca","floor":50,"turns":1}],"seed_played":"-2568099582047763827","potions_obtained":[{"floor":1,"key":"DuplicationPotion"},{"floor":10,"key":"EntropicBrew"},{"floor":18,"key":"SkillPotion"},{"floor":31,"key":"GamblersBrew"},{"floor":36,"key":"Weak Potion"},{"floor":40,"key":"LifebloodPotion"},{"floor":46,"key":"Adrenaline Potion"}],"is_trial":true,"path_per_floor":["M","?","?","T","$","E","E","E","T","E","E","$","E","E","R","B",null,"M","?","$","?","E","E","E","E","T","E","M","E","E","E","R","B",null,"M","?","?","$","$","E","M","E","T","E","E","M","$","E","R","B",null],"character_chosen":"THE_SILENT","items_purchased":["BargainBundle","Regal Pillow","Adrenaline Potion","ColorlessPotion","Escape Plan","Dramatic Entrance","Flying Knee","TwistedFunnel","Anchor","Cloak And Dagger+1","Footwork","Membership Card","Replay:Rubber Ducky","Garlic","Terror+1","Masterful Stab","Guide Book","Potion Belt","Bottled Lightning","Thread and Needle","Mummified Hand","The Specimen","Dead Branch","Happy Flower","Oddly Smooth Stone","Replay:Bottled Steam","Boot","Lantern","Enlightenment+1","ReplayTheSpireMod:TigerMarble","Bag of Marbles","Toolbox","Ornamental Fan","Backstab","TheAbacus","Dream Catcher","Pet Ghost","Replay:Multitool","MealTicket","Blood Vial","Nunchaku"],"campfire_rested":0,"item_purchase_floors":[5,5,5,5,5,5,5,12,12,12,12,20,20,20,20,20,38,38,38,38,38,38,38,38,38,38,38,39,39,39,39,39,39,39,47,47,47,47,47,47,47],"current_hp_per_floor":[70,53,51,51,51,46,46,46,46,46,46,46,46,48,48,50,80,75,59,59,59,61,63,67,69,69,73,75,79,80,80,80,80,80,80,85,85,85,85,85,85,85,85,85,85,85,85,92,92,92],"gold":86,"neow_bonus":"","is_daily":false,"chose_seed":false,"campfire_upgraded":0,"win_rate":0.0,"timestamp":1614054510,"path_taken":["M","?","?","?","$","E","E","E","T","E","E","$","?","E","R","BOSS","M","?","$","?","?","E","E","E","T","E","?","E","?","E","R","BOSS","M","?","?","$","$","E","?","E","T","E","E","M","$","E","R","BOSS"],"items_purchased_type":["Relic","Relic","Potion","Potion","Card","Card","Card","Relic","Relic","Card","Card","Relic","Relic","Relic","Card","Card","Relic","Relic","Relic","Relic","Relic","Relic","Relic","Relic","Relic","Relic","Relic","Relic","Card","Relic","Relic","Relic","Relic","Card","Relic","Relic","Relic","Relic","Relic","Relic","Relic"],"build_version":"2020-12-22","purchased_purges":4,"victory":true,"max_hp_per_floor":[70,70,80,80,80,80,80,80,80,80,80,80,80,80,80,80,80,80,80,80,80,80,80,80,80,80,80,80,80,80,80,80,80,80,80,85,85,85,85,85,85,85,85,85,85,85,85,92,92,92],"card_choices":[{"not_picked":["Poison Darts","Doppelganger","Burst"],"picked":"SKIP","floor":6},{"not_picked":["Replay:Bag of Tricks","Phantasmal Killer","Bullet Time"],"picked":"SKIP","floor":7},{"not_picked":["Burst","Doppelganger"],"picked":"Die Die Die","floor":8},{"not_picked":["Tools of the Trade","Envenom"],"picked":"Phantasmal Killer+1","floor":10},{"not_picked":["Burst+1","Night Terror+1"],"picked":"Venomology+1","floor":11},{"not_picked":["Replay:Bag of Tricks+1","Doppelganger+1"],"picked":"Adrenaline+1","floor":13},{"not_picked":["Die Die Die","Grand Finale"],"picked":"Night Terror+1","floor":14},{"not_picked":["Phantasmal Killer+1","Tools of the Trade","Bullet Time+1"],"picked":"SKIP","floor":22},{"not_picked":["Venomology+1","Phantasmal Killer+1"],"picked":"After Image","floor":23},{"not_picked":["Replay:Bag of Tricks+1","ReplayTheSpireMod:Necrosis+1","After Image","Night Terror+1"],"picked":"SKIP","floor":24},{"not_picked":["Poison Darts+1","Night Terror+1","Bullet Time+1","Atom Bomb"],"picked":"SKIP","floor":25},{"not_picked":["Envenom","Tools of the Trade","Storm of Steel+1"],"picked":"Burst+1","floor":27},{"not_picked":["Adrenaline+1","Burst+1","Corpse Explosion+1"],"picked":"Envenom","floor":29},{"not_picked":["Unload","Adrenaline+1","Replay:Bag of Tricks+1","Storm of Steel+1"],"picked":"SKIP","floor":30},{"not_picked":["Venomology+1","Corpse Explosion+1","Wraith Form v2","Night Terror+1"],"picked":"SKIP","floor":31},{"not_picked":["Storm of Steel+1","Wraith Form v2","Replay:Bag of Tricks+1"],"picked":"A Thousand Cuts","floor":40},{"not_picked":["Phantasmal Killer+1","ReplayTheSpireMod:Necrosis+1","After Image","Poison Darts+1"],"picked":"SKIP","floor":42},{"not_picked":["Malaise+1","Wraith Form v2","Doppelganger+1","Glass Knife"],"picked":"SKIP","floor":44},{"not_picked":["Poison Darts+1","Burst+1","Storm of Steel+1","Venomology+1"],"picked":"SKIP","floor":45},{"not_picked":["ReplayTheSpireMod:From All Sides","Malaise+1","Poison Darts+1","Corpse Explosion+1"],"picked":"SKIP","floor":48}],"player_experience":512246,"relics_obtained":[{"floor":1,"key":"Grinning Jar"},{"floor":2,"key":"Ice Cream"},{"floor":4,"key":"Darkstone Periapt"},{"floor":6,"key":"Bird Faced Urn"},{"floor":7,"key":"Ninja Scroll"},{"floor":8,"key":"Peace Pipe"},{"floor":9,"key":"Toxic Egg 2"},{"floor":10,"key":"Replay:PocketPolymizer"},{"floor":11,"key":"Centennial Puzzle"},{"floor":13,"key":"Replay:Bottled Snecko"},{"floor":14,"key":"Pocketwatch"},{"floor":18,"key":"Smiling Mask"},{"floor":19,"key":"Nilry\u0027s Codex"},{"floor":22,"key":"Lizard Tail"},{"floor":23,"key":"Question Card"},{"floor":24,"key":"Iron Hammer"},{"floor":25,"key":"Eternal Feather"},{"floor":26,"key":"The Courier"},{"floor":27,"key":"Prayer Wheel"},{"floor":28,"key":"Quantum Egg"},{"floor":29,"key":"CaptainsWheel"},{"floor":30,"key":"Ginger"},{"floor":31,"key":"Unceasing Top"},{"floor":35,"key":"Pantograph"},{"floor":36,"key":"Durian"},{"floor":40,"key":"Onion Ring"},{"floor":41,"key":"Replay:Baseball"},{"floor":42,"key":"Gambling Chip"},{"floor":43,"key":"Gremlin Horn"},{"floor":44,"key":"Girya"},{"floor":45,"key":"Divine Protection"},{"floor":46,"key":"War Paint"},{"floor":48,"key":"Strawberry"}],"event_choices":[{"damage_healed":0,"gold_gain":0,"player_choice":"Success","damage_taken":12,"relics_obtained":["Pear"],"max_hp_gain":0,"max_hp_loss":0,"event_name":"Scrap Ooze","floor":3,"gold_loss":0},{"damage_healed":0,"gold_gain":0,"player_choice":"Obtained Book","damage_taken":16,"max_hp_gain":0,"max_hp_loss":0,"event_name":"Cursed Tome","floor":19,"gold_loss":0},{"damage_healed":0,"gold_gain":100,"player_choice":"Pray","damage_taken":0,"max_hp_gain":0,"max_hp_loss":0,"event_name":"Golden Shrine","floor":21,"gold_loss":0},{"damage_healed":0,"gold_gain":0,"player_choice":"Fight","damage_taken":0,"max_hp_gain":0,"max_hp_loss":0,"event_name":"MindBloom","floor":36,"gold_loss":0},{"damage_healed":0,"gold_gain":0,"player_choice":"Ignored","damage_taken":0,"max_hp_gain":0,"max_hp_loss":0,"event_name":"Tomb of Lord Red Mask","floor":37,"gold_loss":0}],"is_beta":false,"boss_relics":[{"not_picked":["ChewingGum","Snecko Heart"],"picked":"Ring of Chaos"},{"not_picked":["Ring of the Serpent","Replay:Bronze Core"],"picked":"SlaversCollar"}],"items_purged_floors":[5,20,38,39],"is_endless":false,"potions_floor_spawned":[1,10,18,25,27,29,31,36,40,46],"ascension_level":0}}