{"host":"4lch21uqe3ag08cj","time":1614044877,"event":{"mods":["AchievementEnabler","BaseMod","Block Reminder","Colored Map","Colored Powertips","Minty Spire (QoL Compilation)","Permanent Neow","Relic Stats"],"gold_per_floor":[116,126,51,71,71,100,113,140,190,201,201,226,226,239,239,341,341,358,376,128,145,162,162,192,192,247,247,247],"floor_reached":27,"language":"ENG","playtime":1240,"items_purged":["Defend_P","ForeignInfluence"],"score":332,"play_id":"0513a55b-31b9-436f-872c-0d56037afd48","local_time":"20210222224757","is_ascension_mode":true,"campfire_choices":[{"data":"Meditate","floor":13,"key":"SMITH"},{"data":"CutThroughFate","floor":15,"key":"SMITH"},{"data":"MentalFortress","floor":23,"key":"SMITH"},{"data":"ThirdEye","floor":25,"key":"SMITH"}],"circlet_count":0,"master_deck":["Strike_P","Strike_P","Strike_P","Eruption","Vigilance","CutThroughFate+1","InnerPeace","ThirdEye+1","Meditate+1","Tantrum","Vault","Fasting2+1","Protect+1","Prostrate+1","MentalFortress+1","Vengeance"],"relics":["Snecko Eye","Letter Opener","Question Card","Bag of Marbles","Orichalcum","Matryoshka","Astrolabe","Pen Nib","Tiny Chest","CeramicFish","Bronze Scales"],"acts_visited":["Exordium","TheCity"],"potions_floor_usage":[16,24],"damage_taken":[{"damage":0.0,"enemies":"Cultist","floor":1.0,"turns":2.0},{"damage":0.0,"enemies":"2 Louse","floor":2.0,"turns":1.0},{"damage":0.0,"enemies":"Small Slimes","floor":4.0,"turns":2.0},{"damage":12.0,"enemies":"3 Sentries","floor":6.0,"turns":4.0},{"damage":5.0,"enemies":"Exordium Wildlife","floor":7.0,"turns":2.0},{"damage":2.0,"enemies":"Gremlin Nob","floor":8.0,"turns":3.0},{"damage":0.0,"enemies":"Lots of Slimes","floor":10.0,"turns":2.0},{"damage":8,"enemies":"Lagavulin","floor":12,"turns":6},{"damage":0,"enemies":"Exordium Thugs","floor":14,"turns":2},{"damage":14,"enemies":"Hexaghost","floor":16,"turns":5},{"damage":0,"enemies":"2 Thieves","floor":18,"turns":2},{"damage":0,"enemies":"Shell Parasite","floor":19,"turns":3},{"damage":0,"enemies":"Cultist and Chosen","floor":21,"turns":3},{"damage":0,"enemies":"Snake Plant","floor":22,"turns":3},{"damage":18,"enemies":"Gremlin Leader","floor":24,"turns":5},{"damage":8,"enemies":"Shelled Parasite and Fungi","floor":27,"turns":4}],"seed_played":"-5661989434241705689","potions_obtained":[{"floor":2.0,"key":"ColorlessPotion"},{"floor":8.0,"key":"FearPotion"},{"floor":10.0,"key":"Block Potion"},{"floor":16,"key":"SteroidPotion"},{"floor":21,"key":"Weak Potion"},{"floor":24,"key":"Fire Potion"}],"is_trial":false,"path_per_floor":["M","M","$","M","?","E","M","E","T","M","?","E","R","M","R","B",null,"M","M","$","M","M","R","E","R","T","M"],"character_chosen":"WATCHER","items_purchased":["Pen Nib"],"campfire_rested":0,"item_purchase_floors":[20],"current_hp_per_floor":[65,65,65,65,65,53,48,46,46,46,43,35,35,35,35,21,59,59,59,59,59,59,59,41,41,41,33,33],"gold":247,"neow_bonus":"BOSS_RELIC","is_daily":false,"chose_seed":false,"campfire_upgraded":4,"win_rate":0.0,"timestamp":1614044877,"path_taken":["M","M","?","M","?","E","M","E","T","M","?","E","R","M","R","BOSS","M","M","$","M","M","R","E","R","T","M"],"items_purchased_type":["Relic"],"build_version":"2020-12-22","purchased_purges":2,"victory":false,"max_hp_per_floor":[72,72,72,72,72,72,72,72,72,72,72,72,72,72,72,72,72,72,72,72,72,72,72,72,72,72,72,72],"relic_stats":{"counters":[16,49],"Astrolabe":["Fasting2","Protect","Prostrate"],"CeramicFish":0,"Bronze Scales":[12],"Snecko Eye":[108,82,100,92],"Tiny Chest":0,"Pen Nib":[2],"Letter Opener":[70],"Orichalcum":[18],"Question Card":9,"obtain_stats":[{"Matryoshka":12,"Astrolabe":17,"CeramicFish":26,"Bronze Scales":26,"Snecko Eye":0,"Tiny Chest":24,"Pen Nib":20,"Bag of Marbles":9,"Letter Opener":6,"PureWater":0,"Orichalcum":11,"Question Card":8},{"Matryoshka":8,"Astrolabe":10,"CeramicFish":15,"Bronze Scales":15,"Snecko Eye":0,"Tiny Chest":15,"Pen Nib":12,"Bag of Marbles":6,"Letter Opener":4,"PureWater":0,"Orichalcum":7,"Question Card":6},{"Matryoshka":22,"Astrolabe":29,"CeramicFish":45,"Bronze Scales":45,"Snecko Eye":0,"Tiny Chest":45,"Pen Nib":34,"Bag of Marbles":14,"Letter Opener":9,"PureWater":0,"Orichalcum":16,"Question Card":14}]},"card_choices":[{"not_picked":["ThirdEye","Study","Consecrate"],"picked":"SKIP","floor":1.0},{"not_picked":["Nirvana","JustLucky"],"picked":"CutThroughFate","floor":2.0},{"not_picked":["Indignation","ClearTheMind"],"picked":"InnerPeace","floor":4.0},{"not_picked":["Establishment","EmptyBody","ClearTheMind"],"picked":"SKIP","floor":6.0},{"not_picked":["ThirdEye","FlyingSleeves","Weave"],"picked":"SKIP","floor":7.0},{"not_picked":["FlyingSleeves","Weave"],"picked":"ThirdEye","floor":7.0},{"not_picked":["Prostrate","Pray","BattleHymn"],"picked":"SKIP","floor":8.0},{"not_picked":["Conclude","Evaluate","Crescendo"],"picked":"Meditate","floor":10.0},{"not_picked":["Devotion","Crescendo","Wireheading"],"picked":"Tantrum","floor":12},{"not_picked":["PathToVictory","Halt","Crescendo","EmptyBody"],"picked":"SKIP","floor":14},{"not_picked":["ConjureBlade","Judgement","Wish"],"picked":"Vault","floor":16},{"not_picked":["ClearTheMind","Adaptation","Evaluate","Fasting2"],"picked":"SKIP","floor":18},{"not_picked":["Perseverance+1","FlyingSleeves+1","Protect"],"picked":"MentalFortress","floor":19},{"not_picked":["Conclude+1","FlurryOfBlows","WaveOfTheHand+1"],"picked":"Vengeance","floor":21},{"not_picked":["CrushJoints","Scrawl","Crescendo","FlurryOfBlows"],"picked":"SKIP","floor":22},{"not_picked":["BowlingBash","ThirdEye+1","Fasting2","Consecrate"],"picked":"SKIP","floor":24}],"player_experience":100867,"relics_obtained":[{"floor":6.0,"key":"Letter Opener"},{"floor":8.0,"key":"Question Card"},{"floor":9.0,"key":"Bag of Marbles"},{"floor":12,"key":"Matryoshka"},{"floor":24,"key":"Tiny Chest"},{"floor":26,"key":"CeramicFish"},{"floor":26,"key":"Bronze Scales"}],"event_choices":[{"damage_healed":0.0,"max_hp_gain":0.0,"max_hp_loss":0.0,"gold_gain":0.0,"cards_transformed":["Defend_P"],"event_name":"Living Wall","player_choice":"Change","floor":5.0,"gold_loss":0.0,"damage_taken":0.0,"cards_obtained":["ForeignInfluence"]},{"damage_healed":0.0,"max_hp_gain":0.0,"max_hp_loss":0.0,"gold_gain":0.0,"event_name":"Scrap Ooze","player_choice":"Success","floor":11.0,"gold_loss":0.0,"damage_taken":3.0,"relics_obtained":["Orichalcum"]}],"is_beta":false,"boss_relics":[{"not_picked":["Tiny House","SlaversCollar"],"picked":"Astrolabe"}],"items_purged_floors":[3,20],"is_endless":false,"potions_floor_spawned":[2,8,10,16,21,24],"killed_by":"Shelled Parasite and Fungi","ascension_level":6}}