{"host":"qx22gp6oc7p3276t","time":1614118165,"event":{"mods":["AchievementEnabler","BaseMod","Colored Map","Colored Powertips","Minty Spire (QoL Compilation)","Relic Sorter","StSLib","UnlockEverythingMod"],"gold_per_floor":[117,132,148,73,99,99,24,24,24,24,35,110,121,141,141,238,238,254,254,132,231,146,146,174,191,191,191,191,208,208,228,228,228,228],"floor_reached":33,"language":"ENG","playtime":1060,"items_purged":["Strike_R","Strike_R"],"score":281,"play_id":"f28eeeb0-0d6f-41fb-bdbf-6e5829ad078a","local_time":"20210223230925","is_ascension_mode":true,"campfire_choices":[{"data":"Searing Blow","floor":6,"key":"SMITH"},{"data":"Searing Blow+1","floor":8,"key":"SMITH"},{"data":"Searing Blow+2","floor":10,"key":"SMITH"},{"data":"Searing Blow+3","floor":15,"key":"SMITH"},{"data":"Searing Blow+4","floor":28,"key":"SMITH"},{"data":"Searing Blow+5","floor":30,"key":"SMITH"},{"data":"Searing Blow+6","floor":32,"key":"SMITH"}],"circlet_count":0,"master_deck":["Strike_R","Strike_R","Strike_R","Defend_R","Defend_R","Defend_R","Defend_R","Bash","Searing Blow+7","Thunderclap","Shockwave","Cleave","Pommel Strike","Double Tap","Shrug It Off","Necronomicurse","Headbutt"],"relics":["Burning Blood","Lantern","Sundial","Runic Dome","StoneCalendar","Necronomicon","Tiny Chest","Boot","Frozen Egg 2"],"acts_visited":["Exordium","TheCity"],"potions_floor_usage":[31],"damage_taken":[{"damage":1,"enemies":"Cultist","floor":1,"turns":3},{"damage":4,"enemies":"Jaw Worm","floor":2,"turns":5},{"damage":7,"enemies":"2 Louse","floor":3,"turns":3},{"damage":8,"enemies":"Large Slime","floor":11,"turns":5},{"damage":6,"enemies":"Looter","floor":13,"turns":2},{"damage":4,"enemies":"Blue Slaver","floor":14,"turns":3},{"damage":72,"enemies":"Hexaghost","floor":16,"turns":11},{"damage":0,"enemies":"Spheric Guardian","floor":18,"turns":1},{"damage":27,"enemies":"Slavers","floor":24,"turns":5},{"damage":6,"enemies":"3 Byrds","floor":25,"turns":5},{"damage":5,"enemies":"Cultist and Chosen","floor":29,"turns":4},{"damage":3,"enemies":"Snecko","floor":31,"turns":5},{"damage":45,"enemies":"Automaton","floor":33,"turns":4}],"seed_played":"-2586047626351614550","potions_obtained":[{"floor":1,"key":"SpeedPotion"},{"floor":3,"key":"HeartOfIron"},{"floor":13,"key":"Ancient Potion"},{"floor":16,"key":"Block Potion"},{"floor":31,"key":"SteroidPotion"}],"is_trial":false,"path_per_floor":["M","M","M","$","T","R","$","R","T","R","M","?","M","M","R","B",null,"M","?","$","?","?","?","E","M","T","T","R","M","R","M","R","B"],"character_chosen":"IRONCLAD","items_purchased":["Shockwave","Shrug It Off"],"campfire_rested":0,"item_purchase_floors":[7,20],"current_hp_per_floor":[88,88,87,87,87,87,87,87,87,87,85,74,74,76,76,10,88,88,71,71,71,71,55,34,34,34,34,34,35,35,38,38,0,0],"gold":228,"neow_bonus":"TEN_PERCENT_HP_BONUS","is_daily":false,"chose_seed":false,"campfire_upgraded":7,"win_rate":0.0,"timestamp":1614118165,"path_taken":["M","M","M","?","?","R","$","R","T","R","M","?","M","?","R","BOSS","M","?","$","?","?","?","E","M","T","?","R","M","R","M","R","BOSS"],"items_purchased_type":["Card","Card"],"build_version":"2020-12-22","purchased_purges":2,"victory":false,"max_hp_per_floor":[88,88,88,88,88,88,88,88,88,88,88,88,88,88,88,88,88,88,93,93,93,93,93,93,93,93,93,93,93,93,93,93,93,93],"card_choices":[{"not_picked":["Wild Strike","Reckless Charge"],"picked":"Searing Blow","floor":1},{"not_picked":["Searing Blow","Heavy Blade"],"picked":"Thunderclap","floor":2},{"not_picked":["Sentinel","Wild Strike","Burning Pact"],"picked":"SKIP","floor":3},{"not_picked":["Perfected Strike","Heavy Blade"],"picked":"Cleave","floor":11},{"not_picked":["Uppercut","Pummel","Limit Break"],"picked":"SKIP","floor":13},{"not_picked":["Heavy Blade","Burning Pact"],"picked":"Pommel Strike","floor":14},{"not_picked":["Reaper","Exhume"],"picked":"Double Tap","floor":16},{"not_picked":["True Grit","Intimidate","Pommel Strike"],"picked":"SKIP","floor":18},{"not_picked":["Reckless Charge","Twin Strike","Evolve"],"picked":"SKIP","floor":24},{"not_picked":["Entrench","Havoc","Dark Embrace"],"picked":"SKIP","floor":25},{"not_picked":["Perfected Strike","Cleave","Flex"],"picked":"SKIP","floor":29},{"not_picked":["Sever Soul","Pommel Strike"],"picked":"Headbutt","floor":31}],"player_experience":424288,"relics_obtained":[{"floor":5,"key":"Lantern"},{"floor":9,"key":"Sundial"},{"floor":23,"key":"Necronomicon"},{"floor":24,"key":"Tiny Chest"},{"floor":26,"key":"Boot"},{"floor":27,"key":"Frozen Egg 2"}],"event_choices":[{"damage_healed":0,"gold_gain":75,"player_choice":"Gather Gold","damage_taken":11,"max_hp_gain":0,"max_hp_loss":0,"event_name":"World of Goop","floor":12,"gold_loss":0},{"damage_healed":0,"gold_gain":0,"player_choice":"Shed Blood","damage_taken":22,"max_hp_gain":5,"max_hp_loss":0,"event_name":"Forgotten Altar","floor":19,"gold_loss":0},{"damage_healed":0,"gold_gain":99,"player_choice":"Stole From Cult","damage_taken":0,"max_hp_gain":0,"max_hp_loss":0,"event_name":"Nest","floor":21,"gold_loss":0},{"damage_healed":0,"gold_gain":0,"player_choice":"Obtained Relic","damage_taken":0,"relics_obtained":["StoneCalendar"],"max_hp_gain":0,"max_hp_loss":0,"event_name":"Addict","floor":22,"gold_loss":85},{"damage_healed":0,"gold_gain":0,"player_choice":"Obtained Book","damage_taken":16,"max_hp_gain":0,"max_hp_loss":0,"event_name":"Cursed Tome","floor":23,"gold_loss":0}],"is_beta":false,"boss_relics":[{"not_picked":["Runic Cube","Tiny House"],"picked":"Runic Dome"}],"items_purged_floors":[4,20],"is_endless":false,"potions_floor_spawned":[1,3,13,16,24,25,29,31],"killed_by":"Automaton","ascension_level":2}}