{"host":"7wi4qgm5yw4j7oz0","time":1614078839,"event":{"mods":["AchievementEnabler","BaseMod","Block Reminder","Colored Map","Colored Powertips","Highlight Path","Minty Spire (QoL Compilation)","Permanent Neow","Random Character Button","StSLib","SuperFastMode","everything is the same but u backflip on backflip"],"gold_per_floor":[118,135,135,149,167,167,1,19,69,79,108,126,126,156,156,156,156],"floor_reached":16,"language":"KOR","playtime":588,"items_purged":[],"score":250,"play_id":"8a4be386-c8b7-47d7-b10e-65661702012b","local_time":"20210223201359","is_ascension_mode":true,"campfire_choices":[{"data":"Bash","floor":6,"key":"SMITH"},{"data":"Limit Break","floor":13,"key":"SMITH"},{"floor":15,"key":"REST"}],"circlet_count":0,"master_deck":["AscendersBane","Strike_R","Strike_R","Strike_R","Strike_R","Strike_R","Defend_R","Defend_R","Defend_R","Defend_R","Bash+1","Limit Break+1","Dual Wield","Metallicize","Anger","Dropkick","Demon Form","Pummel","Burning Pact","Whirlwind","Warcry"],"relics":["Burning Blood","PreservedInsect","Akabeko","Paper Frog","Bag of Preparation"],"acts_visited":["Exordium"],"potions_floor_usage":[11,16],"damage_taken":[{"damage":10,"enemies":"2 Louse","floor":1,"turns":3},{"damage":19,"enemies":"Small Slimes","floor":2,"turns":5},{"damage":6,"enemies":"Cultist","floor":4,"turns":4},{"damage":7,"enemies":"2 Fungi Beasts","floor":5,"turns":4},{"damage":17,"enemies":"Exordium Thugs","floor":8,"turns":4},{"damage":11,"enemies":"Large Slime","floor":10,"turns":6},{"damage":0,"enemies":"Lagavulin","floor":11,"turns":4},{"damage":9,"enemies":"Looter","floor":12,"turns":3},{"damage":36,"enemies":"3 Sentries","floor":14,"turns":4},{"damage":41,"enemies":"Slime Boss","floor":16,"turns":7}],"seed_played":"342522062725019273","potions_obtained":[{"floor":2,"key":"Strength Potion"},{"floor":4,"key":"SkillPotion"},{"floor":11,"key":"Dexterity Potion"}],"is_trial":false,"path_per_floor":["M","M","?","M","M","R","$","M","T","M","E","M","R","E","R","B"],"character_chosen":"IRONCLAD","items_purchased":["PreservedInsect"],"campfire_rested":1,"item_purchase_floors":[7],"current_hp_per_floor":[64,51,56,56,55,55,55,44,44,39,45,42,42,12,36,0,0],"gold":156,"neow_bonus":"ONE_RANDOM_RARE_CARD","is_daily":false,"chose_seed":false,"campfire_upgraded":2,"win_rate":0.0,"timestamp":1614078839,"path_taken":["M","M","?","M","M","R","$","M","T","M","E","M","R","E","R","BOSS"],"items_purchased_type":["Relic"],"build_version":"2020-12-22","purchased_purges":0,"victory":false,"max_hp_per_floor":[75,75,80,80,80,80,80,80,80,80,80,80,80,80,80,80,80],"card_choices":[{"not_picked":["Clash","Combust"],"picked":"Dual Wield","floor":1},{"not_picked":["Wild Strike","Armaments"],"picked":"Metallicize","floor":2},{"not_picked":["Havoc","Iron Wave"],"picked":"Anger","floor":4},{"not_picked":["Flex","Shrug It Off"],"picked":"Dropkick","floor":5},{"not_picked":["Dual Wield","Perfected Strike"],"picked":"Demon Form","floor":8},{"not_picked":["Wild Strike","Body Slam"],"picked":"Pummel","floor":10},{"not_picked":["Body Slam","Thunderclap"],"picked":"Burning Pact","floor":11},{"not_picked":["Intimidate","Reckless Charge"],"picked":"Whirlwind","floor":12},{"not_picked":["Reckless Charge","Flex"],"picked":"Warcry","floor":14}],"player_experience":354339,"relics_obtained":[{"floor":9,"key":"Akabeko"},{"floor":11,"key":"Paper Frog"},{"floor":14,"key":"Bag of Preparation"}],"event_choices":[{"damage_healed":0,"gold_gain":0,"player_choice":"Donut","damage_taken":0,"max_hp_gain":5,"max_hp_loss":0,"event_name":"Big Fish","floor":3,"gold_loss":0}],"is_beta":false,"boss_relics":[],"items_purged_floors":[],"is_endless":false,"potions_floor_spawned":[2,4,5,8,11],"killed_by":"Slime Boss","ascension_level":16}}