{"host":"8oow7jh4agd4zemm","time":1614096800,"event":{"mods":["BaseMod","Colored Powertips","Ironclad Rager","Minty Spire (QoL Compilation)","Quick Restart","UnlockEverythingMod"],"gold_per_floor":[117,137,152,152,152,187,187,204,204,204,219,229,229,245,245,245,245],"floor_reached":16,"language":"ZHS","playtime":472,"items_purged":[],"score":208,"play_id":"45137fe8-1af4-40a8-aa1f-99aab8d41156","local_time":"20210224001320","is_ascension_mode":true,"campfire_choices":[{"floor":7,"key":"REST"},{"data":"Accuracy","floor":10,"key":"SMITH"},{"data":"Blade Dance","floor":15,"key":"SMITH"}],"circlet_count":0,"master_deck":["AscendersBane","Strike_G","Strike_G","Strike_G","Strike_G","Strike_G","Defend_G","Defend_G","Defend_G","Defend_G","Defend_G","Survivor","Neutralize","Backstab","Blade Dance+1","Accuracy+1","Cloak And Dagger"],"relics":["Ring of the Snake","NeowsBlessing","Gremlin Horn","Paper Crane","Golden Idol"],"acts_visited":["Exordium"],"potions_floor_usage":[6,8,16],"damage_taken":[{"damage":0,"enemies":"Cultist","floor":1,"turns":1},{"damage":0,"enemies":"Small Slimes","floor":2,"turns":1},{"damage":0,"enemies":"Jaw Worm","floor":3,"turns":1},{"damage":30,"enemies":"3 Sentries","floor":6,"turns":10},{"damage":0,"enemies":"Large Slime","floor":8,"turns":4},{"damage":1,"enemies":"Looter","floor":11,"turns":3},{"damage":5,"enemies":"Exordium Wildlife","floor":12,"turns":3},{"damage":11,"enemies":"Large Slime","floor":14,"turns":6},{"damage":35,"enemies":"Hexaghost","floor":16,"turns":9}],"seed_played":"-3124847177718758210","potions_obtained":[{"floor":1,"key":"Energy Potion"},{"floor":2,"key":"DistilledChaos"},{"floor":6,"key":"DuplicationPotion"},{"floor":12,"key":"Weak Potion"}],"is_trial":false,"path_per_floor":["M","M","M","?","?","E","R","M","T","R","M","M","?","M","R","B"],"character_chosen":"THE_SILENT","items_purchased":[],"campfire_rested":1,"item_purchase_floors":[],"current_hp_per_floor":[59,59,59,59,59,29,48,48,48,48,47,42,42,31,31,0,0],"gold":245,"neow_bonus":"THREE_ENEMY_KILL","is_daily":false,"chose_seed":false,"campfire_upgraded":2,"win_rate":0.0,"timestamp":1614096800,"path_taken":["M","?","M","?","?","E","R","M","T","R","M","M","?","M","R","BOSS"],"items_purchased_type":[],"build_version":"2020-12-22","purchased_purges":0,"victory":false,"max_hp_per_floor":[66,66,66,66,66,66,66,66,66,66,66,66,60,60,60,60,60],"card_choices":[{"not_picked":["Riddle With Holes","Reflex","Prepared"],"picked":"SKIP","floor":1},{"not_picked":["Flying Knee","Quick Slash"],"picked":"Backstab","floor":2},{"not_picked":["Crippling Poison","Distraction"],"picked":"Blade Dance","floor":3},{"not_picked":["Bane","Outmaneuver"],"picked":"Accuracy","floor":6},{"not_picked":["Acrobatics","PiercingWail","Envenom"],"picked":"SKIP","floor":8},{"not_picked":["Flying Knee","Flechettes"],"picked":"Cloak And Dagger","floor":11},{"not_picked":["Deadly Poison","Bouncing Flask","Slice"],"picked":"SKIP","floor":12},{"not_picked":["Poisoned Stab","Acrobatics","Bane"],"picked":"SKIP","floor":14}],"player_experience":88740,"relics_obtained":[{"floor":6,"key":"Paper Crane"}],"event_choices":[{"damage_healed":0,"gold_gain":0,"player_choice":"Box","damage_taken":0,"relics_obtained":["Gremlin Horn"],"max_hp_gain":0,"max_hp_loss":0,"event_name":"Big Fish","floor":4,"gold_loss":0,"cards_obtained":["Regret"]},{"cards_removed":["Regret"],"damage_healed":0,"gold_gain":0,"player_choice":"Forget","damage_taken":0,"max_hp_gain":0,"max_hp_loss":0,"event_name":"Living Wall","floor":5,"gold_loss":0},{"damage_healed":0,"gold_gain":0,"player_choice":"Lose Max HP","damage_taken":0,"relics_obtained":["Golden Idol"],"max_hp_gain":0,"max_hp_loss":6,"event_name":"Golden Idol","floor":13,"gold_loss":0}],"is_beta":false,"boss_relics":[],"items_purged_floors":[],"is_endless":false,"potions_floor_spawned":[1,2,6,12],"killed_by":"Hexaghost","ascension_level":20}}