{"host":"19r1ww88x2tc73i0","time":1614066506,"event":{"mods":["BaseMod","BetterRewards","Colored Map","Minty Spire (QoL Compilation)","Relic Stats","StSLib","SuperFastMode","slay the spire mod where everything is the same but ironclad has a cowboy hat"],"gold_per_floor":[99,99,99,17,17,17,17,17,17,17,17,17,17,17,17,17,17,17,17,17,17,17,17,17,17,17,17,17,17,17,17,17,17,17,17,17,17,17,0,0,0,0,0,0,0,0,0,0,0,0,0,0,0,0,0,0],"floor_reached":57,"language":"ENG","playtime":2226,"items_purged":["Strike_B"],"score":3949,"play_id":"dee14a7e-238a-4990-9732-ba0684c8656f","local_time":"25640223144826","is_ascension_mode":true,"campfire_choices":[{"floor":6.0,"key":"DIG"},{"floor":8.0,"key":"DIG"},{"floor":13.0,"key":"DIG"},{"floor":15.0,"key":"DIG"},{"floor":23.0,"key":"DIG"},{"floor":25.0,"key":"DIG"},{"floor":32,"key":"DIG"},{"floor":40,"key":"DIG"},{"floor":42,"key":"DIG"},{"floor":49,"key":"RECALL"},{"floor":53,"key":"DIG"}],"circlet_count":0,"master_deck":["AscendersBane","Strike_B+1","Strike_B+1","Strike_B+1","Defend_B+1","Defend_B+1","Defend_B+1","Defend_B+1","Zap","Dualcast","Capacitor","Hologram","Self Repair","Ball Lightning","Beam Cell","Tempest","Lockon","Defragment","Reinforced Body+1","Biased Cognition","Ball Lightning+1","Conserve Battery+1","Skim+1","Buffer","Compile Driver+1","Go for the Eyes+1","Echo Form","Double Energy+1","Beam Cell+1","Storm","Glacier+1","Electrodynamics","Static Discharge+1","Coolheaded+1","Defragment+1","Machine Learning+1","Thunder Strike+1"],"relics":["FrozenCore","Pen Nib","HornCleat","TungstenRod","Runic Capacitor","Shovel","Membership Card","Sundial","Incense Burner","ClockworkSouvenir","Anchor","Matryoshka","Dead Branch","Ectoplasm","Bag of Preparation","Thread and Needle","Akabeko","Bag of Marbles","Meat on the Bone","Toy Ornithopter","Toxic Egg 2","Centennial Puzzle","Sozu","Mummified Hand","Bottled Tornado","Tiny Chest","Molten Egg 2","Ornamental Fan","Oddly Smooth Stone","Ancient Tea Set","Nunchaku","Cables","Prayer Wheel","Red Mask","Omamori","Question Card","Girya","Calipers","Juzu Bracelet","Frozen Egg 2","Letter Opener","Blood Vial"],"acts_visited":["Exordium","TheCity","TheBeyond","TheEnding"],"potions_floor_usage":[],"damage_taken":[{"damage":0.0,"enemies":"Cultist","floor":1.0,"turns":3.0},{"damage":0.0,"enemies":"Jaw Worm","floor":2.0,"turns":3.0},{"damage":0.0,"enemies":"2 Louse","floor":3.0,"turns":2.0},{"damage":0.0,"enemies":"2 Fungi Beasts","floor":5.0,"turns":3.0},{"damage":11.0,"enemies":"3 Sentries","floor":7.0,"turns":5.0},{"damage":0.0,"enemies":"Lots of Slimes","floor":10.0,"turns":3.0},{"damage":0.0,"enemies":"Gremlin Nob","floor":11.0,"turns":2.0},{"damage":0.0,"enemies":"Looter","floor":14.0,"turns":1.0},{"damage":3.0,"enemies":"Slime Boss","floor":16.0,"turns":6.0},{"damage":1.0,"enemies":"Shell Parasite","floor":18.0,"turns":2.0},{"damage":0.0,"enemies":"Chosen","floor":20.0,"turns":3.0},{"damage":0.0,"enemies":"Snecko","floor":21.0,"turns":3.0},{"damage":4.0,"enemies":"Slavers","floor":24.0,"turns":3.0},{"damage":0.0,"enemies":"Book of Stabbing","floor":27.0,"turns":3.0},{"damage":0.0,"enemies":"Sentry and Sphere","floor":28.0,"turns":3.0},{"damage":20.0,"enemies":"Gremlin Leader","floor":29.0,"turns":3.0},{"damage":0,"enemies":"Centurion and Healer","floor":31,"turns":3},{"damage":0,"enemies":"Champ","floor":33,"turns":6},{"damage":0,"enemies":"Orb Walker","floor":35,"turns":3},{"damage":0,"enemies":"3 Darklings","floor":36,"turns":6},{"damage":0,"enemies":"Maw","floor":37,"turns":4},{"damage":0,"enemies":"Mind Bloom Boss Battle","floor":38,"turns":4},{"damage":0,"enemies":"Nemesis","floor":41,"turns":5},{"damage":0,"enemies":"Reptomancer","floor":44,"turns":5},{"damage":0,"enemies":"Nemesis","floor":46,"turns":5},{"damage":0,"enemies":"Writhing Mass","floor":47,"turns":4},{"damage":0,"enemies":"Jaw Worm Horde","floor":48,"turns":2},{"damage":0,"enemies":"Time Eater","floor":50,"turns":12},{"damage":13,"enemies":"Awakened One","floor":51,"turns":7},{"damage":0,"enemies":"Shield and Spear","floor":55,"turns":5},{"damage":3,"enemies":"The Heart","floor":56,"turns":11}],"seed_played":"-3268685186884664056","potions_obtained":[{"floor":3.0,"key":"FearPotion"},{"floor":5.0,"key":"EssenceOfSteel"},{"floor":10.0,"key":"Ancient Potion"}],"is_trial":false,"path_per_floor":["M","M","M","$","M","R","E","R","T","M","E","$","R","M","R","B",null,"M","T","M","M","?","R","E","R","T","E","M","E","?","M","R","B",null,"M","M","M","?","?","R","E","R","T","E","$","E","M","M","R","B","B",null,"R","$","E","B",null],"character_chosen":"DEFECT","items_purchased":["Pen Nib","HornCleat","TungstenRod","Runic Capacitor","Shovel","Membership Card","Sundial","Incense Burner","ClockworkSouvenir","Anchor","Matryoshka","Dead Branch","Capacitor","Bag of Preparation"],"campfire_rested":0,"item_purchase_floors":[0,0,0,0,0,0,0,0,0,0,0,0,0,4],"current_hp_per_floor":[64,64,71,71,71,71,67,67,67,71,71,71,71,71,71,71,71,70,70,70,71,71,71,71,71,71,71,71,58,58,58,58,65,70,70,71,71,71,71,71,71,71,71,71,71,71,71,71,71,71,65,70,70,70,71,71],"gold":0,"neow_bonus":"","is_daily":false,"chose_seed":false,"campfire_upgraded":0,"win_rate":0.0,"timestamp":1614066506,"path_taken":["M","M","M","$","M","R","E","R","T","M","E","$","R","M","R","BOSS","M","?","M","M","?","R","E","R","T","E","M","E","?","M","R","BOSS","M","M","M","?","?","R","E","R","T","E","$","E","M","M","R","BOSS","BOSS","R","$","E","BOSS"],"items_purchased_type":["Relic","Relic","Relic","Relic","Relic","Relic","Relic","Relic","Relic","Relic","Relic","Relic","Card","Relic"],"build_version":"2020-12-22","purchased_purges":1,"victory":true,"max_hp_per_floor":[71,71,71,71,71,71,71,71,71,71,71,71,71,71,71,71,71,71,71,71,71,71,71,71,71,71,71,71,71,71,71,71,71,71,71,71,71,71,71,71,71,71,71,71,71,71,71,71,71,71,71,71,71,71,71,71],"relic_stats":{"counters":[175,770],"Dead Branch":[84],"Pen Nib":[61],"Bag of Preparation":[56],"Juzu Bracelet":5,"Letter Opener":[280],"Question Card":29,"FrozenCore":[31],"Cables":[73,40,33,0,0],"Sozu":15,"Blood Vial":0,"Centennial Puzzle":[24],"Nunchaku":[35],"Shovel":10,"Sundial":[10],"Mummified Hand":[420],"Ornamental Fan":[116],"Tiny Chest":0,"Prayer Wheel":2,"Ectoplasm":892,"obtain_stats":[{"Ice Cream":0,"Calipers":31,"Gremlin Horn":28,"CeramicFish":24,"Vajra":14,"Runic Capacitor":0,"Bottled Tornado":19,"Boot":30,"FrozenCore":17,"Blood Vial":43,"Sozu":17,"Centennial Puzzle":0,"HornCleat":0,"Sundial":12,"DollysMirror":20,"MealTicket":40,"Philosopher\u0027s Stone":17,"Prayer Wheel":38,"Fusion Hammer":34,"Necronomicon":25,"HandDrill":44,"Toxic Egg 2":32,"Girya":42,"Happy Flower":0,"Astrolabe":17,"Dead Branch":7,"Oddly Smooth Stone":0,"Eternal Feather":47,"Pen Nib":0,"Letter Opener":48,"War Paint":44,"Question Card":7,"Akabeko":7,"Cables":0,"SlaversCollar":17,"Bottled Flame":42,"Shuriken":9,"Bronze Scales":45,"MutagenicStrength":21,"Molten Egg 2":24,"StrikeDummy":55,"Meat on the Bone":27,"Regal Pillow":31,"Lantern":3,"Singing Bowl":14,"SacredBark":34,"Enchiridion":24,"Mango":37,"Incense Burner":0,"Juzu Bracelet":13,"Bag of Preparation":55,"PrismaticShard":27,"Smiling Mask":9,"Ancient Tea Set":7,"ClockworkSouvenir":12,"Nunchaku":26,"Dream Catcher":40,"Shovel":0,"Matryoshka":12,"Mummified Hand":0,"Pantograph":0,"Gambling Chip":36,"Toolbox":0,"Tiny Chest":26,"WingedGreaves":6,"Red Mask":20,"Chemical X":4,"Cracked Core":0,"Potion Belt":14,"Lee\u0027s Waffle":0,"Inserter":34,"Golden Idol":2,"Thread and Needle":0,"PreservedInsect":0,"The Courier":10,"Omamori":26,"Frozen Egg 2":46,"White Beast Statue":0,"Mercury Hourglass":8,"Strange Spoon":37,"DataDisk":9,"Anchor":0,"Ornamental Fan":24,"Orrery":54,"Turnip":30,"Ectoplasm":0,"Coffee Dripper":34,"Art of War":54,"Bag of Marbles":43,"Membership Card":31,"Toy Ornithopter":5,"FossilizedHelix":0,"TungstenRod":0},{"Ice Cream":66,"Calipers":131,"Gremlin Horn":20,"CeramicFish":19,"Vajra":33,"Runic Capacitor":27,"Bottled Tornado":154,"Boot":21,"FrozenCore":15,"Blood Vial":84,"Sozu":125,"Centennial Puzzle":6,"HornCleat":47,"Sundial":32,"DollysMirror":102,"MealTicket":46,"Philosopher\u0027s Stone":100,"Prayer Wheel":166,"Fusion Hammer":106,"Necronomicon":103,"HandDrill":138,"Toxic Egg 2":78,"Girya":167,"Happy Flower":27,"Astrolabe":34,"Dead Branch":57,"Oddly Smooth Stone":6,"Eternal Feather":87,"Pen Nib":47,"Letter Opener":140,"War Paint":111,"Question Card":68,"Akabeko":149,"Cables":92,"SlaversCollar":72,"Bottled Flame":84,"Shuriken":30,"Bronze Scales":85,"MutagenicStrength":126,"Molten Egg 2":157,"StrikeDummy":116,"Meat on the Bone":75,"Regal Pillow":21,"Lantern":67,"Singing Bowl":71,"SacredBark":42,"Enchiridion":75,"Mango":135,"Incense Burner":27,"Juzu Bracelet":59,"Bag of Preparation":91,"PrismaticShard":38,"Smiling Mask":58,"Ancient Tea Set":97,"ClockworkSouvenir":58,"Nunchaku":128,"Dream Catcher":138,"Shovel":6,"Matryoshka":13,"Mummified Hand":51,"Pantograph":51,"Gambling Chip":134,"Toolbox":117,"Tiny Chest":19,"WingedGreaves":11,"Red Mask":74,"Chemical X":67,"Cracked Core":0,"Potion Belt":14,"Lee\u0027s Waffle":6,"Inserter":22,"Golden Idol":67,"Thread and Needle":27,"PreservedInsect":92,"The Courier":98,"Omamori":19,"Frozen Egg 2":169,"White Beast Statue":66,"Mercury Hourglass":13,"Strange Spoon":44,"DataDisk":13,"Anchor":47,"Ornamental Fan":103,"Orrery":90,"Turnip":77,"Ectoplasm":144,"Coffee Dripper":79,"Art of War":90,"Bag of Marbles":110,"Membership Card":21,"Toy Ornithopter":67,"FossilizedHelix":117,"TungstenRod":144},{"Ice Cream":294,"Calipers":560,"Gremlin Horn":92,"CeramicFish":87,"Vajra":156,"Runic Capacitor":137,"Bottled Tornado":670,"Boot":97,"FrozenCore":65,"Blood Vial":384,"Sozu":545,"Centennial Puzzle":22,"HornCleat":222,"Sundial":152,"DollysMirror":469,"MealTicket":220,"Philosopher\u0027s Stone":464,"Prayer Wheel":714,"Fusion Hammer":480,"Necronomicon":472,"HandDrill":589,"Toxic Egg 2":354,"Girya":719,"Happy Flower":137,"Astrolabe":164,"Dead Branch":254,"Oddly Smooth Stone":22,"Eternal Feather":402,"Pen Nib":222,"Letter Opener":602,"War Paint":497,"Question Card":301,"Akabeko":656,"Cables":438,"SlaversCollar":322,"Bottled Flame":384,"Shuriken":145,"Bronze Scales":391,"MutagenicStrength":548,"Molten Egg 2":679,"StrikeDummy":516,"Meat on the Bone":335,"Regal Pillow":97,"Lantern":297,"Singing Bowl":310,"SacredBark":194,"Enchiridion":335,"Mango":578,"Incense Burner":137,"Juzu Bracelet":261,"Bag of Preparation":431,"PrismaticShard":173,"Smiling Mask":256,"Ancient Tea Set":452,"ClockworkSouvenir":256,"Nunchaku":553,"Dream Catcher":589,"Shovel":22,"Matryoshka":53,"Mummified Hand":235,"Pantograph":235,"Gambling Chip":574,"Toolbox":519,"Tiny Chest":87,"WingedGreaves":43,"Red Mask":330,"Chemical X":297,"Cracked Core":0,"Potion Belt":57,"Lee\u0027s Waffle":22,"Inserter":105,"Golden Idol":297,"Thread and Needle":137,"PreservedInsect":438,"The Courier":454,"Omamori":87,"Frozen Egg 2":729,"White Beast Statue":294,"Mercury Hourglass":53,"Strange Spoon":202,"DataDisk":53,"Anchor":222,"Ornamental Fan":472,"Orrery":425,"Turnip":348,"Ectoplasm":640,"Coffee Dripper":363,"Art of War":425,"Bag of Marbles":494,"Membership Card":97,"Toy Ornithopter":297,"FossilizedHelix":519,"TungstenRod":640}],"TungstenRod":12,"Toy Ornithopter":0,"Meat on the Bone":0},"card_choices":[{"not_picked":["Go for the Eyes","Redo"],"picked":"Hologram","floor":1.0},{"not_picked":["Go for the Eyes","Leap"],"picked":"Self Repair","floor":2.0},{"not_picked":["Hologram","Multi-Cast"],"picked":"Ball Lightning","floor":3.0},{"not_picked":["Rebound","Barrage"],"picked":"Beam Cell","floor":5.0},{"not_picked":["Streamline","Stack"],"picked":"Tempest","floor":7.0},{"not_picked":["Ball Lightning","Rebound"],"picked":"Lockon","floor":10.0},{"not_picked":["Buffer","Ball Lightning"],"picked":"Defragment","floor":11.0},{"not_picked":["BootSequence+1","Ball Lightning"],"picked":"Reinforced Body+1","floor":14.0},{"not_picked":["Buffer","All For One"],"picked":"Biased Cognition","floor":16.0},{"not_picked":["BootSequence+1","Rip and Tear"],"picked":"Ball Lightning+1","floor":18.0},{"not_picked":["Streamline","Leap+1","Reinforced Body+1"],"picked":"SKIP","floor":20.0},{"not_picked":["Rebound","Ball Lightning"],"picked":"Conserve Battery+1","floor":21.0},{"not_picked":["Steam+1","Gash+1","Streamline+1"],"picked":"SKIP","floor":24.0},{"not_picked":["Redo+1","Melter+1"],"picked":"Buffer","floor":27.0},{"not_picked":["Redo+1","Stack+1"],"picked":"Compile Driver+1","floor":28.0},{"not_picked":["Blizzard+1","White Noise+1"],"picked":"Go for the Eyes+1","floor":29.0},{"not_picked":["Barrage+1","Chill+1","Stack+1"],"picked":"SKIP","floor":31},{"not_picked":["Creative AI","Multi-Cast+1"],"picked":"Echo Form","floor":33},{"not_picked":["Redo+1","Sweeping Beam+1"],"picked":"Double Energy+1","floor":35},{"not_picked":["Ball Lightning+1","Turbo+1","Gash+1"],"picked":"SKIP","floor":36},{"not_picked":["Steam+1","Sunder+1"],"picked":"Beam Cell+1","floor":37},{"not_picked":["Streamline+1","FTL+1"],"picked":"Storm","floor":38},{"not_picked":["Cold Snap+1","Hello World"],"picked":"Glacier+1","floor":41},{"not_picked":["Ball Lightning+1","Loop+1","Streamline+1"],"picked":"Electrodynamics","floor":44},{"not_picked":["Go for the Eyes+1","Stack+1","Turbo+1","Doom and Gloom+1"],"picked":"SKIP","floor":46},{"not_picked":["Beam Cell+1","Ball Lightning+1","Compile Driver+1"],"picked":"Static Discharge+1","floor":47},{"not_picked":["Steam+1","Chill+1","Conserve Battery+1"],"picked":"Coolheaded+1","floor":47},{"not_picked":["Cold Snap+1","Blizzard+1","Go for the Eyes+1"],"picked":"Defragment+1","floor":48},{"not_picked":["White Noise+1","Compile Driver+1","Sweeping Beam+1"],"picked":"Machine Learning+1","floor":48},{"not_picked":["Cold Snap+1","Tempest+1","Amplify+1"],"picked":"Thunder Strike+1","floor":55}],"player_experience":1153132,"relics_obtained":[{"floor":6.0,"key":"Thread and Needle"},{"floor":7.0,"key":"Akabeko"},{"floor":8.0,"key":"Bag of Marbles"},{"floor":9.0,"key":"Meat on the Bone"},{"floor":11.0,"key":"Toy Ornithopter"},{"floor":13.0,"key":"Toxic Egg 2"},{"floor":15.0,"key":"Centennial Puzzle"},{"floor":19.0,"key":"Mummified Hand"},{"floor":19.0,"key":"Bottled Tornado"},{"floor":23.0,"key":"Tiny Chest"},{"floor":24.0,"key":"Molten Egg 2"},{"floor":25.0,"key":"Ornamental Fan"},{"floor":26.0,"key":"Oddly Smooth Stone"},{"floor":27.0,"key":"Ancient Tea Set"},{"floor":29.0,"key":"Nunchaku"},{"floor":32,"key":"Cables"},{"floor":38,"key":"Prayer Wheel"},{"floor":40,"key":"Omamori"},{"floor":41,"key":"Question Card"},{"floor":42,"key":"Girya"},{"floor":43,"key":"Calipers"},{"floor":44,"key":"Juzu Bracelet"},{"floor":46,"key":"Frozen Egg 2"},{"floor":53,"key":"Letter Opener"},{"floor":55,"key":"Blood Vial"}],"event_choices":[{"damage_healed":0.0,"max_hp_gain":0.0,"max_hp_loss":0.0,"gold_gain":0.0,"event_name":"The Library","player_choice":"Read","floor":22.0,"gold_loss":0.0,"damage_taken":0.0,"cards_obtained":["Skim"]},{"damage_healed":0,"gold_gain":0,"player_choice":"Simplicity","damage_taken":0,"max_hp_gain":0,"max_hp_loss":0,"event_name":"Back to Basics","floor":30,"gold_loss":0,"cards_upgraded":["Strike_B","Strike_B","Strike_B","Defend_B","Defend_B","Defend_B","Defend_B"]},{"damage_healed":0,"gold_gain":0,"player_choice":"Fight","damage_taken":0,"max_hp_gain":0,"max_hp_loss":0,"event_name":"MindBloom","floor":38,"gold_loss":0},{"damage_healed":0,"gold_gain":0,"player_choice":"Paid","damage_taken":0,"relics_obtained":["Red Mask"],"max_hp_gain":0,"max_hp_loss":0,"event_name":"Tomb of Lord Red Mask","floor":39,"gold_loss":17}],"is_beta":false,"boss_relics":[{"not_picked":["Cursed Key","Runic Dome"],"picked":"Sozu"},{"not_picked":["Tiny House","Snecko Eye"],"picked":"FrozenCore"}],"items_purged_floors":[0],"is_endless":false,"potions_floor_spawned":[3,5,10,11,18,29,36,44,46,47],"ascension_level":20}}