{"host":"rn3kwqbcoeui7au7","time":1614063988,"event":{"mods":["BaseMod","Colored Powertips","Downfall","Minty Spire (QoL Compilation)","Relic Stats","Spicy Shops","StSLib"],"gold_per_floor":[99,110,110,128,38,38,108,128,146,146,160,170,70,103,118,219,219,19,29,44,61,61,61,86,103,103,37,53,38,54,66,81,179,179,179,197,34,51,63,63,63,63,63,74,74,103,114,133,149,149,149,149,149,149],"floor_reached":52,"language":"ZHS","playtime":4089,"items_purged":["champ:Strike"],"score":719,"play_id":"dd2de7d3-beba-4f09-bbf6-77853099ba4f","local_time":"20210223150628","is_ascension_mode":false,"campfire_choices":[{"floor":1.0,"key":"RECALL"},{"data":"champ:StanceDance","floor":13.0,"key":"SMITH"},{"data":"champ:StrikeOfGenius","floor":18.0,"key":"SMITH"},{"floor":26.0,"key":"REST"},{"data":"champ:Improvising","floor":35.0,"key":"SMITH"},{"floor":43.0,"key":"REST"},{"data":"champ:Taunt","floor":45.0,"key":"SMITH"}],"circlet_count":0,"master_deck":["champ:Strike","champ:Strike","champ:Strike","champ:Defend","champ:Defend","champ:Defend","champ:Execute","champ:Taunt+1","champ:FlashCut","champ:RisingSlash","champ:BringItOn","champ:DefensiveShout","champ:IronFortress","champ:StanceDance+1","champ:AdrenalArmor","champ:StrikeOfGenius+1","champ:LastStand","champ:SkillfulDodge","champ:Shatter","champ:CalledShot+1","champ:BerserkersShout+1","champ:FocusedBerserking+1","champ:Endure+1","champ:FalseCounter+1","champ:FocusedDefense","champ:LastStand","champ:Improvising+1","champ:StanceDance+1","champ:EnGarde+1","champ:GladiatorStyle","champ:PreciseThrust+1","Pain","champ:GutPunch+1","champ:ShieldThrow"],"relics":["champ:ChampionCrown","downfall:HeartBlessingRed","SlaversCollar","downfall:HeartBlessingGreen","downfall:HeartBlessingBlue","downfall:RedIOU","Regal Pillow","Busted Crown","Bottled Lightning","Sling","Pen Nib","WarpedTongs","War Paint","champ:DefensiveTrainingManual"],"acts_visited":["Exordium","TheCity","TheBeyond","TheEnding"],"potions_floor_usage":[],"damage_taken":[{"damage":12.0,"enemies":"Cultist","floor":2.0,"turns":4.0},{"damage":10.0,"enemies":"Small Slimes","floor":4.0,"turns":3.0},{"damage":20.0,"enemies":"downfall:FleeingMerchant","floor":5.0,"turns":4.0},{"damage":6.0,"enemies":"2 Louse","floor":8.0,"turns":2.0},{"damage":0.0,"enemies":"Red Slaver","floor":9.0,"turns":2.0},{"damage":22.0,"enemies":"Blue Slaver","floor":11.0,"turns":3.0},{"damage":9.0,"enemies":"2 Fungi Beasts","floor":12.0,"turns":2.0},{"damage":16.0,"enemies":"3 Sentries","floor":14.0,"turns":5.0},{"damage":10.0,"enemies":"Exordium Thugs","floor":15.0,"turns":3.0},{"damage":22.0,"enemies":"IC_STATUS_ARCHETYPE","floor":16.0,"turns":6.0},{"damage":2.0,"enemies":"Spheric Guardian","floor":19.0,"turns":4.0},{"damage":34.0,"enemies":"Shell Parasite","floor":20.0,"turns":4.0},{"damage":21.0,"enemies":"Centurion and Healer","floor":21.0,"turns":5.0},{"damage":19.0,"enemies":"Cultist and Chosen","floor":25.0,"turns":5.0},{"damage":30.0,"enemies":"downfall:FleeingMerchant","floor":27.0,"turns":4.0},{"damage":28.0,"enemies":"Snecko","floor":28.0,"turns":4.0},{"damage":58.0,"enemies":"downfall:FleeingMerchant","floor":29.0,"turns":4.0},{"damage":45.0,"enemies":"Centurion and Healer","floor":30.0,"turns":6.0},{"damage":41.0,"enemies":"Snake Plant","floor":31.0,"turns":4.0},{"damage":51.0,"enemies":"Sentry and Sphere","floor":32.0,"turns":7.0},{"damage":76.0,"enemies":"SI_MIRROR_ARCHETYPE","floor":33.0,"turns":8.0},{"damage":74.0,"enemies":"3 Shapes","floor":36.0,"turns":3.0},{"damage":25.0,"enemies":"downfall:FleeingMerchant","floor":37.0,"turns":3.0},{"damage":23.0,"enemies":"Orb Walker","floor":38.0,"turns":4.0},{"damage":40.0,"enemies":"4 Shapes","floor":39.0,"turns":8.0},{"damage":61.0,"enemies":"Maw","floor":44.0,"turns":7.0},{"damage":40.0,"enemies":"Nemesis","floor":46.0,"turns":5.0},{"damage":48.0,"enemies":"Sphere and 2 Shapes","floor":47.0,"turns":5.0},{"damage":73.0,"enemies":"3 Darklings","floor":48.0,"turns":6.0},{"damage":48.0,"enemies":"Spire Growth","floor":49.0,"turns":4.0},{"damage":50,"enemies":"WA_ARCHETYPE_DIVINITY","floor":50,"turns":7},{"damage":141,"enemies":"downfall:CharBossMerchant","floor":52,"turns":6}],"seed_played":"-5219586898433436173","potions_obtained":[{"floor":2.0,"key":"Dexterity Potion"},{"floor":9.0,"key":"Fire Potion"},{"floor":10.0,"key":"Fruit Juice"},{"floor":10.0,"key":"ColorlessPotion"},{"floor":12.0,"key":"SteroidPotion"},{"floor":21.0,"key":"Fire Potion"},{"floor":25.0,"key":"SkillPotion"},{"floor":30.0,"key":"AttackPotion"},{"floor":36.0,"key":"AttackPotion"},{"floor":39.0,"key":"champ:CounterPotion"},{"floor":46.0,"key":"champ:OpenerPotion"}],"is_trial":false,"path_per_floor":["R","M","?","M","$","?","T","M","M","?","M","M","R","E","M","B",null,"R","M","M","M","?","?","T","M","R","$","M","$","M","M","M","B",null,"R","M","$","M","M","?","T","$","R","M","R","E","M","M","M","B",null,"E"],"character_chosen":"THE_CHAMP","items_purchased":["Swift Potion","champ:GladiatorStyle","Bottled Lightning","Sling","Pen Nib"],"campfire_rested":2,"item_purchase_floors":[27,37,37,37,37],"current_hp_per_floor":[99,97,97,97,92,92,92,86,86,91,79,75,75,64,54,47,104,114,112,103,82,82,82,82,73,114,114,111,108,108,92,71,40,114,114,80,80,67,62,62,62,62,111,100,100,95,72,54,26,14,114,0,0,0],"gold":149,"neow_bonus":"TEN_PERCENT_HP_BONUS","is_daily":false,"chose_seed":false,"campfire_upgraded":4,"win_rate":0.0,"timestamp":1614063988,"path_taken":["R","M","?","?","$","?","T","M","M","?","M","?","R","E","M","BOSS","R","M","M","M","?","?","T","M","R","$","M","$","?","?","M","BOSS","R","M","$","M","M","?","T","$","R","M","R","E","M","M","M","BOSS","E"],"items_purchased_type":["Potion","Card","Relic","Relic","Relic"],"build_version":"2020-12-22","purchased_purges":1,"victory":false,"max_hp_per_floor":[99,99,99,99,99,99,99,99,99,104,104,104,104,104,104,104,104,114,114,114,114,114,114,114,114,114,114,114,114,114,114,114,114,114,114,114,114,114,114,114,114,114,114,114,114,114,114,114,114,114,114,114,114,114],"relic_stats":{"Regal Pillow":22,"Busted Crown":18,"counters":[32,147],"Pen Nib":[9],"War Paint":["champ:Endure","champ:CalledShot"],"obtain_stats":[{"Regal Pillow":24,"downfall:HeartBlessingRed":13,"champ:ChampionCrown":0,"downfall:HeartBlessingGreen":18,"Pen Nib":37,"War Paint":41,"Sling":37,"WarpedTongs":40,"SlaversCollar":17,"downfall:BrokenWingStatue":6,"Busted Crown":34,"Ornamental Fan":14,"downfall:HeartBlessingBlue":18,"champ:DefensiveTrainingManual":46,"downfall:RedIOU":23,"Bottled Lightning":37},{"Regal Pillow":13,"downfall:HeartBlessingRed":7,"champ:ChampionCrown":0,"downfall:HeartBlessingGreen":10,"Pen Nib":23,"War Paint":25,"Sling":23,"WarpedTongs":25,"SlaversCollar":10,"downfall:BrokenWingStatue":3,"Busted Crown":21,"Ornamental Fan":8,"downfall:HeartBlessingBlue":10,"champ:DefensiveTrainingManual":27,"downfall:RedIOU":13,"Bottled Lightning":23},{"Regal Pillow":47,"downfall:HeartBlessingRed":20,"champ:ChampionCrown":0,"downfall:HeartBlessingGreen":34,"Pen Nib":95,"War Paint":107,"Sling":95,"WarpedTongs":107,"SlaversCollar":34,"downfall:BrokenWingStatue":11,"Busted Crown":89,"Ornamental Fan":25,"downfall:HeartBlessingBlue":34,"champ:DefensiveTrainingManual":119,"downfall:RedIOU":47,"Bottled Lightning":95}],"WarpedTongs":[40]},"card_choices":[{"not_picked":["champ:RisingSlash","champ:TornadoPunch"],"picked":"champ:FlashCut","floor":2.0},{"not_picked":["champ:RecklessLeap","champ:EnGarde"],"picked":"champ:RisingSlash","floor":4.0},{"not_picked":["champ:BerserkersShout","champ:BladeFlurry"],"picked":"champ:BringItOn","floor":5.0},{"not_picked":["champ:SetATrap","champ:GladiatorForm"],"picked":"champ:DefensiveShout","floor":8.0},{"not_picked":["champ:BladeFlurry","champ:Endure"],"picked":"champ:IronFortress","floor":9.0},{"not_picked":["champ:PreemptiveStrike","champ:AdrenalArmor"],"picked":"champ:StanceDance","floor":11.0},{"not_picked":["champ:StanceDance","champ:FanOfKnives"],"picked":"champ:AdrenalArmor","floor":12.0},{"not_picked":["champ:Duel","champ:PreciseThrust"],"picked":"champ:StrikeOfGenius","floor":14.0},{"not_picked":["champ:FlashCut","champ:BerserkersShout","champ:AdrenalArmor"],"picked":"SKIP","floor":15.0},{"not_picked":["champ:CheapShot","champ:DancingMaster"],"picked":"champ:LastStand","floor":16.0},{"not_picked":["champ:FocusedDefense","champ:Haymaker+1"],"picked":"champ:SkillfulDodge","floor":19.0},{"not_picked":["champ:TornadoPunch","champ:PreciseThrust"],"picked":"champ:Shatter","floor":20.0},{"not_picked":["champ:Parry","champ:EnragedBash"],"picked":"champ:CalledShot","floor":21.0},{"not_picked":["champ:SkillfulDodge","champ:DeathBlow"],"picked":"champ:BerserkersShout+1","floor":25.0},{"not_picked":["champ:FaceSlap","champ:BladeFlurry"],"picked":"champ:FocusedBerserking+1","floor":27.0},{"not_picked":["champ:BringItOn","champ:CalledShot"],"picked":"champ:Endure","floor":28.0},{"not_picked":["champ:Shatter+1","champ:BringItOn"],"picked":"champ:FalseCounter+1","floor":29.0},{"not_picked":["champ:StanceDance","champ:PerfectedStrike"],"picked":"champ:FocusedDefense","floor":30.0},{"not_picked":["champ:GutPunch+1","champ:FanOfKnives","champ:PreciseThrust"],"picked":"SKIP","floor":31.0},{"not_picked":["champ:Parry+1","champ:EndlessRage"],"picked":"champ:LastStand","floor":32.0},{"not_picked":["champ:DancingMaster","champ:HeavySlash"],"picked":"champ:Improvising","floor":33.0},{"not_picked":[],"picked":"champ:StanceDance+1","floor":36.0},{"not_picked":[],"picked":"champ:EnGarde+1","floor":37.0},{"not_picked":["champ:DefensiveShout"],"picked":"SKIP","floor":38.0},{"not_picked":[],"picked":"champ:PreciseThrust+1","floor":39.0},{"not_picked":[],"picked":"champ:GutPunch+1","floor":44.0},{"not_picked":["champ:PerfectedStrike"],"picked":"SKIP","floor":46.0},{"not_picked":[],"picked":"champ:ShieldThrow","floor":47.0},{"not_picked":["champ:Haymaker"],"picked":"SKIP","floor":48.0},{"not_picked":["champ:DefensiveShout"],"picked":"SKIP","floor":49.0}],"player_experience":184216,"relics_obtained":[{"floor":14.0,"key":"Ornamental Fan"},{"floor":24.0,"key":"Regal Pillow"},{"floor":41.0,"key":"War Paint"},{"floor":46.0,"key":"champ:DefensiveTrainingManual"}],"event_choices":[{"cards_removed":["champ:Defend"],"damage_healed":0.0,"max_hp_gain":0.0,"max_hp_loss":0.0,"gold_gain":0.0,"event_name":"Bonfire Elementals","player_choice":"Offered Basic","floor":3.0,"gold_loss":0.0,"damage_taken":0.0},{"damage_healed":0.0,"max_hp_gain":0.0,"max_hp_loss":0.0,"gold_gain":0.0,"event_name":"Lab","player_choice":"Got Potions","floor":10.0,"gold_loss":0.0,"damage_taken":0.0},{"damage_healed":0.0,"max_hp_gain":0.0,"max_hp_loss":0.0,"gold_gain":0.0,"event_name":"Vampires","player_choice":"Ignored","floor":22.0,"gold_loss":0.0,"damage_taken":0.0},{"damage_healed":0.0,"max_hp_gain":0.0,"max_hp_loss":0.0,"gold_gain":0.0,"event_name":"Accursed Blacksmith","player_choice":"Rummage","floor":40.0,"gold_loss":0.0,"damage_taken":0.0,"relics_obtained":["WarpedTongs"],"cards_obtained":["Pain"]}],"is_beta":false,"boss_relics":[{"not_picked":["SacredBark","Fusion Hammer"],"picked":"SlaversCollar"},{"not_picked":["Runic Dome","Calling Bell"],"picked":"Busted Crown"}],"items_purged_floors":[5],"is_endless":false,"potions_floor_spawned":[2,9,11,12,21,25,30,31,36,39,46],"killed_by":"downfall:CharBossMerchant","ascension_level":0}}