{"host":"j0v7rhnuiltzkmi5","time":1614117759,"event":{"mods":["BaseMod","Minty Spire (QoL Compilation)","Replay The Spire","Shop Mod","StSLib"],"gold_per_floor":[119,135,58,58,70,103,103,103,103,115,115,127,127,144,144,241,241,251,34,70,128,128,128,145,186,210,210,210],"floor_reached":27,"language":"ENG","playtime":1599,"items_purged":[],"score":217,"play_id":"79c5c0b8-0c97-4f88-8711-0d64c3fa0464","local_time":"20210223160239","is_ascension_mode":false,"campfire_choices":[{"data":"Eruption","floor":13,"key":"SMITH"},{"data":"Crescendo","floor":15,"key":"SMITH"},{"data":"HandOfGreed","floor":23,"key":"SMITH"}],"circlet_count":0,"master_deck":["Strike_P","Strike_P","Strike_P","Strike_P","Defend_P","Defend_P","Defend_P","Defend_P","Eruption+1","Vigilance","Replay:ManipulateFuture","FollowUp","LikeWater","FlurryOfBlows","ThirdEye","Crescendo+1","LikeWater","CutThroughFate","Omniscience","CarveReality+1","HandOfGreed+1","SandsOfTime","Meditate","Replay:Anticipation+1"],"relics":["PureWater","Replay:Rubber Ducky","Question Card","Regal Pillow","Coffee Dripper","MerchantsRug","Replay:Wax Seal","MealTicket"],"acts_visited":["Exordium","TheCity"],"potions_floor_usage":[2,6,24],"damage_taken":[{"damage":0,"enemies":"2 Louse","floor":1,"turns":2},{"damage":0,"enemies":"Cultist","floor":2,"turns":4},{"damage":5,"enemies":"Small Slimes","floor":5,"turns":4},{"damage":31,"enemies":"3 Sentries","floor":6,"turns":7},{"damage":7,"enemies":"Blue Slaver","floor":10,"turns":4},{"damage":5,"enemies":"Exordium Wildlife","floor":12,"turns":5},{"damage":8,"enemies":"Red Slaver","floor":14,"turns":5},{"damage":3,"enemies":"Fading Forest","floor":16,"turns":11},{"damage":3,"enemies":"Shell Parasite","floor":18,"turns":9},{"damage":28,"enemies":"2 Thieves","floor":20,"turns":3},{"damage":27,"enemies":"3 Cultists","floor":21,"turns":4},{"damage":14,"enemies":"Centurion and Healer","floor":24,"turns":4},{"damage":0,"enemies":"Snecko","floor":25,"turns":6},{"damage":7,"enemies":"Sentry and Sphere","floor":27,"turns":3}],"seed_played":"330773968539005190","potions_obtained":[{"floor":1,"key":"SteroidPotion"},{"floor":5,"key":"Elixir"},{"floor":10,"key":"LiquidBronze"},{"floor":14,"key":"LiquidBronze"},{"floor":16,"key":"Venom Potion"},{"floor":21,"key":"DuplicationPotion"},{"floor":24,"key":"SpeedPotion"},{"floor":25,"key":"Toxic Potion"}],"is_trial":false,"path_per_floor":["M","M","$","?","M","E","?","?","T","M","?","M","R","M","R","B",null,"M","$","M","M","?","R","M","M","T","M"],"character_chosen":"WATCHER","items_purchased":["LikeWater","MerchantsRug","HandOfGreed"],"campfire_rested":0,"item_purchase_floors":[3,19,19],"current_hp_per_floor":[72,72,72,72,67,36,54,47,54,47,40,35,35,27,27,24,76,73,73,45,18,18,18,4,4,4,0,0],"gold":210,"neow_bonus":"RANDOM_COMMON_RELIC","is_daily":false,"chose_seed":false,"campfire_upgraded":3,"win_rate":0.0,"timestamp":1614117759,"path_taken":["M","M","$","?","?","E","?","?","T","M","?","?","R","M","R","BOSS","M","$","M","M","?","R","M","M","T","?"],"items_purchased_type":["Card","Relic","Card"],"build_version":"2020-12-22","purchased_purges":0,"victory":false,"max_hp_per_floor":[72,72,72,72,72,72,72,69,76,76,76,76,76,76,76,76,76,76,76,76,76,76,76,76,76,76,76,76],"card_choices":[{"not_picked":["DeceiveReality","WheelKick"],"picked":"Replay:ManipulateFuture","floor":1},{"not_picked":["Evaluate","JustLucky"],"picked":"FollowUp","floor":2},{"not_picked":["Replay:AtTheReady","Meditate"],"picked":"FlurryOfBlows","floor":5},{"not_picked":["Replay:ManipulateFuture","Vengeance"],"picked":"ThirdEye","floor":6},{"not_picked":["Vengeance","Prostrate","Protect"],"picked":"Crescendo","floor":10},{"not_picked":["WindmillStrike","ConjureBlade","BowlingBash"],"picked":"LikeWater","floor":12},{"not_picked":["Pray","BowlingBash","JustLucky"],"picked":"CutThroughFate","floor":14},{"not_picked":["MasterReality","Ragnarok","Blasphemy"],"picked":"Omniscience","floor":16},{"not_picked":["SashWhip","ThirdEye","Replay:BluntJabs"],"picked":"CarveReality+1","floor":18},{"not_picked":["Indignation","Fasting2","Replay:BluntJabs+1"],"picked":"JustLucky","floor":20},{"not_picked":["Swivel","Prostrate","FlyingSleeves"],"picked":"SandsOfTime","floor":21},{"not_picked":["CutThroughFate","Replay:ManipulateFuture+1","Replay:AtTheReady"],"picked":"Meditate","floor":24},{"not_picked":["Protect","Weave","Halt"],"picked":"Replay:Anticipation+1","floor":25}],"player_experience":839766,"relics_obtained":[{"floor":6,"key":"Question Card"},{"floor":9,"key":"Strawberry"},{"floor":26,"key":"MealTicket"}],"event_choices":[{"damage_healed":0,"gold_gain":0,"player_choice":"Bought 0 Potions","damage_taken":0,"max_hp_gain":0,"max_hp_loss":0,"event_name":"The Woman in Blue","floor":4,"gold_loss":0},{"damage_healed":18,"gold_gain":0,"player_choice":"Healed and dodged fight","damage_taken":0,"max_hp_gain":0,"max_hp_loss":0,"event_name":"Mushrooms","floor":7,"gold_loss":0,"cards_obtained":["Parasite"]},{"cards_removed":["Parasite"],"damage_healed":0,"gold_gain":0,"player_choice":"Card Removal","damage_taken":7,"max_hp_gain":0,"max_hp_loss":0,"event_name":"Golden Wing","floor":8,"gold_loss":0},{"damage_healed":0,"gold_gain":0,"player_choice":"Success","damage_taken":7,"relics_obtained":["Regal Pillow"],"max_hp_gain":0,"max_hp_loss":0,"event_name":"Scrap Ooze","floor":11,"gold_loss":0},{"cards_removed":["JustLucky"],"damage_healed":0,"gold_gain":0,"player_choice":"Gave Card","damage_taken":0,"relics_obtained":["Replay:Wax Seal"],"max_hp_gain":0,"max_hp_loss":0,"event_name":"WeMeetAgain","floor":22,"gold_loss":0}],"is_beta":false,"boss_relics":[{"not_picked":["Ectoplasm","Snecko Eye"],"picked":"Coffee Dripper"}],"items_purged_floors":[],"is_endless":false,"potions_floor_spawned":[1,5,10,14,16,21,24,25],"killed_by":"Sentry and Sphere","ascension_level":0}}