{"host":"7vlopc64487frs6y","time":1614084579,"event":{"mods":["Aspiration","BaseMod","BetterRewards","Colored Map","Decade(Õı–°√˜)","Downfall","Good Game Mod","Highlight Path","Minty Spire (QoL Compilation)","Quick Restart","Reimu£®≤©¿ˆ¡È√Œ£©","Remilia£®¿Ÿ√◊¿Ú—«£©","Replay The Spire","Shop Mod","StSLib","TestMod","Unceasing Turn Reminder","Youmu£®ªÍ∆«—˝√Œ£©"],"gold_per_floor":[118,118,134,146,163,208,208,245,245,266,266,286,327,327,327,445,445,472,707,733,67,117,164,164,190,190,635,635,667,695,758,758,883,883,903,903,903,903,508,590,621,621,699,754,754,792,850,882,882,909,956,956,956,208,269,368],"floor_reached":57,"language":"ZHS","playtime":3514,"items_purged":["Strike_B","Defend_B"],"score":3675,"play_id":"62b62f68-ecd1-4aed-a912-fb3631c79016","local_time":"20210223204939","is_ascension_mode":true,"campfire_choices":[{"data":"Coolheaded","floor":7,"key":"SMITH"},{"data":"Heatsinks","floor":11,"key":"SMITH"},{"data":"Masterful Stab","floor":15,"key":"SMITH"},{"data":"Rainbow","floor":24,"key":"SMITH"},{"data":"Recycle","floor":28,"key":"SMITH"},{"data":"Burning Pact","floor":32,"key":"SMITH"},{"data":"Defend_B","floor":45,"key":"PURGE"},{"floor":49,"key":"RECALL"},{"data":"Strike_B","floor":53,"key":"PURGE"}],"circlet_count":0,"master_deck":["AscendersBane","Defend_B","Zap","Dualcast","CardOfSanctity:ReiMu","Go for the Eyes","Backstab","Venomology","Masterful Stab+1","Beam Cell","Go for the Eyes","Coolheaded+1","Compile Driver","Heatsinks+1","Intimidate","Rampage","Burning Pact+1","Rainbow+1","Loop","Skim","Recycle+1","Flame Barrier","Beam Cell","Thunder Strike","Bludgeon","Coolheaded+1","Thinking Ahead","Turbo+1","Inflame"],"relics":["Cracked Core","testmod-TestBox","REME:ComplimentaryCards","testmod-DeterminationOfClimber","NeowsBlessing","Blue Candle","Ice Cream","Ancient Tea Set","Golden Idol","aspiration:IroncladSkillbook","Prayer Wheel","ClockworkSouvenir","Unceasing Top","Ornamental Fan","Old Coin","Eternal Feather","aspiration:FaultyCoupler","Busted Crown","Medical Kit","testmod-TurbochargingSystem","Letter Opener","aspiration:FrozenJewel","Peace Pipe","HornCleat","Lee\u0027s Waffle","Gremlin Horn","aspiration:EnhancedActuators","aspiration:ChemicalBlood"],"acts_visited":["Exordium","TheCity","TheBeyond","TheEnding"],"potions_floor_usage":[13,16,20,27,31,55,55],"damage_taken":[{"damage":0,"enemies":"2 Louse","floor":1,"turns":1},{"damage":0,"enemies":"Cultist","floor":3,"turns":1},{"damage":0,"enemies":"Jaw Worm","floor":4,"turns":1},{"damage":0,"enemies":"3 Louse","floor":5,"turns":1},{"damage":0,"enemies":"3 Sentries","floor":6,"turns":4},{"damage":0,"enemies":"Gremlin Nob","floor":8,"turns":2},{"damage":0,"enemies":"Blue Slaver","floor":10,"turns":1},{"damage":0,"enemies":"Lots of Slimes","floor":12,"turns":1},{"damage":0,"enemies":"Lagavulin","floor":13,"turns":1},{"damage":0,"enemies":"The Guardian","floor":16,"turns":1},{"damage":0,"enemies":"Shell Parasite","floor":18,"turns":1},{"damage":0,"enemies":"Chosen","floor":20,"turns":1},{"damage":0,"enemies":"Gremlin Leader","floor":23,"turns":2},{"damage":9,"enemies":"Centurion and Healer","floor":25,"turns":2},{"damage":18,"enemies":"Colosseum Slavers","floor":27,"turns":2},{"damage":1,"enemies":"Colosseum Nobs","floor":27,"turns":3},{"damage":0,"enemies":"Snake Plant","floor":29,"turns":1},{"damage":0,"enemies":"3 Cultists","floor":30,"turns":2},{"damage":12,"enemies":"Slavers","floor":31,"turns":2},{"damage":0,"enemies":"Collector","floor":33,"turns":1},{"damage":0,"enemies":"Orb Walker","floor":35,"turns":1},{"damage":0,"enemies":"R_Hoarder","floor":40,"turns":2},{"damage":14,"enemies":"3 Shapes","floor":41,"turns":2},{"damage":0,"enemies":"Nemesis","floor":44,"turns":1},{"damage":7,"enemies":"Sphere and 2 Shapes","floor":46,"turns":2},{"damage":0,"enemies":"Giant Head","floor":47,"turns":1},{"damage":1,"enemies":"4 Shapes","floor":48,"turns":2},{"damage":0,"enemies":"Time Eater","floor":50,"turns":3},{"damage":0,"enemies":"Awakened One","floor":51,"turns":2},{"damage":25,"enemies":"Shield and Spear","floor":55,"turns":2},{"damage":22,"enemies":"The Heart","floor":56,"turns":4}],"seed_played":"8712184791959220149","potions_obtained":[{"floor":29,"key":"SteroidPotion"},{"floor":47,"key":"testmod-TestPotion"},{"floor":55,"key":"testmod-SpacePotion"}],"is_trial":false,"path_per_floor":["M","?","M","M","M","E","R","E","T","M","R","M","E","?","R","B",null,"M","?","M","$","?","E","R","M","T","?","R","M","M","E","R","B",null,"M","?","?","?","$","E","M","?","T","E","R","M","E","M","R","B","B",null,"R","$","E","B",null],"character_chosen":"DEFECT","items_purchased":["Rainbow","ClockworkSouvenir","Unceasing Top","Medical Kit","testmod-TurbochargingSystem","Lee\u0027s Waffle","Gremlin Horn","aspiration:EnhancedActuators","Inflame"],"campfire_rested":0,"item_purchase_floors":[21,21,21,39,39,54,54,54,54],"current_hp_per_floor":[65,65,65,65,71,71,71,71,71,71,71,71,71,47,47,71,71,71,43,55,55,55,70,70,71,71,71,71,71,71,71,71,71,71,71,71,61,61,61,67,66,66,66,67,67,67,67,67,67,67,67,67,67,74,74,74],"gold":368,"neow_bonus":"THREE_ENEMY_KILL","is_daily":false,"chose_seed":false,"campfire_upgraded":6,"win_rate":0.0,"timestamp":1614084579,"path_taken":["M","?","?","M","M","E","R","E","T","M","R","M","E","?","R","BOSS","M","?","M","$","?","E","R","?","T","?","R","M","M","E","R","BOSS","M","?","?","?","$","E","?","?","T","E","R","M","E","M","R","BOSS","BOSS","R","$","E","BOSS"],"items_purchased_type":["Card","Relic","Relic","Relic","Relic","Relic","Relic","Relic","Card"],"build_version":"2020-12-22","purchased_purges":2,"victory":true,"max_hp_per_floor":[71,71,71,71,71,71,71,71,71,71,71,71,71,71,71,71,71,71,71,71,71,71,71,71,71,71,71,71,71,71,71,71,71,71,71,71,71,67,67,67,67,67,67,67,67,67,67,67,67,67,67,67,67,74,74,74],"card_choices":[{"not_picked":["Streamline","Undo"],"picked":"Go for the Eyes","floor":1},{"not_picked":["Panic Button","Streamline"],"picked":"Beam Cell","floor":3},{"not_picked":["Steam","Hello World"],"picked":"Go for the Eyes","floor":4},{"not_picked":["BasicCrystalCard","Cold Snap"],"picked":"Coolheaded","floor":5},{"not_picked":["Hologram","Melter","ReplayTheSpireMod:GoodbyeWorld"],"picked":"SKIP","floor":6},{"not_picked":["ReplayTheSpireMod:Repulse","Beam Cell"],"picked":"Compile Driver","floor":8},{"not_picked":["Panic Button","Compile Driver"],"picked":"Heatsinks","floor":10},{"not_picked":["Barrage","BasicCrystalCard","Redo"],"picked":"SKIP","floor":12},{"not_picked":["Streamline","Turbo","Fusion"],"picked":"SKIP","floor":13},{"not_picked":["Amplify","Hyperbeam"],"picked":"ReplayTheSpireMod:Fabricate Wheel","floor":16},{"not_picked":["Redo","Replay:Undeath\u0027s Touch","Battle Trance+1"],"picked":"Intimidate","floor":18},{"not_picked":["Self Repair","Armaments","Consume","Clash"],"picked":"SKIP","floor":18},{"not_picked":["Streamline+1","BasicCrystalCard","Heatsinks"],"picked":"Rampage","floor":19},{"not_picked":["True Grit","Headbutt","Reckless Charge"],"picked":"Burning Pact","floor":20},{"not_picked":["Havoc","Exhume","Warcry","Perfected Strike"],"picked":"SKIP","floor":20},{"not_picked":["Dropkick","Intimidate","Steam"],"picked":"Loop","floor":23},{"not_picked":["Loop","BasicCrystalCard","Disarm"],"picked":"Skim","floor":25},{"not_picked":["ReplayTheSpireMod:GoodbyeWorld","Conserve Battery+1","Searing Blow+1"],"picked":"Recycle","floor":25},{"not_picked":["Multi-Cast","Perfected Strike","Panic Button"],"picked":"Flame Barrier","floor":27},{"not_picked":["Perfected Strike","Lockon","BootSequence"],"picked":"Beam Cell","floor":29},{"not_picked":["Streamline+1","True Grit","Warcry","Reaper"],"picked":"SKIP","floor":29},{"not_picked":["ReplayTheSpireMod:Muscle Training","Recycle","Clash","Run Through"],"picked":"SKIP","floor":30},{"not_picked":["Combust","Lockon","Gash","Headbutt"],"picked":"SKIP","floor":30},{"not_picked":["Redo","Anger","Ghostly Armor"],"picked":"Thunder Strike","floor":31},{"not_picked":["Rainbow","Impervious","Multi-Cast"],"picked":"Bludgeon","floor":33},{"not_picked":["ReplaySolidLightProjector+1"],"picked":"Coolheaded+1","floor":35},{"not_picked":["Barrage","Static Discharge"],"picked":"SKIP","floor":35},{"not_picked":["Trip"],"picked":"Thinking Ahead","floor":37},{"not_picked":["Coolheaded"],"picked":"Turbo+1","floor":40},{"not_picked":["Evolve","Replay:Undeath\u0027s Touch"],"picked":"SKIP","floor":41},{"not_picked":["Reprogram","Barrage"],"picked":"SKIP","floor":41},{"not_picked":["Thunderclap","Turbo"],"picked":"SKIP","floor":44},{"not_picked":["Clothesline","Rebound"],"picked":"SKIP","floor":46},{"not_picked":["Hologram","ReplayRNGCard"],"picked":"SKIP","floor":46},{"not_picked":["Juggernaut","ReplayReversal+1"],"picked":"SKIP","floor":47},{"not_picked":["Ball Lightning","Melter"],"picked":"SKIP","floor":48},{"not_picked":["Go for the Eyes","Anger"],"picked":"SKIP","floor":48},{"not_picked":["ReplayTheSpireMod:GoodbyeWorld","Searing Blow"],"picked":"SKIP","floor":55}],"player_experience":779604,"relics_obtained":[{"floor":6,"key":"Blue Candle"},{"floor":8,"key":"Ice Cream"},{"floor":13,"key":"Ancient Tea Set"},{"floor":26,"key":"Ornamental Fan"},{"floor":27,"key":"Old Coin"},{"floor":27,"key":"Eternal Feather"},{"floor":31,"key":"aspiration:FaultyCoupler"},{"floor":40,"key":"Letter Opener"},{"floor":43,"key":"aspiration:FrozenJewel"},{"floor":44,"key":"Peace Pipe"},{"floor":47,"key":"HornCleat"},{"floor":55,"key":"aspiration:ChemicalBlood"}],"event_choices":[{"damage_healed":0,"gold_gain":0,"player_choice":"Take Damage","damage_taken":24,"relics_obtained":["Golden Idol"],"max_hp_gain":0,"max_hp_loss":0,"event_name":"Golden Idol","floor":14,"gold_loss":0},{"damage_healed":0,"gold_gain":50,"player_choice":"Pray","damage_taken":0,"max_hp_gain":0,"max_hp_loss":0,"event_name":"Golden Shrine","floor":22,"gold_loss":0},{"damage_healed":0,"gold_gain":0,"player_choice":"Fight","damage_taken":0,"max_hp_gain":0,"max_hp_loss":0,"event_name":"Colosseum","floor":27,"gold_loss":0},{"damage_healed":0,"gold_gain":0,"player_choice":"Fought Nobs","damage_taken":0,"max_hp_gain":0,"max_hp_loss":0,"event_name":"Colosseum","floor":27,"gold_loss":0},{"damage_healed":0,"gold_gain":0,"player_choice":"Memory 3","damage_taken":10,"max_hp_gain":0,"max_hp_loss":0,"event_name":"SensoryStone","floor":37,"gold_loss":0},{"damage_healed":0,"gold_gain":0,"player_choice":"Max HP","damage_taken":0,"max_hp_gain":0,"max_hp_loss":4,"event_name":"Winding Halls","floor":38,"gold_loss":0},{"damage_healed":0,"gold_gain":0,"player_choice":"Ignored","damage_taken":0,"max_hp_gain":0,"max_hp_loss":0,"event_name":"Tomb of Lord Red Mask","floor":42,"gold_loss":0}],"is_beta":false,"boss_relics":[{"not_picked":["Calling Bell","aspiration:SecretTechniqueScroll"],"picked":"aspiration:IroncladSkillbook"},{"not_picked":["Velvet Choker","Empty Cage"],"picked":"Busted Crown"}],"items_purged_floors":[39,54],"is_endless":false,"potions_floor_spawned":[10,12,13,27,29,30,31,41,44,47,48,55],"ascension_level":20}}