{"host":"bux1pdxjwq4dkad9","time":1614045729,"event":{"mods":["Act Like it!","BaseMod","Colored Map","Minty Spire (QoL Compilation)","Quick Restart","Ring Of Destiny","Spicy Shops","StSLib","SuperFastMode","°æ“≈ŒÔMod°øºÚµ•”Œœ∑"],"gold_per_floor":[119,194,194,48,48,83,108,142,165,165,188,188,228,246,246,366,366,391,391,406,430,212,212,253,265,302,352,380,392,404,452,464,606,618,655,667,1012,1040,952,980,980,1015,1015,1043,1083,1101,1201,1221,1221,1221,1221,1221,777,820,820],"floor_reached":56,"language":"ZHS","playtime":4860,"items_purged":["RingOfDestiny:Defend_PU","RingOfDestiny:ThreeRaffles","RingOfDestiny:NoInvest"],"score":2516,"play_id":"dcf3313a-efc2-40e8-a6ee-767a6725869e","local_time":"20210223100209","is_ascension_mode":true,"campfire_choices":[{"floor":10.0,"key":"RECALL"},{"data":"RingOfDestiny:Filter","floor":15.0,"key":"SMITH"},{"data":"RingOfDestiny:Purification","floor":23.0,"key":"SMITH"},{"data":"RingOfDestiny:ScrewRules","floor":29,"key":"SMITH"},{"data":"RingOfDestiny:FirstInvest","floor":32,"key":"SMITH"},{"data":"RingOfDestiny:FiveDollar","floor":41,"key":"SMITH"},{"data":"Madness","floor":49,"key":"SMITH"},{"data":"Madness","floor":52,"key":"SMITH"}],"circlet_count":0,"master_deck":["AscendersBane","RingOfDestiny:Defend_PU","RingOfDestiny:Defend_PU","RingOfDestiny:FirstInvest+1","RingOfDestiny:DiamondOfDeath","RingOfDestiny:Metaphysics+1","Madness","RingOfDestiny:FiveDollar+1","RingOfDestiny:Refine+1","RingOfDestiny:Filter+1","RingOfDestiny:ScrewRules+1","RingOfDestiny:NoviceReward","RingOfDestiny:Purification+1","RingOfDestiny:ScrewRules+1","RingOfDestiny:Rich+1","RingOfDestiny:ThreeRaffles+1","RingOfDestiny:CrushDiamond+1","RingOfDestiny:NoviceReward+1","Madness+1","Madness+1","RingOfDestiny:ScrewRules","RingOfDestiny:Filter+1","RingOfDestiny:Wilful","RingOfDestiny:CatGash+1"],"relics":["RingOfDestiny:DogEyes","Medical Kit","Bottled Lightning","Gremlin Horn","AT_LudenTempest","Strawberry","Nunchaku","Black Star","TheAbacus","MawBank","PreservedInsect","Art of War","Shuriken","Ginger","Regal Pillow","Omamori","Astrolabe","Bag of Preparation","CeramicFish","Lantern","Bag of Marbles","Pear","Akabeko","Ancient Tea Set","Membership Card","War Paint","Bronze Scales","Pocketwatch","Pantograph"],"acts_visited":["Exordium","RingOfDestiny:IdeologyCorridor","RingOfDestiny:KnowledgeHall","TheEnding"],"potions_floor_usage":[27,55,55],"damage_taken":[{"damage":2.0,"enemies":"Small Slimes","floor":1.0,"turns":3.0},{"damage":0.0,"enemies":"RingOfDestiny:TalkingChest","floor":6.0,"turns":4.0},{"damage":0.0,"enemies":"2 Louse","floor":7.0,"turns":3.0},{"damage":5.0,"enemies":"RingOfDestiny:ExtinctionMoon","floor":8.0,"turns":3.0},{"damage":0.0,"enemies":"Large Slime","floor":11.0,"turns":2.0},{"damage":0.0,"enemies":"RingOfDestiny:TalkingChest","floor":13.0,"turns":2.0},{"damage":0.0,"enemies":"3 Louse","floor":14.0,"turns":1.0},{"damage":0.0,"enemies":"Slime Boss","floor":16.0,"turns":4.0},{"damage":0.0,"enemies":"3 Byrds","floor":18.0,"turns":2.0},{"damage":4.0,"enemies":"2 Thieves","floor":20.0,"turns":3.0},{"damage":9.0,"enemies":"Snecko","floor":21.0,"turns":4.0},{"damage":0.0,"enemies":"Gremlin Leader","floor":24.0,"turns":3.0},{"damage":0,"enemies":"Slavers","floor":27,"turns":2},{"damage":0,"enemies":"3 Cultists","floor":28,"turns":2},{"damage":0,"enemies":"Gremlin Leader","floor":31,"turns":2},{"damage":0,"enemies":"Automaton","floor":33,"turns":3},{"damage":0,"enemies":"Orb Walker","floor":35,"turns":2},{"damage":0,"enemies":"3 Darklings","floor":38,"turns":2},{"damage":0,"enemies":"Reptomancer","floor":40,"turns":1},{"damage":0,"enemies":"Nemesis","floor":42,"turns":2},{"damage":0,"enemies":"Maw","floor":44,"turns":1},{"damage":0,"enemies":"Giant Head","floor":45,"turns":2},{"damage":4,"enemies":"Writhing Mass","floor":46,"turns":2},{"damage":0,"enemies":"Jaw Worm Horde","floor":48,"turns":1},{"damage":0,"enemies":"Donu and Deca","floor":50,"turns":1},{"damage":0,"enemies":"Shield and Spear","floor":54,"turns":1},{"damage":0,"enemies":"The Heart","floor":55,"turns":5}],"seed_played":"2566121762536690154","potions_obtained":[{"floor":1.0,"key":"CultistPotion"},{"floor":8.0,"key":"SmokeBomb"},{"floor":21.0,"key":"DistilledChaos"},{"floor":28,"key":"Regen Potion"},{"floor":40,"key":"Swift Potion"}],"is_trial":false,"path_per_floor":["M","?","?","$","T","E","M","E","T","R","M","?","E","M","R","B",null,"M","?","M","M","$","R","E","$","T","E","M","R","$","E","R","B",null,"M","?","?","M","$","E","R","E","T","M","E","M","?","M","R","B",null,"R","$","E","B",null],"character_chosen":"Purchemist","items_purchased":["Medical Kit","TheAbacus","Membership Card","War Paint","Bronze Scales","RingOfDestiny:Wilful","EssenceOfSteel"],"campfire_rested":0,"item_purchase_floors":[4,22,53,53,53,53,53],"current_hp_per_floor":[79,68,46,46,46,46,46,48,48,48,48,48,48,48,48,48,85,85,85,81,72,72,72,72,72,72,72,72,72,72,72,72,72,91,91,79,79,79,79,79,79,79,89,89,89,85,85,85,85,85,102,102,102,102,107],"gold":820,"neow_bonus":"RANDOM_COLORLESS","is_daily":false,"chose_seed":false,"campfire_upgraded":7,"win_rate":0.0,"timestamp":1614045729,"path_taken":["M","?","?","$","?","E","M","E","T","R","?","?","E","M","R","BOSS","M","?","M","?","$","R","E","$","T","E","?","R","?","E","R","BOSS","M","?","?","M","$","E","R","E","T","M","E","M","?","?","R","BOSS","R","$","E","BOSS"],"items_purchased_type":["Relic","Relic","Relic","Relic","Relic","Card","Potion"],"build_version":"2020-12-22","purchased_purges":3,"victory":true,"max_hp_per_floor":[90,90,90,90,90,90,90,97,97,97,97,97,97,97,97,97,97,97,97,97,97,97,97,97,97,97,97,97,97,97,97,97,97,97,97,97,97,97,97,97,97,97,107,107,107,107,107,107,107,107,107,107,107,107,107],"card_choices":[{"not_picked":["Purity","Mind Blast"],"picked":"Madness","floor":0.0},{"not_picked":["RingOfDestiny:CheckOut","RingOfDestiny:Refine"],"picked":"RingOfDestiny:FiveDollar","floor":1.0},{"not_picked":["RingOfDestiny:Shuffle","RingOfDestiny:Wild"],"picked":"RingOfDestiny:Refine","floor":6.0},{"not_picked":["RingOfDestiny:Disdain","RingOfDestiny:NoviceReward"],"picked":"RingOfDestiny:ThreeRaffles","floor":7.0},{"not_picked":["RingOfDestiny:Wild","RingOfDestiny:Wilful","RingOfDestiny:Laugh"],"picked":"SKIP","floor":8.0},{"not_picked":["RingOfDestiny:MultipleInvest","RingOfDestiny:Superior","RingOfDestiny:StayUpLate"],"picked":"SKIP","floor":11.0},{"not_picked":["RingOfDestiny:Recommend","RingOfDestiny:RaiseMoney","RingOfDestiny:BloodBorne"],"picked":"SKIP","floor":13.0},{"not_picked":["RingOfDestiny:Purification","RingOfDestiny:RaiseMoney"],"picked":"RingOfDestiny:Filter","floor":14.0},{"not_picked":["RingOfDestiny:CatCannon","RingOfDestiny:GoldProtect"],"picked":"RingOfDestiny:ScrewRules","floor":16.0},{"not_picked":["RingOfDestiny:Windfall","RingOfDestiny:Refine","RingOfDestiny:GoldFinger"],"picked":"SKIP","floor":18.0},{"not_picked":["RingOfDestiny:StayUpLate","RingOfDestiny:Rebate+1"],"picked":"RingOfDestiny:NoviceReward","floor":20.0},{"not_picked":["RingOfDestiny:Wild","RingOfDestiny:Shuffle+1"],"picked":"RingOfDestiny:Purification","floor":21.0},{"not_picked":["RingOfDestiny:Joyride","RingOfDestiny:Purification","RingOfDestiny:CheckOut"],"picked":"SKIP","floor":24.0},{"not_picked":["RingOfDestiny:DrawAgain+1","RingOfDestiny:RaiseMoney+1","RingOfDestiny:Overdraft+1"],"picked":"SKIP","floor":27},{"not_picked":["RingOfDestiny:Concentrate","RingOfDestiny:Happy","RingOfDestiny:Conversion"],"picked":"SKIP","floor":28},{"not_picked":["RingOfDestiny:CheckOut","RingOfDestiny:Joyride","RingOfDestiny:BloodAvalanche"],"picked":"SKIP","floor":31},{"not_picked":["RingOfDestiny:Show","RingOfDestiny:Privilege"],"picked":"RingOfDestiny:ScrewRules","floor":33},{"not_picked":["RingOfDestiny:Overdraft","RingOfDestiny:NoviceReward+1","RingOfDestiny:Refine+1"],"picked":"SKIP","floor":35},{"not_picked":["RingOfDestiny:Overdraft","RingOfDestiny:Refine+1"],"picked":"RingOfDestiny:NoviceReward+1","floor":35},{"not_picked":["RingOfDestiny:CatGash+1","RingOfDestiny:Corrosion+1","RingOfDestiny:Wilful+1"],"picked":"SKIP","floor":38},{"not_picked":["RingOfDestiny:NoLoss","RingOfDestiny:Shuffle","RingOfDestiny:Recommend"],"picked":"SKIP","floor":40},{"not_picked":["RingOfDestiny:FiveDollar+1","RingOfDestiny:Wilful","RingOfDestiny:CatGash"],"picked":"SKIP","floor":42},{"not_picked":["RingOfDestiny:DrawAgain","RingOfDestiny:Disdain+1"],"picked":"RingOfDestiny:ScrewRules","floor":44},{"not_picked":["RingOfDestiny:Refine","RingOfDestiny:DoubleInvest+1"],"picked":"RingOfDestiny:Filter+1","floor":45},{"not_picked":["RingOfDestiny:Windfall","RingOfDestiny:SwornRevenge+1","RingOfDestiny:Disdain+1"],"picked":"SKIP","floor":46},{"not_picked":["RingOfDestiny:Disdain","RingOfDestiny:CatGash+1","RingOfDestiny:Windfall+1"],"picked":"SKIP","floor":48},{"not_picked":["RingOfDestiny:StayUpLate+1","RingOfDestiny:Filter+1"],"picked":"RingOfDestiny:CatGash+1","floor":54}],"player_experience":2444517,"relics_obtained":[{"floor":5.0,"key":"Bottled Lightning"},{"floor":6.0,"key":"Gremlin Horn"},{"floor":8.0,"key":"Strawberry"},{"floor":13.0,"key":"Nunchaku"},{"floor":24.0,"key":"MawBank"},{"floor":24.0,"key":"PreservedInsect"},{"floor":26.0,"key":"Art of War"},{"floor":27,"key":"Shuriken"},{"floor":27,"key":"Ginger"},{"floor":31,"key":"Regal Pillow"},{"floor":31,"key":"Omamori"},{"floor":40,"key":"Bag of Preparation"},{"floor":40,"key":"CeramicFish"},{"floor":42,"key":"Lantern"},{"floor":42,"key":"Bag of Marbles"},{"floor":43,"key":"Pear"},{"floor":45,"key":"Akabeko"},{"floor":45,"key":"Ancient Tea Set"},{"floor":54,"key":"Pocketwatch"},{"floor":54,"key":"Pantograph"}],"event_choices":[{"damage_healed":0.0,"max_hp_gain":0.0,"max_hp_loss":0.0,"gold_gain":75.0,"event_name":"World of Goop","player_choice":"Gather Gold","floor":2.0,"gold_loss":0.0,"damage_taken":11.0},{"damage_healed":0.0,"max_hp_gain":0.0,"max_hp_loss":0.0,"gold_gain":0.0,"event_name":"Golden Idol","player_choice":"Take Damage","floor":3.0,"gold_loss":0.0,"damage_taken":22.0,"relics_obtained":["Golden Idol"]},{"damage_healed":0.0,"max_hp_gain":0.0,"max_hp_loss":0.0,"gold_gain":0.0,"event_name":"Upgrade Shrine","player_choice":"Upgraded","floor":12.0,"gold_loss":0.0,"damage_taken":0.0,"cards_upgraded":["RingOfDestiny:Refine"]},{"damage_healed":0.0,"max_hp_gain":0.0,"max_hp_loss":0.0,"gold_gain":0.0,"cards_transformed":["RingOfDestiny:Strike_PU"],"event_name":"Transmorgrifier","player_choice":"Transformed","floor":19.0,"gold_loss":0.0,"damage_taken":0.0,"cards_obtained":["RingOfDestiny:NoInvest"]},{"damage_healed":0,"gold_gain":0,"player_choice":"Embrace Madness","damage_taken":12,"max_hp_gain":0,"max_hp_loss":0,"event_name":"Winding Halls","floor":36,"gold_loss":0,"cards_obtained":["Madness","Madness"]},{"damage_healed":0,"gold_gain":333,"player_choice":"Gave Idol","damage_taken":0,"max_hp_gain":0,"max_hp_loss":0,"event_name":"The Moai Head","floor":37,"relics_lost":["Golden Idol"],"gold_loss":0},{"damage_healed":0,"gold_gain":100,"player_choice":"Pray","damage_taken":0,"max_hp_gain":0,"max_hp_loss":0,"event_name":"Golden Shrine","floor":47,"gold_loss":0}],"is_beta":false,"boss_relics":[{"not_picked":["Snecko Eye","Fusion Hammer"],"picked":"Black Star"},{"not_picked":["Runic Dome","SacredBark"],"picked":"Astrolabe"}],"items_purged_floors":[22,39,53],"is_endless":false,"potions_floor_spawned":[1,8,21,24,28,33,35,40,42],"ascension_level":11}}