{"host":"a57oumegxze0vmhs","time":1614089254,"event":{"mods":["AchievementEnabler","BaseMod","Colored Powertips","Minty Spire (QoL Compilation)","Relic Stats"],"gold_per_floor":[109,109,109,134,84,124,124,139,191,191,231,247,272,292,292,292,292],"floor_reached":16,"language":"ENG","playtime":394,"items_purged":[],"score":251,"play_id":"26d35ad7-af62-4620-8303-7ee5e4c34627","local_time":"20210223160734","is_ascension_mode":true,"campfire_choices":[{"data":"Blade Dance","floor":7,"key":"SMITH"},{"data":"Dagger Spray","floor":10,"key":"SMITH"},{"data":"Crippling Poison","floor":15,"key":"SMITH"}],"circlet_count":0,"master_deck":["AscendersBane","Strike_G","Strike_G","Strike_G","Strike_G","Strike_G","Defend_G","Defend_G","Defend_G","Defend_G","Defend_G","Survivor","Neutralize","PiercingWail","Sucker Punch","Blade Dance+1","Dagger Spray+1","Deadly Poison","Prepared","Infinite Blades","Crippling Poison+1"],"relics":["Ring of the Snake","NeowsBlessing","Golden Idol","Boot","Dream Catcher","Mango"],"acts_visited":["Exordium"],"potions_floor_usage":[11],"damage_taken":[{"damage":0,"enemies":"Jaw Worm","floor":1,"turns":1},{"damage":0,"enemies":"2 Louse","floor":4,"turns":1},{"damage":0,"enemies":"Gremlin Nob","floor":6,"turns":2},{"damage":2,"enemies":"Small Slimes","floor":8,"turns":3},{"damage":5,"enemies":"3 Sentries","floor":11,"turns":4},{"damage":2,"enemies":"2 Fungi Beasts","floor":12,"turns":4},{"damage":0,"enemies":"3 Louse","floor":13,"turns":2},{"damage":3,"enemies":"Blue Slaver","floor":14,"turns":3},{"damage":46,"enemies":"The Guardian","floor":16,"turns":9}],"seed_played":"12553988066394346","potions_obtained":[{"floor":4,"key":"LiquidMemories"},{"floor":8,"key":"AttackPotion"},{"floor":13,"key":"SneckoOil"}],"is_trial":false,"path_per_floor":["M","?","?","M","?","E","R","M","T","R","E","M","M","M","R","B"],"character_chosen":"THE_SILENT","items_purchased":[],"campfire_rested":0,"item_purchase_floors":[],"current_hp_per_floor":[63,63,68,68,68,68,68,66,66,66,75,73,73,70,70,24,24],"gold":292,"neow_bonus":"THREE_ENEMY_KILL","is_daily":false,"chose_seed":false,"campfire_upgraded":3,"win_rate":0.0,"timestamp":1614089254,"path_taken":["M","?","?","M","?","E","R","M","T","R","E","M","?","M","R","BOSS"],"items_purchased_type":[],"build_version":"2020-12-22","purchased_purges":0,"victory":false,"max_hp_per_floor":[70,70,75,75,75,75,75,75,75,75,89,89,89,89,89,89,89],"relic_stats":{"Dream Catcher":0,"counters":[9,29],"Golden Idol":36,"Boot":[35],"obtain_stats":[{"Dream Catcher":9,"NeowsBlessing":0,"Golden Idol":2,"Mango":11,"Boot":6,"Ring of the Snake":0},{"Dream Catcher":4,"NeowsBlessing":0,"Golden Idol":1,"Mango":5,"Boot":3,"Ring of the Snake":0},{"Dream Catcher":7,"NeowsBlessing":0,"Golden Idol":1,"Mango":11,"Boot":4,"Ring of the Snake":0}],"Ring of the Snake":[18]},"card_choices":[{"not_picked":["Slice","Backflip"],"picked":"PiercingWail","floor":1},{"not_picked":["Accuracy","Prepared"],"picked":"Sucker Punch","floor":4},{"not_picked":["Prepared","Wraith Form v2"],"picked":"Blade Dance","floor":6},{"not_picked":["Poisoned Stab","Cloak And Dagger"],"picked":"Dagger Spray","floor":8},{"not_picked":["Sucker Punch","Poisoned Stab"],"picked":"Deadly Poison","floor":11},{"not_picked":["Deflect","Night Terror"],"picked":"Prepared","floor":12},{"not_picked":["Riddle With Holes","Flying Knee"],"picked":"Infinite Blades","floor":13},{"not_picked":["Cloak And Dagger","Flying Knee"],"picked":"Crippling Poison","floor":14}],"player_experience":460792,"relics_obtained":[{"floor":6,"key":"Boot"},{"floor":9,"key":"Dream Catcher"},{"floor":11,"key":"Mango"}],"event_choices":[{"damage_healed":0,"gold_gain":0,"player_choice":"Take Wound","damage_taken":0,"relics_obtained":["Golden Idol"],"max_hp_gain":0,"max_hp_loss":0,"event_name":"Golden Idol","floor":2,"gold_loss":0,"cards_obtained":["Injury"]},{"damage_healed":0,"gold_gain":0,"player_choice":"Donut","damage_taken":0,"max_hp_gain":5,"max_hp_loss":0,"event_name":"Big Fish","floor":3,"gold_loss":0},{"cards_removed":["Injury"],"damage_healed":0,"gold_gain":0,"player_choice":"Card Removal","damage_taken":0,"max_hp_gain":0,"max_hp_loss":0,"event_name":"The Cleric","floor":5,"gold_loss":50}],"is_beta":false,"boss_relics":[],"items_purged_floors":[],"is_endless":false,"potions_floor_spawned":[4,8,13],"killed_by":"The Guardian","ascension_level":13}}