{"host":"0mk07bycsqo1qk03","time":1614068867,"event":{"mods":["BaseMod","Downfall","Hermit","Hubris","Minty Spire (QoL Compilation)","Reliquary","Replay The Spire","Spicy Shops","StSLib","The Hierophant"],"gold_per_floor":[116,116,116,216,231,231,247,247,247,247,247,247,247,265,265,305,305],"floor_reached":16,"language":"ENG","playtime":618,"items_purged":[],"score":88,"play_id":"29206038-1def-4eca-b424-960ba9cf834d","local_time":"20210223092747","is_ascension_mode":false,"campfire_choices":[{"data":"hierophant:SealAway","floor":6,"key":"SMITH"},{"data":"hierophant:HammerAndAnvil","floor":10,"key":"SMITH"},{"floor":12,"key":"REST"},{"data":"hubris:Despair","floor":15,"key":"PURGE"}],"circlet_count":0,"master_deck":["hierophant:Strike_Hierophant","hierophant:Strike_Hierophant","hierophant:Strike_Hierophant","hierophant:Punish+1","hierophant:Defend_Hierophant+1","hierophant:Defend_Hierophant+1","hierophant:Defend_Hierophant","hierophant:Defend_Hierophant","hierophant:ChurchCoffers","hierophant:SealAway+1","hierophant:HammerAndAnvil+1","hierophant:Encroach"],"relics":["hierophant:PropheticMaskRelic","hubris:MedicalManual","Pear","hubris:Macrotransations","War Paint","Blue Doll"],"acts_visited":["Exordium"],"potions_floor_usage":[16],"damage_taken":[{"damage":0,"enemies":"Small Slimes","floor":1,"turns":3},{"damage":1,"enemies":"2 Louse","floor":5,"turns":2},{"damage":10,"enemies":"Cultist","floor":7,"turns":4},{"damage":2,"enemies":"Looter","floor":14,"turns":4},{"damage":0,"enemies":"Fading Forest","floor":16,"turns":1}],"seed_played":"1006204640402836469","potions_obtained":[{"floor":1,"key":"GamblersBrew"},{"floor":5,"key":"DistilledChaos"},{"floor":14,"key":"Slimebound:ThreeZeroPotion"}],"is_trial":false,"path_per_floor":["M","?","$","?","M","R","M","?","T","R","$","R","?","M","R","B"],"character_chosen":"HIEROPHANT","items_purchased":["hubris:Macrotransations","War Paint","Blue Doll"],"campfire_rested":1,"item_purchase_floors":[11,11,11],"current_hp_per_floor":[75,68,68,68,67,67,57,39,49,49,10,35,35,33,33,33,33],"gold":305,"neow_bonus":"UPGRADE_CARD","is_daily":false,"chose_seed":false,"campfire_upgraded":2,"win_rate":0.0,"timestamp":1614068867,"path_taken":["M","?","$","?","M","R","?","?","T","R","?","R","?","M","R","BOSS"],"items_purchased_type":["Relic","Relic","Relic"],"build_version":"2020-12-22","purchased_purges":0,"victory":false,"max_hp_per_floor":[75,75,75,75,75,75,75,75,85,85,85,85,85,85,85,85,85],"card_choices":[{"not_picked":["hierophant:Doomsaying","hierophant:Smite"],"picked":"hierophant:SealAway","floor":1},{"not_picked":["hierophant:Smite","hierophant:PassingBell"],"picked":"hierophant:HammerAndAnvil","floor":5},{"not_picked":["hierophant:Flagellation","hierophant:HammerAndAnvil","hierophant:DisplayOfPower"],"picked":"SKIP","floor":7},{"not_picked":["hierophant:Alms","hierophant:ConvertCurrency"],"picked":"hierophant:Encroach","floor":14}],"player_experience":1058934,"relics_obtained":[{"floor":9,"key":"Pear"}],"event_choices":[{"cards_removed":["hierophant:Strike_Hierophant"],"damage_healed":0,"gold_gain":0,"player_choice":"Card Removal","damage_taken":7,"max_hp_gain":0,"max_hp_loss":0,"event_name":"Golden Wing","floor":2,"gold_loss":0},{"damage_healed":0,"gold_gain":100,"player_choice":"Pray","damage_taken":0,"max_hp_gain":0,"max_hp_loss":0,"event_name":"Golden Shrine","floor":4,"gold_loss":0},{"damage_healed":0,"gold_gain":0,"player_choice":"Success","damage_taken":18,"relics_obtained":["hubris:MedicalManual"],"max_hp_gain":0,"max_hp_loss":0,"event_name":"Scrap Ooze","floor":8,"gold_loss":0}],"is_beta":false,"boss_relics":[],"items_purged_floors":[],"is_endless":false,"potions_floor_spawned":[1,5,14],"killed_by":"Fading Forest","ascension_level":0}}