{"host":"alk2ftu785mujiir","time":1614103564,"event":{"mods":["BaseMod","Bossed Relics","Colored Map","Downfall","Minty Spire (QoL Compilation)","StSLib"],"gold_per_floor":[0,15,33,33,33,33,33,33,52,52,77,95,95,105,116,217,217,17,27,38,38,55,89,89,101,116,147,159,159,159,184,200,295,295,295,295,280,330,18,47,47,65,65,85,85,85,138,138,149,149],"floor_reached":51,"language":"ENG","playtime":2737,"items_purged":[],"score":810,"play_id":"3094b4c5-ee55-4545-8997-411130879f2e","local_time":"20210223130604","is_ascension_mode":true,"campfire_choices":[{"floor":1,"key":"RECALL"},{"data":"bronze:Overheat","floor":10,"key":"SMITH"},{"data":"bronze:Repair","floor":13,"key":"SMITH"},{"data":"bronze:OilSpill","floor":18,"key":"SMITH"},{"floor":30,"key":"REST"},{"data":"bronze:Boost","floor":35,"key":"SMITH"},{"floor":43,"key":"REST"},{"floor":46,"key":"REST"}],"circlet_count":0,"master_deck":["bronze:Strike","bronze:Strike","bronze:Defend","bronze:Defend","bronze:Replicate","bronze:Goto","bronze:Constructor","bronze:DelayedGuard","bronze:Overheat+1","bronze:Branch","bronze:WhirlingStrike","bronze:Repair+1","bronze:Terminator","bronze:OilSpill+1","bronze:Library","bronze:Frontload+1","bronze:Boost+1","bronze:Verify","bronze:BronzeOrb","bronze:HardenedForm","bronze:Invalidate+1","bronze:FineTuning+1","bronze:Shell+1","bronze:Frontload+1","bronze:BugBarrage","bronze:OilSpill+1","expansioncontent:YouAreMine"],"relics":["bronze:BronzeCore","hexamod:Sixitude","StoneCalendar","Tiny House","downfall:HeartBlessingRed","downfall:HeartBlessingGreen","Sundial","Matryoshka","Tiny Chest","Thread and Needle","bronze:MakeshiftBattery","WingedGreaves","War Paint","Pen Nib","Du-Vu Doll","Juzu Bracelet","Letter Opener","Pear","Boot","Kunai"],"acts_visited":["Exordium","TheCity","TheBeyond"],"potions_floor_usage":[11,22,27,33,36,44,50,50],"damage_taken":[{"damage":3,"enemies":"Jaw Worm","floor":2,"turns":5},{"damage":0,"enemies":"2 Louse","floor":3,"turns":4},{"damage":0,"enemies":"Cultist","floor":6,"turns":1},{"damage":0,"enemies":"Large Slime","floor":9,"turns":5},{"damage":0,"enemies":"Gremlin Nob","floor":11,"turns":3},{"damage":0,"enemies":"2 Fungi Beasts","floor":12,"turns":2},{"damage":0,"enemies":"downfall:LooterAlt","floor":14,"turns":2},{"damage":0,"enemies":"3 Louse","floor":15,"turns":2},{"damage":34,"enemies":"WA_ARCHETYPE_RETAIN","floor":16,"turns":6},{"damage":6,"enemies":"3 Byrds","floor":19,"turns":5},{"damage":7,"enemies":"Chosen","floor":20,"turns":5},{"damage":5,"enemies":"Snake Plant","floor":22,"turns":6},{"damage":30,"enemies":"Gremlin Leader","floor":23,"turns":8},{"damage":0,"enemies":"Centurion and Healer","floor":25,"turns":5},{"damage":18,"enemies":"3 Cultists","floor":26,"turns":6},{"damage":9,"enemies":"Slavers","floor":27,"turns":7},{"damage":15,"enemies":"Snake Plant","floor":28,"turns":3},{"damage":25,"enemies":"Book of Stabbing","floor":31,"turns":8},{"damage":16,"enemies":"Shelled Parasite and Fungi","floor":32,"turns":5},{"damage":46,"enemies":"DF_ARCHETYPE_CLAW","floor":33,"turns":10},{"damage":1,"enemies":"3 Darklings","floor":36,"turns":2},{"damage":0,"enemies":"downfall:FleeingMerchant","floor":37,"turns":4},{"damage":0,"enemies":"downfall:FleeingMerchant","floor":38,"turns":7},{"damage":0,"enemies":"downfall:FleeingMerchant","floor":39,"turns":4},{"damage":42,"enemies":"Giant Head","floor":40,"turns":9},{"damage":10,"enemies":"Orb Walker","floor":42,"turns":4},{"damage":48,"enemies":"Transient","floor":44,"turns":5},{"damage":0,"enemies":"Sphere and 2 Shapes","floor":49,"turns":4},{"damage":57,"enemies":"IC_BLOCK_ARCHETYPE","floor":50,"turns":11}],"seed_played":"-4922058819424516970","potions_obtained":[{"floor":2,"key":"Guardian:BlockOnCardUsePotion"},{"floor":9,"key":"bronze:BurnAndBuffPotion"},{"floor":14,"key":"GamblersBrew"},{"floor":15,"key":"SteroidPotion"},{"floor":22,"key":"Ancient Potion"},{"floor":26,"key":"SmokeBomb"},{"floor":27,"key":"Regen Potion"},{"floor":32,"key":"Regen Potion"},{"floor":33,"key":"Dexterity Potion"},{"floor":38,"key":"Energy Potion"},{"floor":44,"key":"SteroidPotion"}],"is_trial":false,"path_per_floor":["R","M","M","?","?","M","T","?","M","R","E","M","R","M","M","B",null,"R","M","M","?","M","E","T","M","M","E","M","?","R","E","M","B",null,"R","M","$","?","$","E","T","M","R","M","?","R","T","T","M","B",null],"character_chosen":"THE_AUTOMATON","items_purchased":["War Paint","Pen Nib"],"campfire_rested":3,"item_purchase_floors":[39,39],"current_hp_per_floor":[70,67,67,67,67,67,67,67,67,67,67,67,67,67,67,40,70,70,70,63,63,65,45,45,55,47,48,33,33,54,39,33,12,70,70,69,70,70,70,28,28,28,49,12,12,33,43,43,53,21],"gold":149,"neow_bonus":"REMOVE_TWO","is_daily":false,"chose_seed":false,"campfire_upgraded":4,"win_rate":0.0,"timestamp":1614103564,"path_taken":["R","M","M","?","?","M","T","?","M","R","E","M","R","?","M","BOSS","R","M","M","?","M","E","T","M","?","E","M","?","R","E","M","BOSS","R","M","$","?","$","E","T","M","R","M","?","R","?","?","M","BOSS"],"items_purchased_type":["Relic","Relic"],"build_version":"2020-12-22","purchased_purges":0,"victory":true,"max_hp_per_floor":[70,70,70,70,70,70,70,70,70,70,70,70,70,70,70,70,70,70,70,70,70,70,70,70,70,70,70,70,70,70,70,70,70,70,70,70,70,70,70,70,70,70,70,70,70,70,80,80,80,80],"card_choices":[{"not_picked":["bronze:Invalidate","bronze:BugBarrage"],"picked":"bronze:Constructor","floor":2},{"not_picked":["bronze:Frontload","bronze:Turbo"],"picked":"bronze:DelayedGuard","floor":3},{"not_picked":["bronze:ForLoop","bronze:BitShift"],"picked":"bronze:Overheat","floor":6},{"not_picked":["bronze:Overheat","bronze:InfiniteBeams"],"picked":"bronze:Branch","floor":9},{"not_picked":["bronze:TinkerersToolbox","bronze:Frontload"],"picked":"bronze:WhirlingStrike","floor":11},{"not_picked":["bronze:OilSpill","bronze:Overheat"],"picked":"bronze:Repair","floor":12},{"not_picked":["bronze:CutThrough","bronze:Overheat"],"picked":"bronze:Terminator","floor":14},{"not_picked":["bronze:Branch","bronze:HyperBeam"],"picked":"bronze:OilSpill","floor":15},{"not_picked":["bronze:InfiniteLoop","bronze:AlphaBuild"],"picked":"bronze:Library","floor":16},{"not_picked":["bronze:WildBeam","bronze:ForLoop"],"picked":"bronze:Frontload","floor":19},{"not_picked":["bronze:DigitalCarnage","bronze:ChildClass"],"picked":"bronze:Boost","floor":20},{"not_picked":["bronze:BugBarrage","bronze:DelayedSlice","bronze:Frontload+1"],"picked":"SKIP","floor":22},{"not_picked":["bronze:BugBarrage+1","bronze:Boost"],"picked":"bronze:BronzeOrb","floor":23},{"not_picked":["bronze:DelayedSlice+1","bronze:CutThrough"],"picked":"bronze:HardenedForm","floor":25},{"not_picked":["bronze:Constructor","bronze:Turbo+1","bronze:Shield"],"picked":"SKIP","floor":26},{"not_picked":["bronze:ChildClass","bronze:InfiniteBeams"],"picked":"bronze:Invalidate+1","floor":27},{"not_picked":["bronze:WhirlingStrike+1","bronze:CloningBeam"],"picked":"bronze:FineTuning+1","floor":28},{"not_picked":["bronze:Safeguard","bronze:Constructor+1"],"picked":"bronze:Shell","floor":31},{"not_picked":["bronze:Overheat+1","bronze:BugBarrage","bronze:Break"],"picked":"SKIP","floor":32},{"not_picked":["bronze:Boost+1","bronze:Shield"],"picked":"bronze:Frontload+1","floor":37},{"not_picked":["bronze:Repair","bronze:Deprecate+1"],"picked":"bronze:BugBarrage","floor":38},{"not_picked":["bronze:BuggyMess","bronze:FollowUp","bronze:DelayedSlice"],"picked":"SKIP","floor":39},{"not_picked":["bronze:Shield","bronze:Overheat+1","bronze:CloningBeam"],"picked":"SKIP","floor":40},{"not_picked":["bronze:BuggyMess+1","bronze:Deprecate","bronze:Constructor+1"],"picked":"SKIP","floor":42},{"not_picked":["bronze:NullPointer+1","bronze:Allocate"],"picked":"bronze:OilSpill+1","floor":44},{"not_picked":["expansioncontent:Chronoboost","expansioncontent:Hexaburn"],"picked":"expansioncontent:YouAreMine","floor":45},{"not_picked":["bronze:BronzeArmor","bronze:Overheat+1","bronze:BitShift+1"],"picked":"SKIP","floor":49}],"player_experience":1856119,"relics_obtained":[{"floor":7,"key":"hexamod:Sixitude"},{"floor":11,"key":"StoneCalendar"},{"floor":23,"key":"Sundial"},{"floor":24,"key":"Matryoshka"},{"floor":27,"key":"Tiny Chest"},{"floor":31,"key":"Thread and Needle"},{"floor":38,"key":"WingedGreaves"},{"floor":40,"key":"Du-Vu Doll"},{"floor":41,"key":"Juzu Bracelet"},{"floor":41,"key":"Letter Opener"},{"floor":47,"key":"Pear"},{"floor":47,"key":"Boot"},{"floor":48,"key":"Kunai"}],"event_choices":[{"cards_removed":["bronze:Defend"],"damage_healed":0,"gold_gain":0,"player_choice":"Card Removal","damage_taken":0,"max_hp_gain":0,"max_hp_loss":0,"event_name":"The Cleric","floor":5,"gold_loss":0},{"damage_healed":0,"gold_gain":0,"player_choice":"Ignored","damage_taken":0,"max_hp_gain":0,"max_hp_loss":0,"event_name":"Ghosts","floor":29,"gold_loss":0}],"is_beta":false,"boss_relics":[{"not_picked":["Black Star","SacredBark"],"picked":"Tiny House"},{"not_picked":["bronze:ElectromagneticCoil","Coffee Dripper"],"picked":"bronze:MakeshiftBattery"}],"items_purged_floors":[],"is_endless":false,"potions_floor_spawned":[2,9,14,15,22,25,26,27,32,33,38,42,44,49],"ascension_level":2}}