{"host":"4ag909k4xupnj24b","time":1614123889,"event":{"mods":["BaseMod","Downfall","Minty Spire (QoL Compilation)","StSLib"],"gold_per_floor":[99,116,129,141,141,141,141,26,26,68,88,121,166,178,198,198,198,198],"floor_reached":16,"language":"ENG","playtime":1105,"items_purged":[],"score":114,"play_id":"75a68ac5-196a-4b90-8477-a53297d61937","local_time":"20210223154449","is_ascension_mode":false,"campfire_choices":[{"data":"hexamod:Sear","floor":1,"key":"SMITH"},{"data":"hexamod:SwordOfDarkness","floor":6,"key":"SMITH"},{"data":"hexamod:CatchUp","floor":9,"key":"SMITH"}],"circlet_count":0,"master_deck":["hexamod:Strike","hexamod:Strike","hexamod:Strike","hexamod:Strike","hexamod:Defend","hexamod:Defend","hexamod:Defend","hexamod:Defend","hexamod:Sear+1","hexamod:Float","hexamod:SwordOfDarkness+1","hexamod:ThermalTransfer","hexamod:ThirdSeal","hexamod:ThermalTransfer","hexamod:ExtraCrispy","hexamod:CatchUp+1","hexamod:SpectersWail","hexamod:TimeWarp","hexamod:FlamesFromBeyond","hexamod:ShieldOfDarkness","hexamod:BacktrackSmack","hexamod:AdvancingGuard","hexamod:EmpoweredFlame","hexamod:Firestarter+1"],"relics":["hexamod:SpiritBrand","StoneCalendar","Bag of Preparation","Tiny Chest","CeramicFish","Molten Egg 2"],"acts_visited":["Exordium"],"potions_floor_usage":[13,13],"damage_taken":[{"damage":10,"enemies":"Small Slimes","floor":2,"turns":4},{"damage":0,"enemies":"Cultist","floor":3,"turns":3},{"damage":0,"enemies":"2 Louse","floor":4,"turns":2},{"damage":0,"enemies":"downfall:FleeingMerchant","floor":8,"turns":4},{"damage":12,"enemies":"Lagavulin","floor":10,"turns":5},{"damage":0,"enemies":"Blue Slaver","floor":11,"turns":3},{"damage":0,"enemies":"Exordium Wildlife","floor":12,"turns":3},{"damage":7,"enemies":"3 Sentries","floor":13,"turns":6},{"damage":0,"enemies":"2 Fungi Beasts","floor":14,"turns":2},{"damage":7,"enemies":"Blue Slaver","floor":15,"turns":3},{"damage":14,"enemies":"DF_ARCHETYPE_STREAMLINE","floor":16,"turns":3}],"seed_played":"8890572714408348806","potions_obtained":[{"floor":2,"key":"hexamod:EctoCoolerPotion"},{"floor":4,"key":"hexamod:EctoCoolerPotion"},{"floor":11,"key":"Swift Potion"},{"floor":12,"key":"Fire Potion"}],"is_trial":false,"path_per_floor":["R","M","M","M","?","R","T","$","R","E","M","M","E","M","M","B"],"character_chosen":"THE_SPIRIT","items_purchased":["hexamod:CatchUp","hexamod:SpectersWail"],"campfire_rested":0,"item_purchase_floors":[8,8],"current_hp_per_floor":[49,39,39,39,39,39,39,39,39,27,27,27,20,20,13,0,0,0],"gold":198,"neow_bonus":"ONE_RARE_RELIC","is_daily":false,"chose_seed":false,"campfire_upgraded":3,"win_rate":0.0,"timestamp":1614123889,"path_taken":["R","M","M","M","?","R","T","$","R","E","M","M","E","?","M","BOSS"],"items_purchased_type":["Card","Card"],"build_version":"2020-12-22","purchased_purges":0,"victory":false,"max_hp_per_floor":[70,70,70,70,70,70,70,70,70,70,70,70,70,70,70,70,70,70],"card_choices":[{"not_picked":["hexamod:Haunt","hexamod:ShieldOfDarkness"],"picked":"hexamod:SwordOfDarkness","floor":2},{"not_picked":["hexamod:NightmareStrike","hexamod:AdvancingGuard"],"picked":"hexamod:ThermalTransfer","floor":3},{"not_picked":["hexamod:HeatMetal","hexamod:HauntingEcho"],"picked":"hexamod:ThirdSeal","floor":4},{"not_picked":["hexamod:GhostOfSpireFuture","hexamod:BurningTouch"],"picked":"hexamod:ThermalTransfer","floor":8},{"not_picked":["hexamod:InspiringFlames","hexamod:BacktrackSmack"],"picked":"hexamod:ExtraCrispy","floor":8},{"not_picked":["hexamod:Incineration","hexamod:FlamesFromBeyond"],"picked":"hexamod:TimeWarp","floor":10},{"not_picked":["hexamod:NecessarySacrifice","hexamod:GhostLash"],"picked":"hexamod:FlamesFromBeyond","floor":10},{"not_picked":["hexamod:Firestarter","hexamod:FastForward"],"picked":"hexamod:ShieldOfDarkness","floor":11},{"not_picked":["hexamod:NightmareStrike","hexamod:ThermalTransfer"],"picked":"hexamod:BacktrackSmack","floor":12},{"not_picked":["hexamod:UnlimitedPower","hexamod:RetreatToShadows"],"picked":"hexamod:AdvancingGuard","floor":12},{"not_picked":["hexamod:AdvancingGuard","hexamod:SpectralAdrenaline"],"picked":"hexamod:EmpoweredFlame","floor":13},{"not_picked":["hexamod:SkipABeat","hexamod:ThermalTransfer+1"],"picked":"hexamod:Firestarter+1","floor":13},{"not_picked":["hexamod:GhostLash+1","hexamod:PhantomCloak","hexamod:EtherealExpedition"],"picked":"SKIP","floor":14},{"not_picked":["hexamod:HeatMetal+1","hexamod:Hexaguard","hexamod:RainOfEmbers+1"],"picked":"SKIP","floor":15}],"player_experience":910074,"relics_obtained":[{"floor":5,"key":"Bag of Preparation"},{"floor":7,"key":"Tiny Chest"},{"floor":10,"key":"CeramicFish"},{"floor":13,"key":"Molten Egg 2"}],"event_choices":[{"damage_healed":0,"gold_gain":0,"player_choice":"Relic","damage_taken":0,"max_hp_gain":0,"max_hp_loss":0,"event_name":"Wheel of Change","floor":5,"gold_loss":0}],"is_beta":false,"boss_relics":[],"items_purged_floors":[],"is_endless":false,"potions_floor_spawned":[2,4,11,12],"killed_by":"DF_ARCHETYPE_STREAMLINE","ascension_level":0}}