{"host":"fnndj664xgd3vavt","time":1614114604,"event":{"mods":["AchievementEnabler","BaseMod","Colored Powertips","DeckTracker","Downfall","Hermit","Highlight Path","Infinite Spire","Marisa????????","Minty Spire (QoL Compilation)","Quick Restart","Random Character Button","Replay The Spire","StSLib","The Cursed","The Servant 0.9.4"],"gold_per_floor":[99,117,130,144,157,157,157,184,224,260,278,54,54,90,137,261,261,261,302,302,339,339,395,418,418,452,452,452,452,576,615,650,678,678,678],"floor_reached":33,"language":"ENG","playtime":1476,"items_purged":[],"score":276,"play_id":"9a5aeffd-f100-4c00-8158-8c8929fced03","local_time":"20210223161004","is_ascension_mode":true,"campfire_choices":[{"data":"Guardian:PrismaticBeam","floor":6,"key":"SMITH"},{"floor":13,"key":"REST"},{"floor":25,"key":"REST"},{"data":"Guardian:Repulse","floor":28,"key":"SMITH"}],"circlet_count":0,"master_deck":["Guardian:Strike_Guardian","Guardian:Strike_Guardian","Guardian:Strike_Guardian","Guardian:Strike_Guardian","Guardian:Defend_Guardian","Guardian:Defend_Guardian","Guardian:Defend_Guardian","Guardian:Defend_Guardian","Guardian:CurlUp","Guardian:TwinSlam","Guardian:BronzeArmor","Guardian:PiercingHide","Guardian:PrismaticBeam+1","Guardian:TemporalStrike","Guardian:Repulse+1","Guardian:Orbwalk","Guardian:PolyBeam","Guardian:ShieldCharger","Guardian:ExploitGems","Parasite","Replay:GuardianBash","Guardian:TimeSifter","Flash of Steel","infinitespire:Gouge","Guardian:PrismaticBeam+1","infinitespire:Punishment","Guardian:ChargeUp","Guardian:Gem_Red"],"relics":["Guardian:ModeShifter","downfall:ShatteredFragment","Replay:Bandana","Guardian:PickAxe","Vajra","ReplayTheSpireMod:SealedPack","Onion Ring","Replay:Mystery Machine","CaptainsWheel","Bottled Flame"],"acts_visited":["Exordium","TheCity"],"potions_floor_usage":[16],"damage_taken":[{"damage":1,"enemies":"Cultist","floor":2,"turns":3},{"damage":1,"enemies":"Jaw Worm","floor":3,"turns":3},{"damage":8,"enemies":"infinitespire:Voidling","floor":4,"turns":4},{"damage":6,"enemies":"Large Slime","floor":5,"turns":6},{"damage":6,"enemies":"Exordium Wildlife","floor":8,"turns":5},{"damage":10,"enemies":"downfall:LooterAlt","floor":9,"turns":3},{"damage":9,"enemies":"3 Louse","floor":10,"turns":3},{"damage":9,"enemies":"3 Louse","floor":11,"turns":4},{"damage":2,"enemies":"downfall:FleeingMerchant","floor":12,"turns":4},{"damage":0,"enemies":"Exordium Thugs","floor":14,"turns":3},{"damage":6,"enemies":"Large Slime","floor":15,"turns":2},{"damage":28,"enemies":"WA_ARCHETYPE_RETAIN","floor":16,"turns":9},{"damage":7,"enemies":"Shell Parasite","floor":19,"turns":5},{"damage":10,"enemies":"Spheric Guardian","floor":21,"turns":4},{"damage":20,"enemies":"Nightmare","floor":23,"turns":7},{"damage":16,"enemies":"Shelled Parasite and Fungi","floor":26,"turns":4},{"damage":9,"enemies":"SI_SHIV_ARCHETYPE","floor":30,"turns":4},{"damage":2,"enemies":"Centurion and Healer","floor":31,"turns":3},{"damage":21,"enemies":"Snake Plant","floor":32,"turns":4},{"damage":26,"enemies":"DF_ARCHETYPE_CLAW","floor":33,"turns":5}],"seed_played":"3601342551390456278","potions_obtained":[{"floor":3,"key":"SpeedPotion"},{"floor":4,"key":"SteroidPotion"},{"floor":5,"key":"Adrenaline Potion"},{"floor":10,"key":"Guardian:AcceleratePotion"},{"floor":16,"key":"Explosive Potion"},{"floor":19,"key":"Adrenaline Potion"},{"floor":26,"key":"Block Potion"}],"is_trial":false,"path_per_floor":["R","M","M","M","M","R","T","M","M","M","?","$","R","M","M","B",null,"R","M","?","M","?","NM","T","R","M","?","R","?","?","M","M","B"],"character_chosen":"GUARDIAN","items_purchased":["Vajra","Guardian:Orbwalk"],"campfire_rested":2,"item_purchase_floors":[12,12],"current_hp_per_floor":[64,63,62,61,55,55,55,49,39,30,21,19,45,45,39,11,88,88,81,88,78,56,36,36,62,46,46,46,46,37,35,14,0,0,0],"gold":678,"neow_bonus":"TEN_PERCENT_HP_BONUS","is_daily":false,"chose_seed":false,"campfire_upgraded":2,"win_rate":0.0,"timestamp":1614114604,"path_taken":["R","M","M","M","?","R","T","M","?","M","?","?","R","M","M","BOSS","R","M","?","M","?","NM","T","R","M","?","R","?","?","M","M","BOSS"],"items_purchased_type":["Relic","Card"],"build_version":"2020-12-22","purchased_purges":0,"victory":false,"max_hp_per_floor":[88,88,88,88,88,88,88,88,88,88,88,88,88,88,88,88,88,88,88,88,88,88,88,88,88,88,88,88,88,88,88,88,88,88,88],"card_choices":[{"not_picked":["Guardian:Reroute","Guardian:Gem_Green"],"picked":"Guardian:BronzeArmor","floor":2},{"not_picked":["Guardian:Clone","Guardian:Incinerate"],"picked":"Guardian:PiercingHide","floor":3},{"not_picked":["Guardian:Gem_Yellow","Guardian:Gem_Green"],"picked":"Guardian:PrismaticBeam","floor":4},{"not_picked":["Guardian:VentSteam","Guardian:WalkerClaw"],"picked":"Guardian:TemporalStrike","floor":5},{"not_picked":["Guardian:WalkerClaw","Guardian:VentSteam"],"picked":"Guardian:Gem_Yellow","floor":8},{"not_picked":["Guardian:WalkerClaw","Guardian:Recover"],"picked":"Guardian:Repulse","floor":9},{"not_picked":["Guardian:Planning","Guardian:RefractedBeam"],"picked":"Guardian:Gem_Lightblue","floor":10},{"not_picked":["Guardian:Recover","Guardian:WalkerClaw","Guardian:BodySlam"],"picked":"SKIP","floor":12},{"not_picked":["Guardian:RollAttack","Guardian:FastForward"],"picked":"Guardian:PolyBeam","floor":14},{"not_picked":["Guardian:DecasProtection","Guardian:Gem_Green"],"picked":"Guardian:ShieldCharger","floor":15},{"not_picked":["Guardian:Gem_Orange","Guardian:FastForward"],"picked":"Guardian:ExploitGems","floor":16},{"not_picked":["champ:Execute","hexamod:Sear"],"picked":"Replay:GuardianBash","floor":17},{"not_picked":["Guardian:FierceBash","Guardian:Gem_Orange"],"picked":"Guardian:TimeSifter","floor":17},{"not_picked":["Panacea","PanicButton"],"picked":"Flash of Steel","floor":17},{"not_picked":["infinitespire:Oblivion","ReplayTheSpireMod:Echoes of Time"],"picked":"infinitespire:Gouge","floor":17},{"not_picked":["Guardian:Incinerate+1","Guardian:Gem_Green"],"picked":"Guardian:Gem_Fragmented","floor":19},{"not_picked":["Guardian:BronzeOrb","Guardian:ArmoredProtocol+1"],"picked":"Guardian:PrismaticBeam+1","floor":21},{"not_picked":["infinitespire:Execution","ReplayTheSpireMod:Echoes of Time"],"picked":"infinitespire:Punishment","floor":22},{"not_picked":["Guardian:PrismaticBeam","Guardian:EvasiveProtocol","Guardian:CrystalBeam+1"],"picked":"SKIP","floor":23},{"not_picked":["Guardian:Gem_Yellow","Guardian:Recover"],"picked":"Guardian:ChargeUp","floor":26},{"not_picked":["Guardian:PrimingBeam","Guardian:BodySlam","Guardian:PrismaticBeam"],"picked":"SKIP","floor":31},{"not_picked":["Guardian:ShieldCharger","Guardian:BronzeOrb"],"picked":"Guardian:Gem_Red","floor":32}],"player_experience":338965,"relics_obtained":[{"floor":7,"key":"Replay:Bandana"},{"floor":23,"key":"Onion Ring"},{"floor":24,"key":"Replay:Mystery Machine"},{"floor":30,"key":"CaptainsWheel"},{"floor":30,"key":"Bottled Flame"}],"event_choices":[{"damage_healed":29,"gold_gain":0,"player_choice":"Heal","damage_taken":0,"max_hp_gain":0,"max_hp_loss":0,"event_name":"The Library","floor":20,"gold_loss":0},{"damage_healed":0,"gold_gain":0,"player_choice":"Ignored","damage_taken":0,"max_hp_gain":0,"max_hp_loss":0,"event_name":"Ghosts","floor":27,"gold_loss":0}],"is_beta":false,"boss_relics":[{"not_picked":["Runic Pyramid","Guardian:StasisSlotReductionRelic"],"picked":"ReplayTheSpireMod:SealedPack"}],"items_purged_floors":[],"is_endless":true,"potions_floor_spawned":[3,4,5,10,11,16,19,26,31,32],"killed_by":"DF_ARCHETYPE_CLAW","ascension_level":1}}