{"host":"5aai2e5pcxh5kz9q","time":1614114712,"event":{"mods":["BaseMod","Block Reminder","DeckTracker","Highlight Path","Minty Spire (QoL Compilation)","Relic Sorter","StSLib","The Problem Sleuth"],"gold_per_floor":[213,224,234,409,51,82,82,111,111,111,122,122,122,138,138,236,236,246,246,266,266,36,36,55,84,84,98,98,73,73,84,84,186,186,200,213,19,33,33,33,61,80,106,106,106,26,26,46,46,46,46],"floor_reached":50,"language":"ENG","playtime":5746,"items_purged":[],"score":525,"play_id":"568e9e95-700a-4657-b47b-6ee24afa7c92","local_time":"20210223151151","is_ascension_mode":false,"campfire_choices":[{"floor":7,"key":"REST"},{"floor":10,"key":"REST"},{"data":"Spot Weakness","floor":12,"key":"SMITH"},{"floor":15,"key":"REST"},{"floor":23,"key":"REST"},{"floor":30,"key":"REST"},{"data":"Shrug It Off","floor":32,"key":"SMITH"},{"floor":40,"key":"REST"},{"floor":44,"key":"REST"},{"floor":49,"key":"REST"}],"circlet_count":0,"master_deck":["Strike_R+1","Strike_R+1","Strike_R+1","Strike_R+1","Strike_R+1","Defend_R+1","Defend_R+1","Defend_R+1","Defend_R+1","Bash","Shrug It Off+1","Fire Breathing+1","Whirlwind","Doubt","Blood for Blood","Sever Soul+1","Spot Weakness+1","Clash","Searing Blow","Feed","Juggernaut","Clash","Clash","Ghostly Armor","Rage","Perfected Strike","Shrug It Off+1","Armaments","Heavy Blade+1","Berserk","Rampage+1","Armaments","True Grit","Sentinel+1","Shrug It Off+1","Thunderclap+1","Parasite","Body Slam+1","theSleuth:MortholDryax","Metallicize","Iron Wave+1"],"relics":["Burning Blood","Kunai","Ornamental Fan","MutagenicStrength","Bag of Marbles","PreservedInsect","Runic Cube","Magic Flower","Gambling Chip","Bottled Flame","Potion Belt","Cursed Key","Juzu Bracelet","Lantern","Centennial Puzzle"],"acts_visited":["Exordium","TheCity","TheBeyond"],"potions_floor_usage":[33,33,33,33,35,50,50],"damage_taken":[{"damage":0,"enemies":"2 Louse","floor":1,"turns":4},{"damage":5,"enemies":"Small Slimes","floor":2,"turns":4},{"damage":8,"enemies":"Jaw Worm","floor":3,"turns":5},{"damage":29,"enemies":"Gremlin Nob","floor":6,"turns":5},{"damage":41,"enemies":"Lagavulin","floor":8,"turns":6},{"damage":0,"enemies":"3 Louse","floor":11,"turns":1},{"damage":12,"enemies":"Blue Slaver","floor":14,"turns":3},{"damage":44,"enemies":"Slime Boss","floor":16,"turns":9},{"damage":13,"enemies":"3 Byrds","floor":18,"turns":5},{"damage":28,"enemies":"Shell Parasite","floor":20,"turns":6},{"damage":15,"enemies":"Snake Plant","floor":24,"turns":3},{"damage":17,"enemies":"Gremlin Leader","floor":25,"turns":4},{"damage":26,"enemies":"Snecko","floor":27,"turns":4},{"damage":6,"enemies":"Cultist and Chosen","floor":31,"turns":5},{"damage":55,"enemies":"Collector","floor":33,"turns":12},{"damage":11,"enemies":"Orb Walker","floor":35,"turns":2},{"damage":25,"enemies":"3 Darklings","floor":36,"turns":5},{"damage":19,"enemies":"Jaw Worm Horde","floor":38,"turns":3},{"damage":31,"enemies":"Nemesis","floor":41,"turns":5},{"damage":38,"enemies":"Writhing Mass","floor":42,"turns":7},{"damage":1,"enemies":"Spire Growth","floor":48,"turns":4},{"damage":95,"enemies":"Awakened One","floor":50,"turns":8}],"seed_played":"-5369396800185500239","potions_obtained":[{"floor":1,"key":"EssenceOfSteel"},{"floor":6,"key":"ColorlessPotion"},{"floor":8,"key":"Dexterity Potion"},{"floor":11,"key":"GamblersBrew"},{"floor":16,"key":"PowerPotion"},{"floor":27,"key":"FearPotion"},{"floor":33,"key":"GamblersBrew"},{"floor":41,"key":"Energy Potion"},{"floor":42,"key":"Swift Potion"},{"floor":48,"key":"EssenceOfSteel"}],"is_trial":false,"path_per_floor":["M","M","M","?","$","E","R","E","T","R","M","R","?","M","R","B",null,"M","?","M","?","$","R","M","E","T","M","T","$","R","M","R","B",null,"M","M","$","M","?","R","E","M","T","R","?","$","?","M","R","B"],"character_chosen":"IRONCLAD","items_purchased":["Blood for Blood","Ornamental Fan","Sever Soul","PreservedInsect","Ghostly Armor","Armaments","Lantern","True Grit","Metallicize"],"campfire_rested":8,"item_purchase_floors":[5,5,5,22,22,29,37,37,46],"current_hp_per_floor":[80,80,78,78,78,55,79,44,44,68,74,74,58,52,76,38,80,76,76,54,54,54,78,69,58,58,41,41,41,65,68,68,22,83,81,65,65,55,55,79,57,28,28,52,52,52,52,60,83,0,0],"gold":46,"neow_bonus":"HUNDRED_GOLD","is_daily":false,"chose_seed":false,"campfire_upgraded":2,"win_rate":0.0,"timestamp":1614114711,"path_taken":["M","M","M","?","$","E","R","E","T","R","M","R","?","M","R","BOSS","M","?","M","?","$","R","M","E","T","M","?","$","R","M","R","BOSS","M","M","$","M","?","R","E","M","T","R","?","?","?","M","R","BOSS"],"items_purchased_type":["Card","Relic","Card","Relic","Card","Card","Relic","Card","Card"],"build_version":"2020-12-22","purchased_purges":0,"victory":false,"max_hp_per_floor":[80,80,80,80,80,80,80,80,80,80,80,80,80,80,80,80,80,83,83,83,83,83,83,83,83,83,83,83,83,83,83,83,83,83,83,83,83,83,83,83,83,83,83,83,83,83,83,83,83,83,83],"card_choices":[{"not_picked":["Intimidate","Battle Trance"],"picked":"Shrug It Off","floor":1},{"not_picked":["True Grit","Entrench"],"picked":"Fire Breathing","floor":2},{"not_picked":["Dropkick","Fire Breathing"],"picked":"Whirlwind","floor":3},{"not_picked":["Headbutt","Clothesline"],"picked":"Spot Weakness","floor":6},{"not_picked":["Sever Soul","Perfected Strike"],"picked":"Clash","floor":8},{"not_picked":["Perfected Strike","Twin Strike"],"picked":"Searing Blow","floor":11},{"not_picked":["Thunderclap","Headbutt"],"picked":"Feed","floor":14},{"not_picked":["Limit Break","Corruption"],"picked":"Juggernaut","floor":16},{"not_picked":["Thunderclap","Sever Soul"],"picked":"Clash","floor":18},{"not_picked":["Sentinel","Carnage"],"picked":"Clash","floor":20},{"not_picked":["Clash","Intimidate+1"],"picked":"Rage","floor":24},{"not_picked":["Clothesline","Iron Wave"],"picked":"Perfected Strike","floor":25},{"not_picked":["Uppercut","Sword Boomerang"],"picked":"Shrug It Off+1","floor":27},{"not_picked":["Evolve","Thunderclap"],"picked":"Heavy Blade+1","floor":31},{"not_picked":["Brutality","Offering"],"picked":"Berserk","floor":33},{"not_picked":["Anger","Searing Blow+1"],"picked":"Rampage+1","floor":35},{"not_picked":["Wild Strike+1","Headbutt+1"],"picked":"Armaments","floor":36},{"not_picked":["True Grit","Flex"],"picked":"Sentinel+1","floor":38},{"not_picked":["Armaments","Fiend Fire"],"picked":"Thunderclap+1","floor":41},{"not_picked":["Thunderclap+1","Perfected Strike"],"picked":"Body Slam+1","floor":42},{"not_picked":["Carnage+1","Immolate"],"picked":"Iron Wave+1","floor":48}],"player_experience":240386,"relics_obtained":[{"floor":6,"key":"Bag of Marbles"},{"floor":8,"key":"Bottled Flame"},{"floor":9,"key":"Potion Belt"},{"floor":25,"key":"Magic Flower"},{"floor":26,"key":"Juzu Bracelet"},{"floor":28,"key":"Gambling Chip"},{"floor":41,"key":"Kunai"},{"floor":43,"key":"Centennial Puzzle"}],"event_choices":[{"damage_healed":0,"gold_gain":175,"player_choice":"AGREE","damage_taken":0,"max_hp_gain":0,"max_hp_loss":0,"event_name":"Liars Game","floor":4,"gold_loss":0,"cards_obtained":["Doubt"]},{"damage_healed":0,"gold_gain":0,"player_choice":"Entered Light","damage_taken":16,"max_hp_gain":0,"max_hp_loss":0,"event_name":"Shining Light","floor":13,"gold_loss":0,"cards_upgraded":["Sever Soul","Fire Breathing"]},{"damage_healed":0,"gold_gain":0,"player_choice":"Inject Mutagens","damage_taken":0,"relics_obtained":["MutagenicStrength"],"max_hp_gain":0,"max_hp_loss":0,"event_name":"Drug Dealer","floor":19,"gold_loss":0},{"damage_healed":0,"gold_gain":0,"player_choice":"Simplicity","damage_taken":0,"max_hp_gain":0,"max_hp_loss":0,"event_name":"Back to Basics","floor":21,"gold_loss":0,"cards_upgraded":["Strike_R","Strike_R","Strike_R","Strike_R","Strike_R","Defend_R","Defend_R","Defend_R","Defend_R"]},{"damage_healed":0,"gold_gain":0,"player_choice":"Copied","damage_taken":0,"max_hp_gain":0,"max_hp_loss":0,"event_name":"Duplicator","floor":39,"gold_loss":0,"cards_obtained":["Shrug It Off"]},{"damage_healed":0,"gold_gain":0,"player_choice":"Ignored","damage_taken":0,"max_hp_gain":0,"max_hp_loss":0,"event_name":"NoteForYourself","floor":45,"gold_loss":0},{"damage_healed":0,"gold_gain":0,"player_choice":"Ignored","damage_taken":0,"max_hp_gain":0,"max_hp_loss":0,"event_name":"Mysterious Sphere","floor":47,"gold_loss":0}],"is_beta":false,"boss_relics":[{"not_picked":["Sozu","Ectoplasm"],"picked":"Runic Cube"},{"not_picked":["Tiny House","Black Star"],"picked":"Cursed Key"}],"items_purged_floors":[],"is_endless":false,"potions_floor_spawned":[1,6,8,11,16,20,27,33,41,42,48],"killed_by":"Awakened One","ascension_level":0}}