{"host":"zcytydgb505ghzux","time":1614112306,"event":{"mods":["Act Like it!","BaseMod","Colored Powertips","Downfall","Halation","Highlight Path","Hubris","Infinite Spire","Jorbs\u0027s Wanderer Trilogy","Marisa????????","Minty Spire (QoL Compilation)","Replay The Spire","StSLib","The Construct","The Mystic","The Wild Card"],"gold_per_floor":[118,118,118,118,137,162,20,20,20],"floor_reached":8,"language":"ENG","playtime":260,"items_purged":["ReplayTheSpireMod:Restless Dread"],"score":79,"play_id":"18c66933-fd60-40f3-8b76-4ca076dc7ef1","local_time":"20210223153146","is_ascension_mode":false,"campfire_choices":[],"circlet_count":0,"master_deck":["theWildCard:BasicStrike","theWildCard:BasicStrike","theWildCard:BasicStrike","theWildCard:BasicStrike","theWildCard:BasicDefend","theWildCard:BasicDefend","theWildCard:BasicDefend","theWildCard:BasicDefend","theWildCard:CallToAdventure","theWildCard:Arsene","theWildCard:StingingStrike","Regret","theWildCard:Polydeuces","theWildCard:TheArcanaUnleashed","theWildCard:Attunement"],"relics":["theWildCard:VelvetContract","NeowsBlessing","Lantern","hubris:DisguiseKit","Replay:Wax Seal"],"acts_visited":["Exordium"],"potions_floor_usage":[],"damage_taken":[{"damage":0,"enemies":"Jaw Worm","floor":1,"turns":1},{"damage":0,"enemies":"Small Slimes","floor":5,"turns":1},{"damage":0,"enemies":"Lagavulin","floor":6,"turns":1},{"damage":66,"enemies":"3 Sentries","floor":8,"turns":7}],"seed_played":"-1688102147235743893","potions_obtained":[{"floor":1,"key":"Dexterity Potion"}],"is_trial":false,"path_per_floor":["M","$","?","?","M","E","$","E"],"character_chosen":"THE_WILD_CARD","items_purchased":["theWildCard:Attunement"],"campfire_rested":0,"item_purchase_floors":[7],"current_hp_per_floor":[60,60,60,60,60,60,60,0,0],"gold":20,"neow_bonus":"THREE_ENEMY_KILL","is_daily":false,"chose_seed":false,"campfire_upgraded":0,"win_rate":0.0,"timestamp":1614112306,"path_taken":["M","$","?","?","M","E","$","E"],"items_purchased_type":["Card"],"build_version":"2020-12-22","purchased_purges":1,"victory":false,"max_hp_per_floor":[60,60,60,60,60,60,60,60,60],"card_choices":[{"not_picked":["theWildCard:ArcaneArts","theWildCard:Metatron"],"picked":"theWildCard:StingingStrike","floor":1},{"not_picked":["theWildCard:SacrificialStroke","theWildCard:Lucifer","CrushJoints"],"picked":"theWildCard:Polydeuces","floor":5},{"not_picked":["theWildCard:Overwhelm","theWildCard:UnderLockAndKey","Perseverance"],"picked":"theWildCard:TheArcanaUnleashed","floor":6}],"player_experience":80590,"relics_obtained":[{"floor":6,"key":"Replay:Wax Seal"}],"event_choices":[{"damage_healed":0,"gold_gain":0,"player_choice":"Box","damage_taken":0,"relics_obtained":["Lantern"],"max_hp_gain":0,"max_hp_loss":0,"event_name":"Big Fish","floor":3,"gold_loss":0,"cards_obtained":["Regret"]}],"is_beta":false,"boss_relics":[],"items_purged_floors":[7],"is_endless":false,"potions_floor_spawned":[1],"killed_by":"3 Sentries","ascension_level":0}}