{"host":"yy1cu9q9bsxhflzi","time":1614108032,"event":{"mods":["BaseMod","DeckTracker","Minty Spire (QoL Compilation)","Quick Restart","StSLib","SuperFastMode","everything is the same but u backflip on backflip"],"gold_per_floor":[116,196,196,210,227,227,240,240,266,292,304,129,144,179,179,256,256,274,324,343,361,261,290,307,332,332,366,416,466,466,482,482,559,559,574,671,671,683,701,701,735,749,804,866,894,391,426,476,476,476,476,476,476,59,84,84],"floor_reached":57,"language":"KOR","playtime":1742,"items_purged":[],"score":3504,"play_id":"297fa975-6283-4958-8023-5f2adf79b5b1","local_time":"20210224042032","is_ascension_mode":true,"campfire_choices":[{"data":"Dualcast","floor":6.0,"key":"SMITH"},{"data":"Consume","floor":8.0,"key":"SMITH"},{"data":"Defragment","floor":15.0,"key":"SMITH"},{"data":"Genetic Algorithm","floor":30.0,"key":"SMITH"},{"data":"Recycle","floor":32.0,"key":"SMITH"},{"data":"Fusion","floor":40.0,"key":"SMITH"},{"floor":49,"key":"RECALL"},{"data":"Panacea","floor":53,"key":"SMITH"}],"circlet_count":0,"master_deck":["AscendersBane","Glacier","Glacier","Glacier+1","Coolheaded","Coolheaded","Coolheaded","Coolheaded","Juggernaut+1","Dualcast+1","Consume+1","Hologram","Defragment+1","Echo Form","Reboot","Turbo","Recycle+1","Panacea+1","Genetic Algorithm+1","Seek+1","Chill","Fusion+1","Buffer","Madness"],"relics":["FrozenCore","MawBank","SsserpentHead","Runic Capacitor","HornCleat","Sozu","MutagenicStrength","Molten Egg 2","Happy Flower","DataDisk","Orichalcum","Inserter","Torii","Darkstone Periapt","Boot","Girya","Prayer Wheel","Centennial Puzzle","Potion Belt","Medical Kit","Bronze Scales"],"acts_visited":["Exordium","TheCity","TheBeyond","TheEnding"],"potions_floor_usage":[56],"damage_taken":[{"damage":0.0,"enemies":"Cultist","floor":1.0,"turns":3.0},{"damage":0.0,"enemies":"2 Louse","floor":4.0,"turns":2.0},{"damage":8.0,"enemies":"Small Slimes","floor":5.0,"turns":3.0},{"damage":0.0,"enemies":"Exordium Thugs","floor":7.0,"turns":4.0},{"damage":8.0,"enemies":"2 Fungi Beasts","floor":10.0,"turns":2.0},{"damage":0.0,"enemies":"Blue Slaver","floor":13.0,"turns":3.0},{"damage":0.0,"enemies":"Lagavulin","floor":14.0,"turns":5.0},{"damage":0.0,"enemies":"Hexaghost","floor":16.0,"turns":6.0},{"damage":8.0,"enemies":"Shell Parasite","floor":18.0,"turns":3.0},{"damage":0.0,"enemies":"Chosen","floor":20.0,"turns":3.0},{"damage":0.0,"enemies":"Snake Plant","floor":21.0,"turns":3.0},{"damage":0.0,"enemies":"Book of Stabbing","floor":23.0,"turns":5.0},{"damage":0.0,"enemies":"3 Cultists","floor":24.0,"turns":4.0},{"damage":13.0,"enemies":"Slavers","floor":25.0,"turns":3.0},{"damage":0.0,"enemies":"Book of Stabbing","floor":27.0,"turns":4.0},{"damage":0.0,"enemies":"Centurion and Healer","floor":31.0,"turns":6.0},{"damage":0.0,"enemies":"Champ","floor":33.0,"turns":8.0},{"damage":0.0,"enemies":"Orb Walker","floor":35.0,"turns":3.0},{"damage":4.0,"enemies":"2 Orb Walkers","floor":36.0,"turns":4.0},{"damage":0.0,"enemies":"3 Darklings","floor":38.0,"turns":5.0},{"damage":11.0,"enemies":"Transient","floor":39.0,"turns":6.0},{"damage":0.0,"enemies":"Giant Head","floor":41.0,"turns":8.0},{"damage":0.0,"enemies":"4 Shapes","floor":42.0,"turns":3.0},{"damage":6.0,"enemies":"Sphere and 2 Shapes","floor":44.0,"turns":4.0},{"damage":0,"enemies":"Reptomancer","floor":45,"turns":6},{"damage":0,"enemies":"Giant Head","floor":47,"turns":8},{"damage":0,"enemies":"Time Eater","floor":50,"turns":6},{"damage":8,"enemies":"Awakened One","floor":51,"turns":8},{"damage":20,"enemies":"Shield and Spear","floor":55,"turns":7},{"damage":29,"enemies":"The Heart","floor":56,"turns":11}],"seed_played":"6234295880079502411","potions_obtained":[{"floor":5.0,"key":"Dexterity Potion"},{"floor":13.0,"key":"Fire Potion"}],"is_trial":true,"path_per_floor":["M","T","?","M","M","R","M","R","T","M","?","$","M","E","R","B",null,"M","?","M","M","$","E","M","E","T","E","?","?","R","M","R","B",null,"M","?","?","M","M","R","E","M","T","M","E","$","E","?","R","B","B",null,"R","$","E","B",null],"character_chosen":"DEFECT","items_purchased":["Runic Capacitor","Defragment","Panacea","Prayer Wheel","Centennial Puzzle","Medical Kit","Buffer","Madness"],"campfire_rested":0,"item_purchase_floors":[12,12,22,46,46,54,54,54],"current_hp_per_floor":[64,64,64,64,56,56,56,56,56,48,48,48,48,48,48,48,65,57,57,57,57,57,57,57,44,44,44,44,44,44,44,44,44,64,64,60,60,60,49,49,49,49,49,43,43,43,43,43,43,43,35,62,62,62,42,13],"gold":84,"neow_bonus":"","is_daily":false,"chose_seed":false,"campfire_upgraded":7,"win_rate":0.0,"timestamp":1614108032,"path_taken":["M","?","?","M","?","R","M","R","T","M","?","?","M","E","R","BOSS","M","?","M","M","$","E","M","E","T","E","?","?","R","M","R","BOSS","M","?","?","M","M","R","E","M","T","?","E","$","E","?","R","BOSS","BOSS","R","$","E","BOSS"],"items_purchased_type":["Relic","Card","Card","Relic","Relic","Relic","Card","Card"],"build_version":"2020-12-22","purchased_purges":0,"victory":true,"max_hp_per_floor":[71,71,71,71,71,71,71,71,71,71,71,71,71,71,71,71,71,71,71,71,71,71,71,71,71,71,71,71,71,71,71,71,71,71,71,71,71,71,71,71,71,71,71,71,71,71,71,71,71,71,71,71,71,71,71,71],"card_choices":[{"not_picked":["Redo","Go for the Eyes"],"picked":"Consume","floor":1.0},{"not_picked":["Streamline","Glacier","Coolheaded"],"picked":"SKIP","floor":4.0},{"not_picked":["Coolheaded","Barrage","Darkness"],"picked":"SKIP","floor":5.0},{"not_picked":["Auto Shields","Rebound"],"picked":"Hologram","floor":7.0},{"not_picked":["FTL","Rebound","Redo"],"picked":"SKIP","floor":10.0},{"not_picked":["Beam Cell","Melter","Darkness"],"picked":"SKIP","floor":13.0},{"not_picked":["Leap","Chill"],"picked":"Echo Form","floor":14.0},{"not_picked":["Multi-Cast","Hyperbeam"],"picked":"Reboot","floor":16.0},{"not_picked":["Redo","Doom and Gloom"],"picked":"Turbo","floor":18.0},{"not_picked":["Recycle","Rebound","Consume"],"picked":"SKIP","floor":20.0},{"not_picked":["Rebound","Consume"],"picked":"Recycle","floor":20.0},{"not_picked":["Melter","Reinforced Body","Ball Lightning"],"picked":"SKIP","floor":21.0},{"not_picked":["All For One+1","Rebound+1","Auto Shields"],"picked":"SKIP","floor":23.0},{"not_picked":["Chaos","Blizzard+1","Coolheaded"],"picked":"SKIP","floor":24.0},{"not_picked":["Compile Driver+1","Conserve Battery","Force Field"],"picked":"SKIP","floor":25.0},{"not_picked":["Sweeping Beam+1","Stack","Rebound+1"],"picked":"SKIP","floor":27.0},{"not_picked":["Conserve Battery","Rainbow","Ball Lightning+1"],"picked":"SKIP","floor":31.0},{"not_picked":["Rainbow","Machine Learning"],"picked":"Seek","floor":33.0},{"not_picked":["Steam","Hello World+1"],"picked":"Chill","floor":35.0},{"not_picked":["Reinforced Body","Blizzard+1"],"picked":"Fusion","floor":38.0},{"not_picked":["Reprogram","Sweeping Beam+1","Chaos"],"picked":"SKIP","floor":39.0},{"not_picked":["Electrodynamics","Blizzard+1","Go for the Eyes+1"],"picked":"SKIP","floor":41.0},{"not_picked":["Gash+1","Leap","Beam Cell+1"],"picked":"SKIP","floor":42.0},{"not_picked":["Coolheaded","Leap","Lockon+1"],"picked":"SKIP","floor":44.0},{"not_picked":["Reprogram","Consume","Gash+1"],"picked":"SKIP","floor":45},{"not_picked":["Conserve Battery+1","Redo+1","Go for the Eyes+1"],"picked":"SKIP","floor":47},{"not_picked":["Melter+1","Steam+1","Streamline+1"],"picked":"SKIP","floor":55}],"player_experience":3947334,"relics_obtained":[{"floor":9.0,"key":"MawBank"},{"floor":14.0,"key":"HornCleat"},{"floor":23.0,"key":"Molten Egg 2"},{"floor":25.0,"key":"Happy Flower"},{"floor":26.0,"key":"DataDisk"},{"floor":27.0,"key":"Orichalcum"},{"floor":36.0,"key":"Torii"},{"floor":41.0,"key":"Darkstone Periapt"},{"floor":43.0,"key":"Boot"},{"floor":45,"key":"Girya"},{"floor":47,"key":"Potion Belt"},{"floor":55,"key":"Bronze Scales"}],"event_choices":[{"damage_healed":0.0,"max_hp_gain":0.0,"max_hp_loss":0.0,"gold_gain":0.0,"event_name":"Accursed Blacksmith","player_choice":"Forge","floor":3.0,"gold_loss":0.0,"damage_taken":0.0,"cards_upgraded":["Juggernaut"]},{"damage_healed":0.0,"max_hp_gain":0.0,"max_hp_loss":0.0,"gold_gain":0.0,"event_name":"FaceTrader","player_choice":"Trade","floor":11.0,"gold_loss":0.0,"damage_taken":0.0,"relics_obtained":["SsserpentHead"]},{"damage_healed":0.0,"max_hp_gain":0.0,"max_hp_loss":0.0,"gold_gain":0.0,"event_name":"Drug Dealer","player_choice":"Inject Mutagens","floor":19.0,"gold_loss":0.0,"damage_taken":0.0,"relics_obtained":["MutagenicStrength"]},{"damage_healed":0.0,"max_hp_gain":0.0,"max_hp_loss":0.0,"gold_gain":0.0,"event_name":"The Library","player_choice":"Read","floor":28.0,"gold_loss":0.0,"damage_taken":0.0,"cards_obtained":["Genetic Algorithm"]},{"damage_healed":0.0,"max_hp_gain":0.0,"max_hp_loss":0.0,"gold_gain":0.0,"event_name":"The Mausoleum","player_choice":"Ignored","floor":29.0,"gold_loss":0.0,"damage_taken":0.0},{"damage_healed":0.0,"max_hp_gain":0.0,"max_hp_loss":0.0,"gold_gain":0.0,"event_name":"Mysterious Sphere","player_choice":"Fight","floor":36.0,"gold_loss":0.0,"damage_taken":0.0},{"damage_healed":0.0,"max_hp_gain":0.0,"max_hp_loss":0.0,"gold_gain":0.0,"event_name":"Designer","player_choice":"Upgraded Two","floor":37.0,"gold_loss":50.0,"damage_taken":0.0,"cards_upgraded":["Seek","Glacier"]},{"cards_removed":["Glacier"],"damage_healed":0,"gold_gain":0,"player_choice":"Purged","damage_taken":0,"max_hp_gain":0,"max_hp_loss":0,"event_name":"Purifier","floor":48,"gold_loss":0}],"is_beta":false,"boss_relics":[{"not_picked":["Runic Dome","Astrolabe"],"picked":"Sozu"},{"not_picked":["Busted Crown","Calling Bell"],"picked":"Inserter"}],"items_purged_floors":[],"is_endless":false,"potions_floor_spawned":[5,13,16,23,24,25,27,35,38,39,47],"ascension_level":20}}