{"host":"sav7uxregyirlf69","time":1614069406,"event":{"mods":["AchievementEnabler","BaseMod","Colored Map","DeckTracker","Keyboard Shortcuts","Minty Spire (QoL Compilation)","READ ME - Guardian Mod","StSLib","SuperFastMode"],"gold_per_floor":[113,126,51,51,51,64,91,91,91,91,109,122,122,122,122,122,122],"floor_reached":16,"language":"KOR","playtime":317,"items_purged":["Clumsy"],"score":200,"play_id":"ce3b8e16-9454-4c62-a0ae-c4dc40e2a844","local_time":"20210223173646","is_ascension_mode":true,"campfire_choices":[{"data":"Turbo","floor":8.0,"key":"SMITH"},{"floor":10.0,"key":"REST"},{"data":"Coolheaded","floor":13,"key":"SMITH"},{"data":"Dualcast","floor":15,"key":"SMITH"}],"circlet_count":0,"master_deck":["AscendersBane","Strike_B","Defend_B","Defend_B","Defend_B","Defend_B","Zap","Dualcast+1","Coolheaded+1","Cold Snap","Turbo+1","Ball Lightning","Meteor Strike","Auto Shields"],"relics":["Cracked Core","Lizard Tail","Darkstone Periapt","MealTicket"],"acts_visited":["Exordium"],"potions_floor_usage":[16,16],"damage_taken":[{"damage":7.0,"enemies":"Small Slimes","floor":1.0,"turns":3.0},{"damage":1.0,"enemies":"Cultist","floor":2.0,"turns":4.0},{"damage":2.0,"enemies":"Jaw Worm","floor":6.0,"turns":4.0},{"damage":26.0,"enemies":"3 Sentries","floor":7.0,"turns":7.0},{"damage":5.0,"enemies":"Lots of Slimes","floor":11.0,"turns":4.0},{"damage":6,"enemies":"Red Slaver","floor":12,"turns":3},{"damage":77,"enemies":"Slime Boss","floor":16,"turns":16}],"seed_played":"8702503031331966560","potions_obtained":[{"floor":2.0,"key":"SkillPotion"},{"floor":7.0,"key":"Strength Potion"},{"floor":11,"key":"SkillPotion"},{"floor":12,"key":"GamblersBrew"}],"is_trial":false,"path_per_floor":["M","M","$","?","?","M","E","R","T","R","M","M","R","?","R","B"],"character_chosen":"DEFECT","items_purchased":[],"campfire_rested":1,"item_purchase_floors":[],"current_hp_per_floor":[57,56,56,56,49,47,21,21,21,42,37,31,31,31,31,0,0],"gold":122,"neow_bonus":"ONE_RARE_RELIC","is_daily":false,"chose_seed":false,"campfire_upgraded":3,"win_rate":0.0,"timestamp":1614069406,"path_taken":["M","M","$","?","?","M","E","R","T","R","M","M","R","?","R","BOSS"],"items_purchased_type":[],"build_version":"2020-12-22","purchased_purges":1,"victory":false,"max_hp_per_floor":[71,71,71,71,71,71,71,71,71,71,71,71,71,71,71,71,71],"card_choices":[{"not_picked":["Consume","Auto Shields"],"picked":"Coolheaded","floor":1.0},{"not_picked":["Auto Shields","Static Discharge"],"picked":"Cold Snap","floor":2.0},{"not_picked":["Barrage","Static Discharge"],"picked":"Ball Lightning","floor":6.0},{"not_picked":["Leap","Genetic Algorithm"],"picked":"Meteor Strike","floor":7.0},{"not_picked":["Streamline","Turbo","Darkness"],"picked":"SKIP","floor":11},{"not_picked":["Cold Snap","Go for the Eyes","Beam Cell"],"picked":"SKIP","floor":12}],"player_experience":1673154,"relics_obtained":[{"floor":7.0,"key":"Darkstone Periapt"},{"floor":9.0,"key":"MealTicket"}],"event_choices":[{"damage_healed":0.0,"max_hp_gain":0.0,"max_hp_loss":0.0,"gold_gain":0.0,"cards_transformed":["Strike_B"],"event_name":"Living Wall","player_choice":"Change","floor":4.0,"gold_loss":0.0,"damage_taken":0.0,"cards_obtained":["Turbo"]},{"cards_removed":["Strike_B"],"damage_healed":0.0,"max_hp_gain":0.0,"max_hp_loss":0.0,"gold_gain":0.0,"event_name":"Golden Wing","player_choice":"Card Removal","floor":5.0,"gold_loss":0.0,"damage_taken":7.0},{"damage_healed":0,"gold_gain":0,"cards_transformed":["Strike_B"],"player_choice":"Transformed","damage_taken":0,"max_hp_gain":0,"max_hp_loss":0,"event_name":"Transmorgrifier","floor":14,"gold_loss":0,"cards_obtained":["Auto Shields"]}],"is_beta":false,"boss_relics":[],"items_purged_floors":[3],"is_endless":false,"potions_floor_spawned":[2,7,11,12],"killed_by":"Slime Boss","ascension_level":20}}