{"host":"tdq5vwehmzjlkkx3","time":1614068243,"event":{"mods":["2.2 Compatiblity","Act Like it!","Aspiration","Astrologer","BaseMod","Beaked The Cultist","Better Altar","Better Match","Better Note","Better Sensory Stone","Better Skull","Better Third Choice","BetterRewards","Clockwork Mod","Colored Map","Colorless Booster Pack","Conjunction","Conspire","Defuse TimeMaze Blight","Displayed Cursed Tome","Downfall","Elementarium","Energized Spire","FetchMod","Friendly Minions","FruityMod","GifTheSpireLib","Glutton Mod","Gremlin Mod","Halation","Hallownest","Hermit","Highlight Path","Hubris","Infinite Spire","Key Reminder","Lotus Mark","Menagerie","Mimic Mod","Minty Spire (QoL Compilation)","Pale of the Ancients","Permanent Neow","Quick Restart","Random Character Button","Reliquary","Reorder Act Four","Reworked Bosses","Ruina","SCP261 Mod","Small Relic Pack","Spire Arcade","StSLib","Strawberry Spire","Stuff the Spire","The Bladedancer","The Blue Laboratory","The Clintock","The Construct","The Disciple","The Jungle","The Marked","The Mystic","The Servant","TheFirefly","Trackpad","Unceasing Turn Reminder","UnlockEverythingMod","Wandering Minibosses"],"gold_per_floor":[349,360,372,372,389,408,443,443,477,491,491,491,491,523,535,636,636,636,736,747,759,759,759,813,840,125,125,145,265,290,308,329,430,430,330,346,361,28,28,28,28,13,30,40,40,40,40,157,172,272],"floor_reached":51,"language":"ENG","playtime":5712,"items_purged":["hermit:Strike_Hermit","hermit:Strike_Hermit"],"score":593,"play_id":"cd2972f5-6e93-4a3c-a0db-3258915b15df","local_time":"20210223001723","is_ascension_mode":false,"campfire_choices":[{"data":"hermit:Snapshot","floor":1,"key":"SMITH"},{"data":"hermit:Vantage","floor":8,"key":"SMITH"},{"data":"hermit:Reprieve","floor":12,"key":"SMITH"},{"data":"hermit:Maintenance","floor":18,"key":"SMITH"},{"floor":23,"key":"REST"},{"floor":27,"key":"REST"},{"floor":35,"key":"RECALL"},{"floor":47,"key":"REST"}],"circlet_count":0,"master_deck":["hermit:Strike_Hermit","hermit:Strike_Hermit","hermit:Defend_Hermit","hermit:Defend_Hermit","hermit:Defend_Hermit","hermit:Defend_Hermit","hermit:Snapshot+1","hermit:Covet","hermit:CalledShot","hermit:Dive","hermit:BigShot","hermit:Vantage+1","hermit:Headshot","hermit:Reprieve+1","hermit:Maintenance+1","hermit:Coalescence","hermit:BlackWind","CurseOfTheBell","hermit:Gestalt","hubris:Fate","Decay","hermit:TakeCover","Apotheosis","hermit:TakeAim","hermit:Dissolve","hermit:BlackWind","hermit:GhostlyPresence","infinitespire:FutureSight","hermit:Combo+1"],"relics":["hermit:Momento","hubris:Icosahedron","Vajra","infinitespire:Eraser","Calling Bell","conspire:TopHat","reliquary:IridiumChain","conspire:Boomerang","downfall:GremlinWheel","StuffTheSpire:BottledEssence","reliquary:RoseTintedGlasses","StuffTheSpire:Experiment12","trackpad:HandOfMidas","infinitespire:Satchel","Sozu","downfall:HeartBlessingGreen","halation:PinkSoulGem","hermit:PetGhost"],"acts_visited":["Menagerie:Menagerie","TheCity","TheBeyond"],"potions_floor_usage":[6,7,10,13,15,21,25,28,29,29,32],"damage_taken":[{"damage":6,"enemies":"Menagerie:MonstrousExperiment","floor":2,"turns":6},{"damage":5,"enemies":"Menagerie:WhisperingWraith","floor":3,"turns":4},{"damage":0,"enemies":"Menagerie:2_RABBITS","floor":5,"turns":4},{"damage":6,"enemies":"Menagerie:BEAST_MAGE_AND_PROWLING_AMALGAM","floor":6,"turns":7},{"damage":1,"enemies":"Menagerie:MENAGERIE_WILDLIFE","floor":7,"turns":7},{"damage":3,"enemies":"Menagerie:MENAGERIE_WILDLIFE","floor":9,"turns":5},{"damage":0,"enemies":"Menagerie:KEEPER_AND_YOUNG_SUNEATER","floor":10,"turns":4},{"damage":0,"enemies":"downfall:FleeingMerchant","floor":13,"turns":2},{"damage":4,"enemies":"Menagerie:MaskedSummoner","floor":14,"turns":8},{"damage":8,"enemies":"Menagerie:RedMage","floor":15,"turns":3},{"damage":32,"enemies":"WA_ARCHETYPE_RETAIN","floor":16,"turns":10},{"damage":38,"enemies":"WA_ARCHETYPE_RETAIN","floor":19,"turns":5},{"damage":31,"enemies":"Spheric Guardian","floor":20,"turns":6},{"damage":4,"enemies":"3 Byrds","floor":21,"turns":6},{"damage":18,"enemies":"conspire:SneckoGhost","floor":25,"turns":8},{"damage":0,"enemies":"downfall:FleeingMerchant","floor":26,"turns":4},{"damage":9,"enemies":"Snake Plant","floor":28,"turns":3},{"damage":11,"enemies":"Shelled Parasite and Fungi","floor":29,"turns":3},{"damage":20,"enemies":"Gremlin Leader","floor":30,"turns":3},{"damage":12,"enemies":"Sentry and Sphere","floor":31,"turns":5},{"damage":1,"enemies":"Cultist and Chosen","floor":32,"turns":6},{"damage":23,"enemies":"IC_MUSHROOM_ARCHETYPE","floor":33,"turns":3},{"damage":2,"enemies":"Orb Walker","floor":36,"turns":5},{"damage":21,"enemies":"3 Shapes","floor":37,"turns":7},{"damage":10,"enemies":"downfall:FleeingMerchant","floor":42,"turns":4},{"damage":27,"enemies":"Spire Growth","floor":43,"turns":9},{"damage":14,"enemies":"Writhing Mass","floor":44,"turns":5},{"damage":1,"enemies":"3 Darklings","floor":48,"turns":6},{"damage":0,"enemies":"Maw","floor":49,"turns":1},{"damage":126,"enemies":"SI_POISON_ARCHETYPE","floor":50,"turns":8}],"seed_played":"-566347586639622641","potions_obtained":[{"floor":3,"key":"blueLaboratory:BubblePotion"},{"floor":6,"key":"Explosive Potion"},{"floor":9,"key":"Guardian:BlockOnCardUsePotion"},{"floor":14,"key":"Swift Potion"},{"floor":20,"key":"Weak Potion"},{"floor":28,"key":"sneckomod:MuddlingPotion"},{"floor":31,"key":"Fire Potion"},{"floor":32,"key":"blueLaboratory:NullPotion"},{"floor":33,"key":"FearPotion"}],"is_trial":false,"path_per_floor":["R","M","M","?","M","M","MIM","R","M","M","?","R","$","E","M","B",null,"R","?","M","M","AVR","R","T","E","$","R","M","M","E","M","M","B",null,"R","M","M","?","?","?","T","$","M","M","?","AVR","R","M","M","B",null],"character_chosen":"HERMIT","items_purchased":["trackpad:HandOfMidas","Apotheosis","hermit:TakeAim","Guardian:BlockOnCardUsePotion"],"campfire_rested":3,"item_purchase_floors":[26,26,26,26],"current_hp_per_floor":[68,62,57,57,57,51,50,50,47,47,47,47,51,47,43,15,68,68,38,11,15,15,35,35,17,25,45,48,37,29,29,32,45,68,68,66,68,77,77,77,77,67,48,38,38,38,61,64,64,1],"gold":272,"neow_bonus":"TWO_FIFTY_GOLD","is_daily":false,"chose_seed":false,"campfire_upgraded":4,"win_rate":0.0,"timestamp":1614068243,"path_taken":["R","M","M","?","M","M","MIM","R","M","M","?","R","$","E","M","BOSS","R","?","?","M","AVR","R","T","E","?","R","M","M","E","M","M","BOSS","R","M","M","?","?","?","T","?","M","M","?","AVR","R","?","M","BOSS"],"items_purchased_type":["Relic","Card","Card","Potion"],"build_version":"2020-12-22","purchased_purges":2,"victory":true,"max_hp_per_floor":[68,68,68,68,68,68,68,68,68,68,68,68,68,68,68,68,68,68,68,68,68,68,68,68,68,68,68,68,68,68,68,68,68,68,68,68,68,77,77,77,77,77,77,77,77,77,77,77,77,77],"card_choices":[{"not_picked":["hermit:Manifest","hermit:BodyArmor"],"picked":"hermit:CalledShot","floor":2},{"not_picked":["hermit:FullyLoaded","hermit:Glare"],"picked":"hermit:TrackingShot","floor":3},{"not_picked":["hermit:WideOpen","hermit:PistolWhip"],"picked":"hermit:Dive","floor":5},{"not_picked":["hermit:Scavenge","hermit:ItchyTrigger"],"picked":"hermit:BigShot","floor":6},{"not_picked":["hermit:Misfire","hermit:Midnight"],"picked":"hermit:Vantage","floor":7},{"not_picked":["hermit:LowProfile","hermit:TrackingShot"],"picked":"hermit:Headshot","floor":9},{"not_picked":["hermit:Headshot","hermit:CalledShot"],"picked":"hermit:Reprieve","floor":10},{"not_picked":["hermit:Brawl","hermit:ItchyTrigger"],"picked":"hermit:Maintenance","floor":14},{"not_picked":["hermit:Misfire","hermit:Ricochet"],"picked":"hermit:Coalescence","floor":15},{"not_picked":["hermit:DeadOrAlive","hermit:HeroicBravado"],"picked":"hermit:BlackWind","floor":16},{"not_picked":["hermit:Brawl","hermit:GoldenBullet+1"],"picked":"hermit:Gestalt","floor":20},{"not_picked":["hermit:HighCaliber+1","hermit:LoneWolf","hermit:Ricochet"],"picked":"SKIP","floor":21},{"not_picked":["hermit:Gambit","hermit:TakeAim+1"],"picked":"hermit:TakeCover","floor":25},{"not_picked":["hermit:Virtue","hermit:CalledShot","hermit:Malice+1"],"picked":"SKIP","floor":26},{"not_picked":["hermit:Vantage","hermit:SprayPray","hermit:Coalescence"],"picked":"SKIP","floor":28},{"not_picked":["hermit:Desperado","hermit:ItchyTrigger","hermit:TrackingShot"],"picked":"SKIP","floor":29},{"not_picked":["hermit:FullyLoaded","hermit:Headshot","hermit:Manifest"],"picked":"SKIP","floor":30},{"not_picked":["hermit:BodyArmor","hermit:Dissolve","hermit:ItchyTrigger"],"picked":"SKIP","floor":31},{"not_picked":["hermit:BodyArmor","hermit:ItchyTrigger"],"picked":"hermit:Dissolve","floor":31},{"not_picked":["hermit:Glare","hermit:Horror+1","hermit:HoleUp"],"picked":"SKIP","floor":32},{"not_picked":["hermit:Gambit","hermit:HighNoon"],"picked":"hermit:BlackWind","floor":33},{"not_picked":["hermit:Quickdraw","hermit:Misfire","hermit:Snipe"],"picked":"SKIP","floor":36},{"not_picked":["hermit:Desperado+1","hermit:LowProfile+1","hermit:Roulette+1"],"picked":"SKIP","floor":37},{"not_picked":["hermit:Desperado+1","hermit:Dive","hermit:Roulette+1"],"picked":"SKIP","floor":42},{"not_picked":["hermit:Desperado+1","hermit:Glare+1","hermit:CursedWeapon"],"picked":"SKIP","floor":43},{"not_picked":["hermit:Desperado","hermit:LoneWolf+1","hermit:TrackingShot+1"],"picked":"SKIP","floor":44},{"not_picked":["hermit:LowProfile","hermit:TrackingShot+1","hermit:Roulette+1"],"picked":"SKIP","floor":48},{"not_picked":["hermit:CursedWeapon","hermit:Vantage+1"],"picked":"hermit:Combo+1","floor":49}],"player_experience":431324,"relics_obtained":[{"floor":7,"key":"Vajra"},{"floor":14,"key":"infinitespire:Eraser"},{"floor":17,"key":"conspire:TopHat"},{"floor":17,"key":"reliquary:IridiumChain"},{"floor":17,"key":"conspire:Boomerang"},{"floor":19,"key":"downfall:GremlinWheel"},{"floor":24,"key":"reliquary:RoseTintedGlasses"},{"floor":25,"key":"StuffTheSpire:Experiment12"},{"floor":30,"key":"infinitespire:Satchel"}],"event_choices":[{"damage_healed":0,"gold_gain":0,"player_choice":"3","damage_taken":0,"max_hp_gain":0,"max_hp_loss":0,"event_name":"betterMatch:BetterMatch","floor":11,"gold_loss":0,"cards_obtained":[]},{"damage_healed":0,"gold_gain":0,"player_choice":"Cursed","damage_taken":0,"max_hp_gain":0,"max_hp_loss":0,"event_name":"Wheel of Change","floor":23,"gold_loss":0,"cards_obtained":["Decay"]}],"is_beta":false,"boss_relics":[{"not_picked":["StuffTheSpire:RunicConfusion","aspiration:RandomNobGenerator"],"picked":"Calling Bell"},{"not_picked":["energizedSpire:SpiderWeb","Coffee Dripper"],"picked":"Sozu"}],"items_purged_floors":[22,26],"is_endless":false,"potions_floor_spawned":[3,6,9,14,20,28,30,31,32,33,36],"ascension_level":0}}