{"host":"qrfkyfrpo74atslb","time":1614072101,"event":{"mods":["Bartender","BaseMod","Beaked The Cultist","CapriCore","Colored Map","Colored Powertips","Conspire","DeckTracker","Downfall","Hermit","Hubris","Koishi","LagranYue(???·?)","Marisa????????","Minty Spire (QoL Compilation)","Prisma Mod","Remilia??????","StSLib","The Alterego","The Cursed","The Immortal","The Mystic","The Necromancer","The Servant 0.9.4","The Wild Card","Yakumo Yukari mod","Yuyuko"],"gold_per_floor":[99,113,125,135,135,152,152,163,179,179,179,193,31,43,54,54,54,54],"floor_reached":16,"language":"ENG","playtime":727,"items_purged":[],"score":98,"play_id":"2858f3d6-f8b8-46b0-9920-1e9f5d098647","local_time":"20210223222141","is_ascension_mode":false,"campfire_choices":[{"floor":1,"key":"RECALL"},{"floor":11,"key":"REST"}],"circlet_count":0,"master_deck":["bronze:Strike","bronze:Strike","bronze:Strike","bronze:Defend","bronze:Defend","bronze:Defend","bronze:Defend","bronze:Replicate","bronze:Goto","bronze:Iterate","bronze:Overheat","bronze:ChosenStrike","bronze:ChosenStrike","bronze:CutThrough","bronze:ClassDefault","bronze:DelayedSlice","bronze:Shield","bronze:DelayedGuard","bronze:OilSpill","bronze:BronzeOrb"],"relics":["bronze:BronzeCore","LagranYue:RandomDrawCardRelic","ClockworkSouvenir"],"acts_visited":["Exordium"],"potions_floor_usage":[12,16,16],"damage_taken":[{"damage":4,"enemies":"2 Louse","floor":2,"turns":3},{"damage":6,"enemies":"Cultist","floor":3,"turns":3},{"damage":1,"enemies":"Jaw Worm","floor":4,"turns":3},{"damage":18,"enemies":"Lots of Slimes","floor":6,"turns":5},{"damage":10,"enemies":"downfall:LooterAlt","floor":8,"turns":2},{"damage":5,"enemies":"3 Louse","floor":9,"turns":3},{"damage":0,"enemies":"Red Slaver","floor":12,"turns":1},{"damage":10,"enemies":"downfall:FleeingMerchant","floor":13,"turns":4},{"damage":10,"enemies":"Exordium Thugs","floor":14,"turns":3},{"damage":7,"enemies":"Blue Slaver","floor":15,"turns":2},{"damage":43,"enemies":"WA_ARCHETYPE_RETAIN","floor":16,"turns":6}],"seed_played":"3353721221781317134","potions_obtained":[{"floor":2,"key":"Slimebound:ThreeZeroPotion"},{"floor":9,"key":"FearPotion"},{"floor":14,"key":"conspire:TimeTravelPotion"},{"floor":15,"key":"Slimebound:ThreeZeroPotion"}],"is_trial":false,"path_per_floor":["R","M","M","M","?","M","T","M","M","?","R","M","$","M","M","B"],"character_chosen":"THE_AUTOMATON","items_purchased":["ClockworkSouvenir"],"campfire_rested":1,"item_purchase_floors":[13],"current_hp_per_floor":[77,73,67,66,66,48,48,38,33,33,56,56,46,36,29,0,0,0],"gold":54,"neow_bonus":"TEN_PERCENT_HP_BONUS","is_daily":false,"chose_seed":false,"campfire_upgraded":0,"win_rate":0.0,"timestamp":1614072101,"path_taken":["R","M","M","M","?","M","T","?","M","?","R","M","$","M","M","BOSS"],"items_purchased_type":["Relic"],"build_version":"2020-12-22","purchased_purges":0,"victory":false,"max_hp_per_floor":[77,77,77,77,77,77,77,77,77,77,77,77,77,77,77,77,77,77],"card_choices":[{"not_picked":["bronze:ForLoop","bronze:BitShift"],"picked":"bronze:Iterate","floor":2},{"not_picked":["bronze:Iterate","bronze:OilSpill"],"picked":"bronze:Overheat","floor":3},{"not_picked":["bronze:CutThrough","bronze:WildBeam"],"picked":"bronze:ChosenStrike","floor":4},{"not_picked":["bronze:Assembly","bronze:BugBarrage"],"picked":"bronze:CutThrough","floor":6},{"not_picked":["bronze:WildBeam","bronze:Branch"],"picked":"bronze:ClassDefault","floor":8},{"not_picked":["bronze:Branch","bronze:MaxOutput"],"picked":"bronze:DelayedSlice","floor":9},{"not_picked":["bronze:BuggyMess","bronze:Deprecate"],"picked":"bronze:Shield","floor":12},{"not_picked":["bronze:Break","bronze:BugBarrage"],"picked":"bronze:DelayedGuard","floor":13},{"not_picked":["bronze:WildBeam","bronze:Philosophize"],"picked":"bronze:OilSpill","floor":14},{"not_picked":["bronze:Flail","bronze:CutThrough"],"picked":"bronze:BronzeOrb","floor":15}],"player_experience":126483,"relics_obtained":[],"event_choices":[],"is_beta":false,"boss_relics":[],"items_purged_floors":[],"is_endless":false,"potions_floor_spawned":[2,9,14,15],"killed_by":"WA_ARCHETYPE_RETAIN","ascension_level":0}}