{"host":"2l5k2wp87eek7qja","time":1614105628,"event":{"mods":["BaseMod","Colored Map","Minty Spire (QoL Compilation)","Relic Stats"],"gold_per_floor":[363,381,278,278,289,318,318,344,344,379,391,401,420,454,454,454,454],"floor_reached":16,"language":"ENG","playtime":669,"items_purged":["Strike_G"],"score":264,"play_id":"9de5efa8-44d6-476e-9cac-deafeab36927","local_time":"20210223204028","is_ascension_mode":true,"campfire_choices":[{"data":"Cloak And Dagger","floor":7,"key":"SMITH"},{"data":"Accuracy","floor":15,"key":"SMITH"}],"circlet_count":0,"master_deck":["AscendersBane","Strike_G","Strike_G","Strike_G","Strike_G","Defend_G","Defend_G","Defend_G","Defend_G","Defend_G","Survivor","Neutralize","Quick Slash","Quick Slash","Cloak And Dagger+1","Accuracy+1","Infinite Blades+1"],"relics":["Ring of the Snake","Singing Bowl","Ninja Scroll","Pear","Frozen Egg 2","Darkstone Periapt"],"acts_visited":["Exordium"],"potions_floor_usage":[6,6,8,11,14,14],"damage_taken":[{"damage":0,"enemies":"2 Louse","floor":1,"turns":4},{"damage":1,"enemies":"Cultist","floor":2,"turns":4},{"damage":0,"enemies":"Small Slimes","floor":5,"turns":4},{"damage":6,"enemies":"Lagavulin","floor":6,"turns":5},{"damage":28,"enemies":"Gremlin Nob","floor":8,"turns":4},{"damage":13,"enemies":"3 Sentries","floor":10,"turns":8},{"damage":0,"enemies":"3 Louse","floor":11,"turns":3},{"damage":0,"enemies":"Looter","floor":12,"turns":2},{"damage":7,"enemies":"Large Slime","floor":13,"turns":7},{"damage":12,"enemies":"Lagavulin","floor":14,"turns":5},{"damage":14,"enemies":"The Guardian","floor":16,"turns":10}],"seed_played":"-5859614400665178497","potions_obtained":[{"floor":2,"key":"CunningPotion"},{"floor":5,"key":"Strength Potion"},{"floor":6,"key":"Strength Potion"},{"floor":10,"key":"SkillPotion"},{"floor":12,"key":"Strength Potion"},{"floor":13,"key":"Swift Potion"}],"is_trial":false,"path_per_floor":["M","M","$","?","M","E","R","E","T","E","M","M","M","E","R","B"],"character_chosen":"THE_SILENT","items_purchased":["Cloak And Dagger"],"campfire_rested":0,"item_purchase_floors":[3],"current_hp_per_floor":[59,58,58,58,58,54,54,28,38,25,27,29,24,14,14,0,0],"gold":454,"neow_bonus":"TWO_FIFTY_GOLD","is_daily":false,"chose_seed":false,"campfire_upgraded":2,"win_rate":0.0,"timestamp":1614105628,"path_taken":["M","M","$","?","M","E","R","E","T","E","M","?","M","E","R","BOSS"],"items_purchased_type":["Card"],"build_version":"2020-12-22","purchased_purges":1,"victory":false,"max_hp_per_floor":[60,60,60,60,60,62,62,64,74,74,76,78,80,82,82,82,82],"relic_stats":{"Darkstone Periapt":0,"Singing Bowl":12,"counters":[11,56],"obtain_stats":[{"Darkstone Periapt":14,"Pear":9,"Singing Bowl":6,"Ninja Scroll":8,"Frozen Egg 2":10,"Ring of the Snake":0},{"Darkstone Periapt":10,"Pear":5,"Singing Bowl":4,"Ninja Scroll":5,"Frozen Egg 2":6,"Ring of the Snake":0},{"Darkstone Periapt":46,"Pear":21,"Singing Bowl":17,"Ninja Scroll":21,"Frozen Egg 2":29,"Ring of the Snake":0}],"Ring of the Snake":[22]},"card_choices":[{"not_picked":["Sucker Punch","Deflect"],"picked":"Quick Slash","floor":1},{"not_picked":["Poisoned Stab","Underhanded Strike"],"picked":"Quick Slash","floor":2},{"not_picked":["Quick Slash","Backstab"],"picked":"Accuracy","floor":5},{"not_picked":["Grand Finale","Acrobatics","Dodge and Roll"],"picked":"Singing Bowl","floor":6},{"not_picked":["Expertise","Reflex","Flying Knee"],"picked":"Singing Bowl","floor":8},{"not_picked":["Terror","Dagger Spray"],"picked":"Infinite Blades+1","floor":10},{"not_picked":["Bouncing Flask","Backstab","Acrobatics"],"picked":"Singing Bowl","floor":11},{"not_picked":["Prepared","Deflect","All Out Attack"],"picked":"Singing Bowl","floor":12},{"not_picked":["Flechettes","Flying Knee","Dagger Spray"],"picked":"Singing Bowl","floor":13},{"not_picked":["Glass Knife","PiercingWail","Endless Agony"],"picked":"Singing Bowl","floor":14}],"player_experience":867548,"relics_obtained":[{"floor":6,"key":"Singing Bowl"},{"floor":8,"key":"Ninja Scroll"},{"floor":9,"key":"Pear"},{"floor":10,"key":"Frozen Egg 2"},{"floor":14,"key":"Darkstone Periapt"}],"event_choices":[{"damage_healed":0,"gold_gain":0,"player_choice":"0 cards matched","damage_taken":0,"max_hp_gain":0,"max_hp_loss":0,"event_name":"Match and Keep!","floor":4,"gold_loss":0,"cards_obtained":[]}],"is_beta":false,"boss_relics":[],"items_purged_floors":[3],"is_endless":false,"potions_floor_spawned":[2,5,6,10,12,13],"killed_by":"The Guardian","ascension_level":20}}