{"host":"2l5k2wp87eek7qja","time":1614097617,"event":{"mods":["BaseMod","Colored Map","Minty Spire (QoL Compilation)","Relic Stats"],"gold_per_floor":[118,138,63,63,63,89,109,109,164,196,206,131,166,183,183,260,260,275,275,322,237,252,252,280,280,280,312,328,328,356,384,384,458,458,471,47,395,1394,582,609,609,643,668,693,713,741,756,756,756,756,756,756,756,223,258,258],"floor_reached":57,"language":"ENG","playtime":3234,"items_purged":["Strike_G","Strike_G","Normality","Strike_G"],"score":3124,"play_id":"9997fb50-8807-42bc-8682-8af5c2022373","local_time":"20210223182657","is_ascension_mode":true,"campfire_choices":[{"data":"Finisher","floor":8.0,"key":"SMITH"},{"data":"Leg Sweep","floor":15.0,"key":"SMITH"},{"data":"Phantasmal Killer","floor":23.0,"key":"SMITH"},{"data":"Concentrate","floor":25.0,"key":"SMITH"},{"data":"Outmaneuver","floor":32.0,"key":"SMITH"},{"floor":41.0,"key":"RECALL"},{"data":"Malaise","floor":49.0,"key":"SMITH"},{"data":"Blade Dance","floor":53.0,"key":"SMITH"}],"circlet_count":0,"master_deck":["AscendersBane","Strike_G+1","Defend_G","Defend_G+1","Defend_G","Defend_G+1","Survivor","Neutralize+1","Quick Slash","Quick Slash","Finisher+1","Flying Knee","Phantasmal Killer+1","Leg Sweep+1","Adrenaline","Outmaneuver+1","Prepared+1","Concentrate+1","Glass Knife","Blade Dance","Blade Dance+1","Malaise+1","Normality","Apotheosis+1","Venomology+1","Calculated Gamble+1","Prepared+1","Leg Sweep+1","Backflip+1","Caltrops","Good Instincts+1","Adrenaline+1"],"relics":["Ring of the Snake","NeowsBlessing","Toy Ornithopter","StrikeDummy","Mango","Runic Pyramid","MutagenicStrength","Vajra","Shuriken","Torii","Tingsha","Akabeko","Red Mask","Gremlin Horn","Coffee Dripper","Anchor","Potion Belt","Old Coin","Oddly Smooth Stone","Toxic Egg 2","Sundial","Orichalcum","Bronze Scales","Dream Catcher","Ginger","Membership Card","Bag of Preparation","War Paint"],"acts_visited":["Exordium","TheCity","TheBeyond","TheEnding"],"potions_floor_usage":[56,56,56,56],"damage_taken":[{"damage":0.0,"enemies":"Jaw Worm","floor":1.0,"turns":1.0},{"damage":0.0,"enemies":"Small Slimes","floor":2.0,"turns":1.0},{"damage":0.0,"enemies":"3 Sentries","floor":6.0,"turns":1.0},{"damage":0.0,"enemies":"2 Louse","floor":7.0,"turns":2.0},{"damage":7.0,"enemies":"Gremlin Nob","floor":10.0,"turns":3.0},{"damage":0.0,"enemies":"Looter","floor":11.0,"turns":3.0},{"damage":16.0,"enemies":"3 Sentries","floor":13.0,"turns":8.0},{"damage":13.0,"enemies":"Exordium Thugs","floor":14.0,"turns":4.0},{"damage":27.0,"enemies":"The Guardian","floor":16.0,"turns":16.0},{"damage":0.0,"enemies":"Chosen","floor":18.0,"turns":2.0},{"damage":4.0,"enemies":"3 Byrds","floor":22.0,"turns":6.0},{"damage":13.0,"enemies":"Slavers","floor":24.0,"turns":6.0},{"damage":4.0,"enemies":"Gremlin Leader","floor":27.0,"turns":4.0},{"damage":0.0,"enemies":"Centurion and Healer","floor":28.0,"turns":3.0},{"damage":0.0,"enemies":"Masked Bandits","floor":30.0,"turns":3.0},{"damage":0.0,"enemies":"Slavers","floor":31.0,"turns":3.0},{"damage":2.0,"enemies":"Automaton","floor":33.0,"turns":4.0},{"damage":0.0,"enemies":"3 Darklings","floor":35.0,"turns":1.0},{"damage":18.0,"enemies":"2 Orb Walkers","floor":37.0,"turns":4.0},{"damage":0.0,"enemies":"Reptomancer","floor":40.0,"turns":1.0},{"damage":0.0,"enemies":"Giant Head","floor":42.0,"turns":2.0},{"damage":4.0,"enemies":"3 Shapes","floor":45.0,"turns":6.0},{"damage":0.0,"enemies":"Reptomancer","floor":46.0,"turns":1.0},{"damage":1.0,"enemies":"Sphere and 2 Shapes","floor":47.0,"turns":3.0},{"damage":9.0,"enemies":"Awakened One","floor":50.0,"turns":7.0},{"damage":22.0,"enemies":"Time Eater","floor":51.0,"turns":9.0},{"damage":1.0,"enemies":"Shield and Spear","floor":55.0,"turns":4.0},{"damage":92,"enemies":"The Heart","floor":56,"turns":11}],"seed_played":"2411326174898795001","potions_obtained":[{"floor":2.0,"key":"DistilledChaos"},{"floor":6.0,"key":"GamblersBrew"},{"floor":10.0,"key":"PowerPotion"},{"floor":13.0,"key":"DuplicationPotion"},{"floor":14.0,"key":"Swift Potion"},{"floor":18.0,"key":"SkillPotion"},{"floor":28.0,"key":"FearPotion"},{"floor":30.0,"key":"Swift Potion"},{"floor":31.0,"key":"Fruit Juice"},{"floor":35.0,"key":"LiquidMemories"}],"is_trial":false,"path_per_floor":["M","M","?","?","?","E","M","R","T","E","M","$","E","M","R","B",null,"M","?","T","?","M","R","E","R","T","E","M","?","?","E","R","B",null,"M","$","?","?","$","E","R","E","T","T","M","E","M","?","R","B","B",null,"R","$","E","B",null],"character_chosen":"THE_SILENT","items_purchased":["Anchor","Potion Belt","Oddly Smooth Stone","Toxic Egg 2","Apotheosis+1","Explosive Potion","Membership Card","Caltrops","Good Instincts+1","Bag of Preparation","Adrenaline+1","FearPotion","Weak Potion"],"campfire_rested":0,"item_purchase_floors":[36,36,39,39,39,39,54,54,54,54,54,54,54],"current_hp_per_floor":[59,59,59,64,43,43,43,43,43,46,46,46,49,36,36,14,67,67,67,67,67,63,63,55,55,55,56,56,56,61,66,66,64,80,80,80,62,62,62,62,62,62,62,62,68,73,72,72,72,73,56,82,82,82,90,18],"gold":258,"neow_bonus":"THREE_ENEMY_KILL","is_daily":false,"chose_seed":false,"campfire_upgraded":7,"win_rate":0.0,"timestamp":1614097617,"path_taken":["M","M","?","?","?","E","M","R","T","E","M","?","E","M","R","BOSS","M","?","?","?","M","R","E","R","T","E","M","?","?","E","R","BOSS","M","$","?","?","$","E","R","E","T","?","M","E","M","?","R","BOSS","BOSS","R","$","E","BOSS"],"items_purchased_type":["Relic","Relic","Relic","Relic","Card","Potion","Relic","Card","Card","Relic","Card","Potion","Potion"],"build_version":"2020-12-22","purchased_purges":4,"victory":true,"max_hp_per_floor":[66,66,66,71,71,71,71,71,71,71,71,71,85,85,85,85,85,85,85,85,85,85,85,85,85,85,85,85,85,85,85,85,85,85,85,85,85,85,85,85,85,85,85,85,90,90,90,90,90,90,90,90,90,90,90,90],"relic_stats":{"Torii":66,"Gremlin Horn":[16,16],"counters":[28,119],"Tingsha":[291],"Bag of Preparation":[4],"Ginger":[4],"Orichalcum":[18],"War Paint":["Defend_G","Defend_G"],"Dream Catcher":0,"Shuriken":[54],"Sundial":[6],"Bronze Scales":[246],"obtain_stats":[{"Torii":24,"Gremlin Horn":31,"Vajra":20,"Mango":13,"Bag of Preparation":54,"Ginger":46,"Old Coin":37,"Dream Catcher":44,"Sundial":40,"Red Mask":30,"Toxic Egg 2":39,"Ring of the Snake":0,"Runic Pyramid":17,"Potion Belt":36,"NeowsBlessing":0,"Oddly Smooth Stone":39,"Tingsha":26,"Orichalcum":42,"War Paint":55,"Akabeko":27,"Anchor":36,"Shuriken":21,"MutagenicStrength":19,"Bronze Scales":43,"Coffee Dripper":34,"Membership Card":54,"StrikeDummy":10,"Toy Ornithopter":6},{"Torii":12,"Gremlin Horn":16,"Vajra":10,"Mango":7,"Bag of Preparation":26,"Ginger":23,"Old Coin":19,"Dream Catcher":21,"Sundial":20,"Red Mask":15,"Toxic Egg 2":19,"Ring of the Snake":0,"Runic Pyramid":9,"Potion Belt":18,"NeowsBlessing":0,"Oddly Smooth Stone":19,"Tingsha":12,"Orichalcum":21,"War Paint":27,"Akabeko":13,"Anchor":18,"Shuriken":10,"MutagenicStrength":10,"Bronze Scales":21,"Coffee Dripper":17,"Membership Card":26,"StrikeDummy":5,"Toy Ornithopter":3},{"Torii":53,"Gremlin Horn":66,"Vajra":41,"Mango":19,"Bag of Preparation":104,"Ginger":85,"Old Coin":75,"Dream Catcher":78,"Sundial":76,"Red Mask":63,"Toxic Egg 2":75,"Ring of the Snake":0,"Runic Pyramid":39,"Potion Belt":71,"NeowsBlessing":0,"Oddly Smooth Stone":75,"Tingsha":53,"Orichalcum":78,"War Paint":108,"Akabeko":57,"Anchor":71,"Shuriken":41,"MutagenicStrength":41,"Bronze Scales":78,"Coffee Dripper":70,"Membership Card":104,"StrikeDummy":8,"Toy Ornithopter":3}],"Toy Ornithopter":94,"Ring of the Snake":[56]},"card_choices":[{"not_picked":["Bane","Dodge and Roll"],"picked":"Quick Slash","floor":1.0},{"not_picked":["PiercingWail","Distraction"],"picked":"Quick Slash","floor":2.0},{"not_picked":["Bane","Dagger Spray"],"picked":"Finisher","floor":6.0},{"not_picked":["Crippling Poison","Backflip"],"picked":"Flying Knee","floor":7.0},{"not_picked":["Prepared","Acrobatics"],"picked":"Phantasmal Killer","floor":10.0},{"not_picked":["Outmaneuver","Deflect","Underhanded Strike"],"picked":"SKIP","floor":11.0},{"not_picked":["Masterful Stab","Prepared","Heel Hook"],"picked":"SKIP","floor":13.0},{"not_picked":["PiercingWail","Flying Knee"],"picked":"Leg Sweep","floor":14.0},{"not_picked":["Tools of the Trade","Storm of Steel"],"picked":"Adrenaline","floor":16.0},{"not_picked":["Well Laid Plans","Backflip"],"picked":"Outmaneuver","floor":18.0},{"not_picked":["Tactician","Dagger Spray"],"picked":"Prepared+1","floor":22.0},{"not_picked":["Bane","Dagger Spray"],"picked":"Concentrate","floor":24.0},{"not_picked":["Quick Slash","Prepared"],"picked":"Glass Knife","floor":27.0},{"not_picked":["Dagger Throw","Prepared"],"picked":"Blade Dance","floor":28.0},{"not_picked":["Deadly Poison","Outmaneuver"],"picked":"Blade Dance","floor":30.0},{"not_picked":["Well Laid Plans","Distraction","Riddle With Holes"],"picked":"SKIP","floor":31.0},{"not_picked":["Tools of the Trade","Phantasmal Killer"],"picked":"Malaise","floor":33.0},{"not_picked":["Acrobatics+1","Setup","Blade Dance"],"picked":"SKIP","floor":35.0},{"not_picked":["Riddle With Holes+1","Predator+1"],"picked":"Venomology+1","floor":40.0},{"not_picked":["Tactician+1","Corpse Explosion+1"],"picked":"Calculated Gamble+1","floor":42.0},{"not_picked":["Bane","Deadly Poison+1"],"picked":"Prepared+1","floor":45.0},{"not_picked":["Infinite Blades","Prepared+1"],"picked":"Leg Sweep+1","floor":46.0},{"not_picked":["Sucker Punch","Well Laid Plans+1"],"picked":"Backflip+1","floor":47.0},{"not_picked":["Grand Finale","Escape Plan+1","Poisoned Stab+1"],"picked":"SKIP","floor":55.0}],"player_experience":860390,"relics_obtained":[{"floor":6.0,"key":"Toy Ornithopter"},{"floor":10.0,"key":"StrikeDummy"},{"floor":13.0,"key":"Mango"},{"floor":20.0,"key":"Vajra"},{"floor":24.0,"key":"Torii"},{"floor":26.0,"key":"Tingsha"},{"floor":27.0,"key":"Akabeko"},{"floor":30.0,"key":"Red Mask"},{"floor":31.0,"key":"Gremlin Horn"},{"floor":37.0,"key":"Old Coin"},{"floor":40.0,"key":"Sundial"},{"floor":42.0,"key":"Orichalcum"},{"floor":43.0,"key":"Bronze Scales"},{"floor":44.0,"key":"Dream Catcher"},{"floor":46.0,"key":"Ginger"},{"floor":55.0,"key":"War Paint"}],"event_choices":[{"cards_removed":["Strike_G"],"damage_healed":0.0,"max_hp_gain":0.0,"max_hp_loss":0.0,"gold_gain":0.0,"event_name":"The Cleric","player_choice":"Card Removal","floor":3.0,"gold_loss":75.0,"damage_taken":0.0},{"damage_healed":0.0,"max_hp_gain":5.0,"max_hp_loss":0.0,"gold_gain":0.0,"event_name":"Big Fish","player_choice":"Donut","floor":4.0,"gold_loss":0.0,"damage_taken":0.0},{"damage_healed":0.0,"max_hp_gain":0.0,"max_hp_loss":0.0,"gold_gain":0.0,"event_name":"Shining Light","player_choice":"Entered Light","floor":5.0,"gold_loss":0.0,"damage_taken":21.0,"cards_upgraded":["Neutralize","Strike_G"]},{"damage_healed":0.0,"max_hp_gain":0.0,"max_hp_loss":0.0,"gold_gain":0.0,"event_name":"Drug Dealer","player_choice":"Inject Mutagens","floor":19.0,"gold_loss":0.0,"damage_taken":0.0,"relics_obtained":["MutagenicStrength"]},{"damage_healed":0.0,"max_hp_gain":0.0,"max_hp_loss":0.0,"gold_gain":0.0,"event_name":"Addict","player_choice":"Obtained Relic","floor":21.0,"gold_loss":85.0,"damage_taken":0.0,"relics_obtained":["Shuriken"]},{"damage_healed":0.0,"max_hp_gain":0.0,"max_hp_loss":0.0,"gold_gain":0.0,"event_name":"Vampires","player_choice":"Ignored","floor":29.0,"gold_loss":0.0,"damage_taken":0.0},{"damage_healed":0.0,"max_hp_gain":0.0,"max_hp_loss":0.0,"gold_gain":0.0,"event_name":"Masked Bandits","player_choice":"Fought Bandits","floor":30.0,"gold_loss":0.0,"damage_taken":0.0},{"damage_healed":0.0,"max_hp_gain":0.0,"max_hp_loss":0.0,"gold_gain":0.0,"event_name":"Mysterious Sphere","player_choice":"Fight","floor":37.0,"gold_loss":0.0,"damage_taken":0.0},{"damage_healed":0.0,"max_hp_gain":0.0,"max_hp_loss":0.0,"gold_gain":999.0,"event_name":"MindBloom","player_choice":"Gold","floor":38.0,"gold_loss":0.0,"damage_taken":0.0,"cards_obtained":["Normality","Normality"]},{"cards_removed":["Defend_G"],"damage_healed":0.0,"max_hp_gain":0.0,"max_hp_loss":0.0,"gold_gain":0.0,"event_name":"Falling","player_choice":"Removed Skill","floor":48.0,"gold_loss":0.0,"damage_taken":0.0}],"is_beta":false,"boss_relics":[{"not_picked":["Fusion Hammer","Runic Dome"],"picked":"Runic Pyramid"},{"not_picked":["Black Star","Snecko Eye"],"picked":"Coffee Dripper"}],"items_purged_floors":[12,36,39,54],"is_endless":false,"potions_floor_spawned":[2,6,10,13,14,18,28,30,31,35,47],"ascension_level":20}}