{"host":"z37g2hkgkh2zjyzk","time":1614122211,"event":{"mods":["2.2 Compatiblity","AchievementEnabler","BaseMod","Bestiary","Colored Map","Colored Powertips","Curses Come First","Highlight Path","Keyboard Shortcuts","Minty Spire (QoL Compilation)","Relic Stats","StSLib","SuperFastMode"],"gold_per_floor":[117,135,150,170,183,183,216,117,141,92,109,120,100,110,110,210,210,223,223,236,60,77,77,103,115,115,115,134,233,233,233,233,233,233],"floor_reached":33,"language":"ENG","playtime":1672,"items_purged":["Strike_B","Strike_B"],"score":366,"play_id":"28e745cc-50cb-4d39-aaa9-fe5d065e8ffc","local_time":"20210224001651","is_ascension_mode":true,"campfire_choices":[{"data":"Redo","floor":6,"key":"SMITH"},{"data":"Zap","floor":15,"key":"SMITH"},{"data":"Go for the Eyes","floor":23,"key":"SMITH"},{"data":"Coolheaded","floor":27,"key":"SMITH"},{"data":"Injury","floor":32,"key":"PURGE"}],"circlet_count":0,"master_deck":["Strike_B","Defend_B","Defend_B","Defend_B","Defend_B","Zap+1","Dualcast","Barrage","Redo+1","Sweeping Beam","Scrape","Steam","Rebound","Gash","Gash","Coolheaded+1","Skim","Echo Form","Coolheaded+1","BootSequence","Sunder+1","Go for the Eyes+1","Glacier","Rebound","Gash","Coolheaded","Hologram"],"relics":["Coffee Dripper","Sundial","Smiling Mask","Cursed Key","Tiny Chest","Bottled Tornado","Peace Pipe"],"acts_visited":["Exordium","TheCity"],"potions_floor_usage":[7,14,16,16,24,33],"damage_taken":[{"damage":0,"enemies":"Cultist","floor":1,"turns":4},{"damage":0,"enemies":"Jaw Worm","floor":2,"turns":3},{"damage":10,"enemies":"2 Louse","floor":3,"turns":2},{"damage":11,"enemies":"Blue Slaver","floor":4,"turns":3},{"damage":23,"enemies":"3 Louse","floor":5,"turns":3},{"damage":14,"enemies":"Lagavulin","floor":7,"turns":8},{"damage":6,"enemies":"Looter","floor":11,"turns":3},{"damage":0,"enemies":"Large Slime","floor":12,"turns":5},{"damage":0,"enemies":"Exordium Wildlife","floor":14,"turns":4},{"damage":1,"enemies":"The Guardian","floor":16,"turns":11},{"damage":8,"enemies":"Chosen","floor":18,"turns":6},{"damage":3,"enemies":"Shell Parasite","floor":20,"turns":6},{"damage":0,"enemies":"Chosen and Byrds","floor":22,"turns":5},{"damage":22,"enemies":"Slavers","floor":24,"turns":11},{"damage":0,"enemies":"Cultist and Chosen","floor":25,"turns":6},{"damage":0,"enemies":"Centurion and Healer","floor":28,"turns":6},{"damage":32,"enemies":"Collector","floor":33,"turns":3}],"seed_played":"9176076666281115266","potions_obtained":[{"floor":1,"key":"Energy Potion"},{"floor":3,"key":"Dexterity Potion"},{"floor":5,"key":"Block Potion"},{"floor":11,"key":"SpeedPotion"},{"floor":13,"key":"SkillPotion"},{"floor":14,"key":"PowerPotion"},{"floor":20,"key":"Ancient Potion"},{"floor":22,"key":"Fruit Juice"},{"floor":25,"key":"SkillPotion"}],"is_trial":false,"path_per_floor":["M","M","M","M","M","R","E","$","T","?","M","M","?","M","R","B",null,"M","?","M","$","M","R","E","M","T","R","M","?","?","T","R","B"],"character_chosen":"DEFECT","items_purchased":["Gash","Go for the Eyes","Glacier"],"campfire_rested":0,"item_purchase_floors":[8,21,21],"current_hp_per_floor":[68,68,58,47,24,24,10,10,10,10,4,4,4,4,4,3,57,49,49,46,46,46,46,29,29,29,29,29,29,29,29,29,0,0],"gold":233,"neow_bonus":"BOSS_RELIC","is_daily":false,"chose_seed":false,"campfire_upgraded":4,"win_rate":0.0,"timestamp":1614122211,"path_taken":["M","M","M","M","M","R","E","$","T","?","M","M","?","M","R","BOSS","M","?","M","$","M","R","E","M","T","R","?","?","?","?","R","BOSS"],"items_purchased_type":["Card","Card","Card"],"build_version":"2020-12-22","purchased_purges":2,"victory":false,"max_hp_per_floor":[75,75,75,75,75,75,75,75,75,75,75,75,75,75,75,75,75,75,75,75,75,75,75,80,80,80,80,80,80,80,80,80,80,80],"relic_stats":{"Peace Pipe":1,"counters":[17,89],"Sundial":[12],"Tiny Chest":1,"Smiling Mask":50,"Cursed Key":2,"obtain_stats":[{"Peace Pipe":31,"Sundial":7,"Tiny Chest":24,"Coffee Dripper":0,"Bottled Tornado":26,"Cracked Core":0,"Smiling Mask":9,"Cursed Key":17},{"Peace Pipe":16,"Sundial":6,"Tiny Chest":14,"Coffee Dripper":0,"Bottled Tornado":15,"Cracked Core":0,"Smiling Mask":6,"Cursed Key":10},{"Peace Pipe":86,"Sundial":23,"Tiny Chest":74,"Coffee Dripper":0,"Bottled Tornado":80,"Cracked Core":0,"Smiling Mask":23,"Cursed Key":46}]},"card_choices":[{"not_picked":["Static Discharge","Hello World"],"picked":"Barrage","floor":1},{"not_picked":["Melter","Blizzard"],"picked":"Redo","floor":2},{"not_picked":["Beam Cell","Hologram"],"picked":"Sweeping Beam","floor":3},{"not_picked":["Consume","Reinforced Body"],"picked":"Scrape","floor":4},{"not_picked":["White Noise","Compile Driver"],"picked":"Steam","floor":5},{"not_picked":["Barrage","Buffer"],"picked":"Rebound","floor":7},{"not_picked":["Barrage","Conserve Battery"],"picked":"Gash","floor":11},{"not_picked":["White Noise","Recycle"],"picked":"Coolheaded","floor":12},{"not_picked":["Ball Lightning","Compile Driver"],"picked":"Skim","floor":14},{"not_picked":["Multi-Cast","Electrodynamics"],"picked":"Echo Form","floor":16},{"not_picked":["Scrape+1","Cold Snap+1"],"picked":"Coolheaded+1","floor":18},{"not_picked":["Cold Snap","Ball Lightning"],"picked":"Sunder+1","floor":20},{"not_picked":["Reprogram","Barrage+1"],"picked":"Rebound","floor":22},{"not_picked":["Reprogram","Chaos"],"picked":"Gash","floor":24},{"not_picked":["Rebound+1","Double Energy"],"picked":"Coolheaded","floor":25},{"not_picked":["Rebound","White Noise"],"picked":"Hologram","floor":28}],"player_experience":235913,"relics_obtained":[{"floor":7,"key":"Sundial"},{"floor":9,"key":"Smiling Mask"},{"floor":24,"key":"Tiny Chest"},{"floor":26,"key":"Bottled Tornado"},{"floor":31,"key":"Peace Pipe"}],"event_choices":[{"damage_healed":0,"gold_gain":0,"player_choice":"Left Gold","damage_taken":0,"max_hp_gain":0,"max_hp_loss":0,"event_name":"World of Goop","floor":10,"gold_loss":49},{"damage_healed":0,"gold_gain":0,"player_choice":"Bought 1 Potion","damage_taken":0,"max_hp_gain":0,"max_hp_loss":0,"event_name":"The Woman in Blue","floor":13,"gold_loss":0},{"damage_healed":0,"gold_gain":0,"cards_transformed":["Strike_B"],"player_choice":"Transformed","damage_taken":0,"max_hp_gain":0,"max_hp_loss":0,"event_name":"Transmorgrifier","floor":19,"gold_loss":0,"cards_obtained":["BootSequence"]},{"damage_healed":0,"gold_gain":99,"player_choice":"Stole From Cult","damage_taken":0,"max_hp_gain":0,"max_hp_loss":0,"event_name":"Nest","floor":29,"gold_loss":0},{"cards_removed":["Injury"],"damage_healed":0,"gold_gain":0,"player_choice":"Elegance","damage_taken":0,"max_hp_gain":0,"max_hp_loss":0,"event_name":"Back to Basics","floor":30,"gold_loss":0}],"is_beta":false,"boss_relics":[{"not_picked":["Busted Crown","Runic Pyramid"],"picked":"Cursed Key"}],"items_purged_floors":[8,21],"is_endless":false,"potions_floor_spawned":[1,3,5,11,14,20,22,25],"killed_by":"Collector","ascension_level":7}}