{"host":"o3n4et6u1y1w2h5j","time":1614077043,"event":{"mods":["AchievementEnabler","BaseMod","Block Reminder","Colored Powertips","Minty Spire (QoL Compilation)","Rare Cards Sparkle","Relic Stats","Replay The Spire","StSLib"],"gold_per_floor":[363,382,382,87,99,99,110,138,138,11,11,11,24,36,36,36,36],"floor_reached":16,"language":"ENG","playtime":1032,"items_purged":["Strike_B"],"score":117,"play_id":"a4cedfae-a9d9-4923-a3f1-ff75c12877ab","local_time":"20210223024403","is_ascension_mode":true,"campfire_choices":[{"data":"BasicCrystalCard","floor":6,"key":"SMITH"},{"floor":11,"key":"REST"},{"floor":15,"key":"REST"}],"circlet_count":0,"master_deck":["Strike_B","Strike_B","Strike_B","Defend_B","Defend_B","Defend_B","Defend_B","Zap","Dualcast+1","Defend_R","Defend_P","Panic Button","Sweeping Beam","BasicCrystalCard+1","Barrage+1","Coolheaded","Lockon","Chill+1","Capacitor","Ball Lightning"],"relics":["Cracked Core","Quantum Egg","Blue Candle"],"acts_visited":["Exordium"],"potions_floor_usage":[8,14,16,16],"damage_taken":[{"damage":3,"enemies":"2 Louse","floor":1,"turns":3},{"damage":1,"enemies":"Cultist","floor":2,"turns":3},{"damage":8,"enemies":"Small Slimes","floor":5,"turns":2},{"damage":22,"enemies":"Exordium Thugs","floor":7,"turns":5},{"damage":39,"enemies":"Lagavulin","floor":8,"turns":6},{"damage":10,"enemies":"Blue Slaver","floor":13,"turns":3},{"damage":7,"enemies":"Red Slaver","floor":14,"turns":2},{"damage":37,"enemies":"Slime Boss","floor":16,"turns":9}],"seed_played":"1071253598803099415","potions_obtained":[{"floor":1,"key":"DuplicationPotion"},{"floor":2,"key":"SkillPotion"},{"floor":7,"key":"SneckoOil"},{"floor":13,"key":"Reflective Coating"}],"is_trial":false,"path_per_floor":["M","M","?","$","M","R","M","E","T","$","R","?","M","M","R","B"],"character_chosen":"DEFECT","items_purchased":["Quantum Egg","Barrage+1","Chill+1"],"campfire_rested":2,"item_purchase_floors":[4,4,10],"current_hp_per_floor":[72,71,71,71,63,63,41,2,2,2,24,24,14,7,29,0,0],"gold":36,"neow_bonus":"TWO_FIFTY_GOLD","is_daily":false,"chose_seed":false,"campfire_upgraded":1,"win_rate":0.0,"timestamp":1614077043,"path_taken":["M","M","?","$","?","R","M","E","T","?","R","?","?","M","R","BOSS"],"items_purchased_type":["Relic","Card","Card"],"build_version":"2020-12-22","purchased_purges":1,"victory":false,"max_hp_per_floor":[75,75,75,75,75,75,75,75,75,75,75,75,75,75,75,75,75],"relic_stats":{"counters":[8,33],"Blue Candle":[0],"obtain_stats":[{"Quantum Egg":4,"Blue Candle":8,"Cracked Core":0},{"Quantum Egg":2,"Blue Candle":5,"Cracked Core":0},{"Quantum Egg":6,"Blue Candle":19,"Cracked Core":0}]},"card_choices":[{"not_picked":["Aggregate","Double Energy"],"picked":"Panic Button","floor":1},{"not_picked":["Turbo","Coolheaded"],"picked":"Sweeping Beam","floor":2},{"not_picked":["Stack","ReplaySort","Steam"],"picked":"SKIP","floor":5},{"not_picked":["Go for the Eyes","Gash"],"picked":"Coolheaded","floor":7},{"not_picked":["ReplaySolidLightProjector","Fusion"],"picked":"Lockon","floor":8},{"not_picked":["Sweeping Beam","Gash"],"picked":"Capacitor","floor":13},{"not_picked":["Hologram","All For One"],"picked":"Ball Lightning","floor":14}],"player_experience":110980,"relics_obtained":[{"floor":8,"key":"Blue Candle"}],"event_choices":[{"damage_healed":0,"gold_gain":0,"player_choice":"1 cards matched","damage_taken":0,"max_hp_gain":0,"max_hp_loss":0,"event_name":"Match and Keep!","floor":3,"gold_loss":0,"cards_obtained":["BasicCrystalCard"]},{"damage_healed":0,"gold_gain":0,"player_choice":"Upgraded","damage_taken":0,"max_hp_gain":0,"max_hp_loss":0,"event_name":"Upgrade Shrine","floor":12,"gold_loss":0,"cards_upgraded":["Dualcast"]}],"is_beta":false,"boss_relics":[],"items_purged_floors":[10],"is_endless":false,"potions_floor_spawned":[1,2,7,13],"killed_by":"Slime Boss","ascension_level":3}}