{"host":"uyfpom4rlahfoee4","time":1614041317,"event":{"mods":["BaseMod","Downfall","Minty Spire (QoL Compilation)","StSLib"],"gold_per_floor":[99,116,101,114,114,133,133,148,323,342,242,242,242,130,145,247,247,247,263,363,383,397,430,509,509,5,39,39,17,17,47,61,162,162,162,162,14,29,39,70,70,90,109,141,141,167,167,184,195,195],"floor_reached":51,"language":"ENG","playtime":4042,"items_purged":["Doubt"],"score":787,"play_id":"f77a336b-cd70-4876-9e0f-df265b32c865","local_time":"20210222164837","is_ascension_mode":false,"campfire_choices":[{"data":"Slimebound:CorrosiveSpit","floor":1,"key":"SMITH"},{"data":"Slimebound:Split","floor":11,"key":"SMITH"},{"data":"Slimebound:Equalize","floor":13,"key":"SMITH"},{"data":"Slimebound:GoopSpray","floor":18,"key":"SMITH"},{"data":"Slimebound:GrowthPunch","floor":28,"key":"SMITH"},{"data":"Slimebound:Equalize","floor":35,"key":"SMITH"},{"data":"Slimebound:SpikyOuterGoop","floor":45,"key":"SMITH"},{"data":"Slimebound:Gluttony","floor":47,"key":"SMITH"}],"circlet_count":0,"master_deck":["Slimebound:Defend_Slimebound","Slimebound:Defend_Slimebound","Slimebound:Defend_Slimebound","Slimebound:Defend_Slimebound","Slimebound:Split+1","Slimebound:CorrosiveSpit+1","Slimebound:RallyTheTroops","Slimebound:GoopSpray+1","Slimebound:HauntingLick","Slimebound:LeechingTouch","Slimebound:SplitMire","Slimebound:LeadByExample","Slimebound:Equalize+1","Slimebound:MegaLick","Slimebound:SamplingLick","Slimebound:LivingWall","Slimebound:LeechLife","Slimebound:SplitMire","Slimebound:GrowthPunch+1","Slimebound:SlimeSpikes","Slimebound:Equalize+1","Slimebound:Tackle+1","Slimebound:Tackle+1","Slimebound:Tackle+1","Slimebound:ViciousTackle+1","expansioncontent:StudyTheSpire","Slimebound:Gluttony+1","Slimebound:LevelUp+1","Slimebound:RollThrough","Slimebound:Schlurp","downfall:Bewildered","Slimebound:LeechingTouch","Slimebound:SpikyOuterGoop+1","Slimebound:LeechLife","Slimebound:LeechingTouch+1","Slimebound:ViciousTackle","Slimebound:LivingWall+1","Slimebound:Schlurp+1"],"relics":["Slimebound:AbsorbEndCombat","downfall:HeartBlessingBlue","PreservedInsect","SlaversCollar","Red Mask","Letter Opener","Ginger","HornCleat","Incense Burner","sneckomod:BabySnecko","Bag of Preparation","Busted Crown","Slimebound:SelfDamagePreventRelic","Centennial Puzzle","Bottled Tornado","InkBottle","Smiling Mask"],"acts_visited":["Exordium","TheCity","TheBeyond"],"potions_floor_usage":[10,16,16,16,26,31,33,38,43,43],"damage_taken":[{"damage":0,"enemies":"2 Louse","floor":2,"turns":2},{"damage":0,"enemies":"downfall:FleeingMerchant","floor":3,"turns":4},{"damage":0,"enemies":"Cultist","floor":4,"turns":3},{"damage":2,"enemies":"Jaw Worm","floor":6,"turns":3},{"damage":10,"enemies":"Blue Slaver","floor":8,"turns":2},{"damage":4,"enemies":"Large Slime","floor":10,"turns":3},{"damage":0,"enemies":"downfall:FleeingMerchant","floor":14,"turns":4},{"damage":2,"enemies":"Exordium Wildlife","floor":15,"turns":3},{"damage":54,"enemies":"WA_ARCHETYPE_RETAIN","floor":16,"turns":14},{"damage":3,"enemies":"Chosen","floor":19,"turns":5},{"damage":20,"enemies":"3 Byrds","floor":21,"turns":7},{"damage":33,"enemies":"Sentry and Sphere","floor":22,"turns":6},{"damage":30,"enemies":"Masked Bandits","floor":23,"turns":6},{"damage":14,"enemies":"downfall:FleeingMerchant","floor":26,"turns":4},{"damage":20,"enemies":"Gremlin Leader","floor":27,"turns":4},{"damage":0,"enemies":"downfall:FleeingMerchant","floor":29,"turns":4},{"damage":2,"enemies":"Slavers","floor":31,"turns":4},{"damage":0,"enemies":"Centurion and Healer","floor":32,"turns":6},{"damage":31,"enemies":"SI_MIRROR_ARCHETYPE","floor":33,"turns":11},{"damage":1,"enemies":"3 Shapes","floor":38,"turns":3},{"damage":22,"enemies":"3 Darklings","floor":39,"turns":6},{"damage":1,"enemies":"Nemesis","floor":40,"turns":5},{"damage":15,"enemies":"Jaw Worm Horde","floor":42,"turns":6},{"damage":4,"enemies":"Spire Growth","floor":43,"turns":4},{"damage":3,"enemies":"Reptomancer","floor":44,"turns":4},{"damage":9,"enemies":"Writhing Mass","floor":48,"turns":6},{"damage":10,"enemies":"Jaw Worm Horde","floor":49,"turns":5},{"damage":23,"enemies":"DF_ARCHETYPE_ORBS","floor":50,"turns":11}],"seed_played":"-6431315465647285337","potions_obtained":[{"floor":4,"key":"LiquidMemories"},{"floor":6,"key":"AttackPotion"},{"floor":8,"key":"ColorlessPotion"},{"floor":10,"key":"Energy Potion"},{"floor":23,"key":"Weak Potion"},{"floor":27,"key":"Block Potion"},{"floor":31,"key":"Weak Potion"},{"floor":33,"key":"Dexterity Potion"},{"floor":38,"key":"Fruit Juice"},{"floor":42,"key":"Slimebound:SlimedPotion"},{"floor":43,"key":"LiquidMemories"},{"floor":48,"key":"DuplicationPotion"}],"is_trial":false,"path_per_floor":["R","M","$","M","?","M","T","M","?","M","R","?","R","$","M","B",null,"R","M","?","M","M","?","T","?","$","E","R","$","?","E","M","B",null,"R","?","$","M","M","E","T","M","M","E","R","?","R","M","M","B",null],"character_chosen":"SLIMEBOUND","items_purchased":["Slimebound:SamplingLick","expansioncontent:StudyTheSpire","Ginger","Incense Burner","Slimebound:RollThrough","Slimebound:Schlurp","Slimebound:SelfDamagePreventRelic"],"campfire_rested":0,"item_purchase_floors":[14,26,26,29,29,29,37],"current_hp_per_floor":[65,65,65,65,65,65,65,61,61,65,75,75,75,75,75,39,75,75,74,74,75,66,75,75,75,75,67,67,75,75,75,75,75,75,75,75,75,80,68,80,80,67,69,74,74,74,74,80,80,77],"gold":195,"neow_bonus":"ONE_RANDOM_RARE_CARD","is_daily":false,"chose_seed":false,"campfire_upgraded":8,"win_rate":0.0,"timestamp":1614041317,"path_taken":["R","M","$","M","?","M","T","?","?","M","R","?","R","$","M","BOSS","R","M","?","M","M","?","T","?","?","E","R","$","?","E","M","BOSS","R","?","$","M","?","E","T","?","M","E","R","?","R","M","M","BOSS"],"items_purchased_type":["Card","Card","Relic","Relic","Card","Card","Relic"],"build_version":"2020-12-22","purchased_purges":1,"victory":true,"max_hp_per_floor":[65,65,65,65,65,65,65,65,65,65,75,75,75,75,75,75,75,75,75,75,75,75,75,75,75,75,75,75,75,75,75,75,75,75,75,75,75,80,80,80,80,80,80,80,80,80,80,80,80,80],"card_choices":[{"not_picked":["Slimebound:SamplingLick","Slimebound:PressTheAttack"],"picked":"Slimebound:GoopSpray","floor":2},{"not_picked":["Slimebound:GoopSpray","Slimebound:FormOfPuddle"],"picked":"Slimebound:HauntingLick","floor":3},{"not_picked":["Slimebound:ProtectTheBoss","Slimebound:SamplingLick"],"picked":"Slimebound:LeechingTouch","floor":4},{"not_picked":["Slimebound:Dissolve","Slimebound:Nibble"],"picked":"Slimebound:SplitMire","floor":6},{"not_picked":["Slimebound:FinishingTackle","Slimebound:RallyTheTroops"],"picked":"Slimebound:LeadByExample","floor":8},{"not_picked":["Slimebound:SplitLeeching","Slimebound:Nibble"],"picked":"Slimebound:Equalize","floor":10},{"not_picked":["Slimebound:DivideAndConquer","Slimebound:LeechEnergy"],"picked":"Slimebound:MegaLick","floor":14},{"not_picked":["Slimebound:LeechEnergy","Slimebound:Prepare"],"picked":"Slimebound:LivingWall","floor":15},{"not_picked":["Slimebound:SelfFormingGoo","Slimebound:RallyTheTroops"],"picked":"Slimebound:LeechLife","floor":16},{"not_picked":["Slimebound:LeechingTouch","Slimebound:Repurpose"],"picked":"Slimebound:SplitMire","floor":19},{"not_picked":["Slimebound:SamplingLick","Slimebound:PressTheAttack"],"picked":"Slimebound:GrowthPunch","floor":21},{"not_picked":["Slimebound:HauntingLick+1","Slimebound:Grow"],"picked":"Slimebound:SlimeSpikes","floor":22},{"not_picked":["Slimebound:SlimeBarrage","Slimebound:GoopTackle"],"picked":"Slimebound:Equalize","floor":23},{"not_picked":["Slimebound:BestDefense+1","Slimebound:LeechEnergy"],"picked":"Slimebound:ViciousTackle+1","floor":26},{"not_picked":["Slimebound:PrepareCrush","Slimebound:SlimeBrawl+1"],"picked":"Slimebound:Gluttony","floor":27},{"not_picked":["Slimebound:SpikyOuterGoop+1","Slimebound:ItLooksTasty"],"picked":"Slimebound:LevelUp+1","floor":29},{"not_picked":["Slimebound:GoopTackle","Slimebound:RollThrough+1"],"picked":"Slimebound:LeechingTouch","floor":31},{"not_picked":["Slimebound:ItLooksTasty+1","Slimebound:SplitBruiser"],"picked":"Slimebound:SpikyOuterGoop","floor":32},{"not_picked":["Slimebound:RallyTheTroops","Slimebound:OneTwoCombo"],"picked":"Slimebound:LeechLife","floor":33},{"not_picked":[],"picked":"Slimebound:LeechingTouch+1","floor":38},{"not_picked":[],"picked":"Slimebound:ViciousTackle","floor":39},{"not_picked":[],"picked":"Slimebound:LivingWall+1","floor":40},{"not_picked":["Slimebound:LeechingTouch"],"picked":"SKIP","floor":42},{"not_picked":[],"picked":"Slimebound:Schlurp+1","floor":43},{"not_picked":["Slimebound:SplitAcid+1"],"picked":"SKIP","floor":44},{"not_picked":["Slimebound:DivideAndConquer+1"],"picked":"SKIP","floor":48},{"not_picked":["Slimebound:TongueLash"],"picked":"SKIP","floor":49}],"player_experience":111157,"relics_obtained":[{"floor":23,"key":"Red Mask"},{"floor":24,"key":"Letter Opener"},{"floor":27,"key":"HornCleat"},{"floor":31,"key":"Bag of Preparation"},{"floor":40,"key":"Centennial Puzzle"},{"floor":41,"key":"Bottled Tornado"},{"floor":44,"key":"InkBottle"},{"floor":46,"key":"Smiling Mask"}],"event_choices":[{"damage_healed":0,"gold_gain":0,"player_choice":"Fought Bandits","damage_taken":0,"max_hp_gain":0,"max_hp_loss":0,"event_name":"Masked Bandits","floor":23,"gold_loss":0}],"is_beta":false,"boss_relics":[{"not_picked":["Runic Dome","bronze:MakeshiftBattery"],"picked":"SlaversCollar"},{"not_picked":["Empty Cage","Velvet Choker"],"picked":"Busted Crown"}],"items_purged_floors":[14],"is_endless":false,"potions_floor_spawned":[4,6,8,10,15,23,27,31,33,38,42,43,48],"ascension_level":0}}