{"host":"dz5pb68w9r4hdro8","time":1614074966,"event":{"mods":["AchievementEnabler","BaseMod","Better Skull","Better Third Choice","Challenge The Spire","Colored Map","Colored Powertips","DeckTracker","Googly Eyes","Highlight Path","Minty Spire (QoL Compilation)","Permanent Neow","Quick Restart","StSLib","SuperFastMode"],"gold_per_floor":[109,109,125,145,95,95,95,125,125,158,158,174,188,200,200,200,200],"floor_reached":16,"language":"ENG","playtime":484,"items_purged":[],"score":118,"play_id":"96980b61-e1b0-4c65-8598-4636bb5eba58","local_time":"20210223020926","is_ascension_mode":true,"campfire_choices":[{"data":"Dagger Spray","floor":6,"key":"SMITH"},{"data":"Catalyst","floor":15,"key":"SMITH"}],"circlet_count":0,"master_deck":["Strike_G","Strike_G","Strike_G","Defend_G","Defend_G","Defend_G","Defend_G","Defend_G","Survivor","Neutralize","Blade Dance","Crippling Poison","Dagger Spray+1","Regret","Quick Slash","Shame","Noxious Fumes","Decay","Outmaneuver","Accuracy","Catalyst+1"],"relics":["Cursed Key","Nunchaku","Orichalcum","HornCleat","Question Card","Meat on the Bone"],"acts_visited":["Exordium"],"potions_floor_usage":[16,16,16],"damage_taken":[{"damage":0,"enemies":"Jaw Worm","floor":1,"turns":5},{"damage":0,"enemies":"Cultist","floor":3,"turns":3},{"damage":0,"enemies":"2 Louse","floor":4,"turns":3},{"damage":13,"enemies":"3 Sentries","floor":8,"turns":9},{"damage":34,"enemies":"Gremlin Nob","floor":10,"turns":5},{"damage":2,"enemies":"Blue Slaver","floor":12,"turns":4},{"damage":2,"enemies":"Gremlin Gang","floor":13,"turns":3},{"damage":3,"enemies":"Large Slime","floor":14,"turns":5},{"damage":41,"enemies":"Hexaghost","floor":16,"turns":12}],"seed_played":"3246049040366781822","potions_obtained":[{"floor":3,"key":"ColorlessPotion"},{"floor":10,"key":"EssenceOfSteel"},{"floor":13,"key":"DistilledChaos"}],"is_trial":false,"path_per_floor":["M","?","M","M","?","R","?","E","T","E","T","M","M","M","R","B"],"character_chosen":"THE_SILENT","items_purchased":[],"campfire_rested":0,"item_purchase_floors":[],"current_hp_per_floor":[70,70,70,70,70,70,70,57,57,23,23,33,43,40,40,0,0],"gold":200,"neow_bonus":"BOSS_RELIC","is_daily":false,"chose_seed":false,"campfire_upgraded":2,"win_rate":0.0,"timestamp":1614074966,"path_taken":["M","?","M","?","?","R","?","E","T","E","?","?","M","M","R","BOSS"],"items_purchased_type":[],"build_version":"2020-12-22","purchased_purges":0,"victory":false,"max_hp_per_floor":[70,70,70,70,70,70,70,70,70,70,70,70,70,70,70,70,70],"card_choices":[{"not_picked":["Quick Slash","Sucker Punch"],"picked":"Blade Dance","floor":1},{"not_picked":["Dagger Spray","Slice"],"picked":"Crippling Poison","floor":3},{"not_picked":["PiercingWail","Distraction"],"picked":"Dagger Spray","floor":4},{"not_picked":["Eviscerate","Dagger Spray"],"picked":"Quick Slash","floor":8},{"not_picked":["Cloak And Dagger","Heel Hook"],"picked":"Noxious Fumes","floor":10},{"not_picked":["Concentrate","Doppelganger","Finisher"],"picked":"Outmaneuver","floor":12},{"not_picked":["Sucker Punch","Distraction","Dagger Spray"],"picked":"Accuracy","floor":13},{"not_picked":["Endless Agony","All Out Attack","Setup"],"picked":"Catalyst","floor":14}],"player_experience":451978,"relics_obtained":[{"floor":8,"key":"Orichalcum"},{"floor":9,"key":"HornCleat"},{"floor":10,"key":"Question Card"},{"floor":11,"key":"Meat on the Bone"}],"event_choices":[{"cards_removed":["Strike_G"],"damage_healed":0,"gold_gain":0,"player_choice":"Purged","damage_taken":0,"max_hp_gain":0,"max_hp_loss":0,"event_name":"Purifier","floor":2,"gold_loss":0},{"cards_removed":["Strike_G"],"damage_healed":0,"gold_gain":0,"player_choice":"Card Removal","damage_taken":0,"max_hp_gain":0,"max_hp_loss":0,"event_name":"The Cleric","floor":5,"gold_loss":50},{"damage_healed":0,"gold_gain":0,"player_choice":"Box","damage_taken":0,"relics_obtained":["Nunchaku"],"max_hp_gain":0,"max_hp_loss":0,"event_name":"Big Fish","floor":7,"gold_loss":0,"cards_obtained":["Regret"]}],"is_beta":false,"boss_relics":[],"items_purged_floors":[],"is_endless":false,"potions_floor_spawned":[3,10,13],"killed_by":"Hexaghost","ascension_level":1}}