{"host":"clcuy39u5sybassp","time":1614067507,"event":{"mods":["AchievementEnabler","BaseMod","Challenge The Spire","Lobotomy","LobotomyExtend","Minty Spire (QoL Compilation)","Quick Restart","Replay The Spire","StSLib"],"gold_per_floor":[111,111,129,129,144,187,187,201,201,224,247,283,283,9,9,137,137,137,137,150,170,85,120,134,134,134,170,190,228,244,369,369,490,490,514,530,181,281,294,337,350,350,350,390,390,415,429,465,465,465,465],"floor_reached":50,"language":"ZHS","playtime":2028,"items_purged":["Defend_R","Defend_R"],"score":875,"play_id":"2cae8f30-91d2-4f77-8606-84680e000f8e","local_time":"20210223160507","is_ascension_mode":true,"campfire_choices":[{"floor":7.0,"key":"RECALL"},{"floor":13.0,"key":"REST"},{"data":"Anger","floor":15.0,"key":"SMITH"},{"data":"Replay:Undeath\u0027s Touch","floor":32.0,"key":"SMITH"}],"circlet_count":0,"master_deck":["Strike_R","Strike_R","Strike_R","Strike_R","Bash","Scorched","Battle Trance+1","ReplayTheSpireMod:Strike From Hell","CrumblingArmor","QueenOfHatred","Whirlwind","Cleave","OldLady","Perfected Strike","DreamingCurrent","Pummel","Anger+1","PunishingBird","Berserk","GreedKing","Pommel Strike","RedShoes","Twin Strike","Heavy Blade","Wild Strike","Twin Strike","Replay:Undeath\u0027s Touch+1","Perfected Strike","Pommel Strike+1","Pommel Strike","Replay:Undeath\u0027s Touch","Replay:Undeath\u0027s Touch+1","Sword Boomerang+1","Immolate","Defy Death","Parasite","Heavy Blade","BlueStar"],"relics":["Black Blood","CogitoBucket","LetterFromLob","Golden Idol","RedMistMask","Replay:Baseball","LuminousBracelet","Mirror","Bronze Scales","LaetitiaHeart","InspiredRelic","HellTrain","Champion Belt","Calipers","Incense Burner","Smiling Mask","Vajra","SkinProphecy","AtMidnight","Dead Branch","Replay:Ringing Soul","Coffee Dripper","Replay:Multitool","Mummified Hand","CultistMask","ReplayTheSpireMod:Ninjato","FossilizedHelix","Pear","Ring of Chaos","ReplayTheSpireMod:Ring of Addiction","Chameleon Ring","SacredBark"],"acts_visited":["Exordium","TheCity","TheBeyond"],"potions_floor_usage":[],"damage_taken":[{"damage":7.0,"enemies":"2 Louse","floor":1.0,"turns":3.0},{"damage":8.0,"enemies":"Small Slimes","floor":3.0,"turns":2.0},{"damage":0.0,"enemies":"Cultist","floor":5.0,"turns":2.0},{"damage":13.0,"enemies":"Gremlin Nob","floor":6.0,"turns":3.0},{"damage":20.0,"enemies":"Lots of Slimes","floor":8.0,"turns":2.0},{"damage":9.0,"enemies":"3 Louse","floor":10.0,"turns":2.0},{"damage":18.0,"enemies":"Large Slime","floor":11.0,"turns":2.0},{"damage":23.0,"enemies":"Replay:BlueRogue","floor":12.0,"turns":4.0},{"damage":12.0,"enemies":"Slime Boss","floor":16.0,"turns":7.0},{"damage":0.0,"enemies":"3 Byrds","floor":18.0,"turns":1.0},{"damage":25.0,"enemies":"3 Byrds","floor":18.0,"turns":1.0},{"damage":10.0,"enemies":"3 Byrds","floor":18.0,"turns":2.0},{"damage":3.0,"enemies":"3 Byrds","floor":20.0,"turns":2.0},{"damage":62.0,"enemies":"Spheric Guardian","floor":21.0,"turns":3.0},{"damage":29.0,"enemies":"Gremlin Leader","floor":23.0,"turns":4.0},{"damage":0.0,"enemies":"3 Cultists","floor":24.0,"turns":2.0},{"damage":78.0,"enemies":"Slavers","floor":27.0,"turns":4.0},{"damage":1.0,"enemies":"Snecko","floor":28.0,"turns":3.0},{"damage":23.0,"enemies":"Gremlin Leader","floor":29.0,"turns":4.0},{"damage":16.0,"enemies":"Cultist and Chosen","floor":30.0,"turns":5.0},{"damage":3.0,"enemies":"Colosseum Slavers","floor":31.0,"turns":2.0},{"damage":50.0,"enemies":"Colosseum Nobs","floor":31.0,"turns":5.0},{"damage":116.0,"enemies":"Automaton","floor":33.0,"turns":6.0},{"damage":28.0,"enemies":"3 Darklings","floor":35.0,"turns":3.0},{"damage":2.0,"enemies":"3 Shapes","floor":36.0,"turns":3.0},{"damage":73.0,"enemies":"Writhing Mass","floor":39.0,"turns":4.0},{"damage":55.0,"enemies":"Nemesis","floor":40.0,"turns":5.0},{"damage":12.0,"enemies":"Sphere and 2 Shapes","floor":41.0,"turns":2.0},{"damage":61.0,"enemies":"R_Hoarder","floor":44.0,"turns":5.0},{"damage":119.0,"enemies":"Maw","floor":46.0,"turns":5.0},{"damage":29.0,"enemies":"Writhing Mass","floor":47.0,"turns":3.0},{"damage":57,"enemies":"Giant Head","floor":48,"turns":7},{"damage":100,"enemies":"Replay:Hell Engine","floor":50,"turns":1}],"seed_played":"-8639622359144175133","potions_obtained":[{"floor":1.0,"key":"DuplicationPotion"},{"floor":5.0,"key":"FearPotion"},{"floor":10.0,"key":"SteroidPotion"}],"is_trial":false,"path_per_floor":["M","?","M","?","M","E","R","M","T","M","M","E","R","$","R","B",null,"M","?","M","M","?","E","M","?","T","E","M","E","M","?","R","B",null,"M","M","$","?","M","E","M","R","T","E","R","M","M","E","R","B"],"character_chosen":"IRONCLAD","items_purchased":["Anger","Bronze Scales","Replay:Multitool"],"campfire_rested":1,"item_purchase_floors":[14,14,37],"current_hp_per_floor":[79,79,77,57,63,56,56,42,42,60,48,38,66,66,66,95,95,95,95,95,69,69,90,95,95,95,55,94,95,95,102,102,44,104,101,114,114,114,86,96,105,105,105,94,97,32,42,70,70,0,0],"gold":465,"neow_bonus":"","is_daily":false,"chose_seed":false,"campfire_upgraded":2,"win_rate":0.0,"timestamp":1614067507,"path_taken":["M","?","M","?","M","E","R","M","T","M","M","E","R","$","R","BOSS","M","?","?","M","?","E","M","?","T","E","?","E","M","?","R","BOSS","M","M","$","?","M","E","?","R","T","E","R","M","M","E","R","BOSS"],"items_purchased_type":["Card","Relic","Relic"],"build_version":"2020-12-22","purchased_purges":2,"victory":false,"max_hp_per_floor":[80,80,80,80,80,80,80,80,80,95,95,95,95,95,95,95,95,95,95,95,95,95,95,95,95,95,95,95,95,95,102,102,104,104,109,114,114,114,119,124,129,129,129,134,137,139,144,159,159,163,163],"card_choices":[{"not_picked":["LittleHelper","UniverseFragment","PunishingBird"],"picked":"Singing Bowl","floor":1.0},{"not_picked":["UniverseFragment","SpiderBud"],"picked":"Scorched","floor":1.0},{"not_picked":["Havoc","True Grit","Iron Wave"],"picked":"SKIP","floor":1.0},{"not_picked":["BigBird","FieryBird","MeltingLove"],"picked":"Singing Bowl","floor":3.0},{"not_picked":["Replay:Undeath\u0027s Touch","Flex"],"picked":"ReplayTheSpireMod:Strike From Hell","floor":3.0},{"not_picked":["GreedKing","PunishingBird"],"picked":"CrumblingArmor","floor":5.0},{"not_picked":["Body Slam","Intimidate","Evolve"],"picked":"SKIP","floor":5.0},{"not_picked":["OldLady","Bloodbath"],"picked":"QueenOfHatred","floor":6.0},{"not_picked":["Rupture","Hemokinesis"],"picked":"Whirlwind","floor":6.0},{"not_picked":["VoidDream","Murderer","BlackArmy"],"picked":"Singing Bowl","floor":8.0},{"not_picked":["Pommel Strike","Warcry"],"picked":"Cleave","floor":8.0},{"not_picked":["Bloodbath","LongBird","CherryBlossoms"],"picked":"Singing Bowl","floor":10.0},{"not_picked":["MHz","CherryBlossoms"],"picked":"OldLady","floor":10.0},{"not_picked":["Wild Strike","Body Slam"],"picked":"Perfected Strike","floor":10.0},{"not_picked":["Rudolta","Murderer","ShyLook"],"picked":"Singing Bowl","floor":11.0},{"not_picked":["Body Slam","Fire Breathing","Thunderclap"],"picked":"SKIP","floor":11.0},{"not_picked":["MeatLantern","HeroicMonk"],"picked":"DreamingCurrent","floor":12.0},{"not_picked":["Shrug It Off","Battle Trance"],"picked":"Pummel","floor":12.0},{"not_picked":["FairyFestival","SpiderBud"],"picked":"PunishingBird","floor":16.0},{"not_picked":["Double Tap","Barricade"],"picked":"Berserk","floor":16.0},{"not_picked":["Wellcheers","FairyFestival","QueenBee"],"picked":"Singing Bowl","floor":20.0},{"not_picked":["Yin","ShyLook"],"picked":"GreedKing","floor":20.0},{"not_picked":["Dark Embrace","Burning Pact"],"picked":"Pommel Strike","floor":20.0},{"not_picked":["WhitesApple","FieryBird"],"picked":"RedShoes","floor":21.0},{"not_picked":["Flex","Carnage"],"picked":"Twin Strike","floor":21.0},{"not_picked":["ShyLook","HeroicMonk","WallGazer"],"picked":"Singing Bowl","floor":23.0},{"not_picked":["Barricade","Replay:Undeath\u0027s Touch"],"picked":"Heavy Blade","floor":23.0},{"not_picked":["Murderer","HeroicMonk","Rudolta"],"picked":"Singing Bowl","floor":24.0},{"not_picked":["Seeing Red","ReplayTheSpireMod:LeadingStrike+1"],"picked":"Wild Strike","floor":24.0},{"not_picked":["HeroicMonk","FairyFestival","Wellcheers"],"picked":"Singing Bowl","floor":27.0},{"not_picked":["Flex","Bludgeon"],"picked":"Twin Strike","floor":27.0},{"not_picked":["Laetitia","VoidDream","LaLuna"],"picked":"Singing Bowl","floor":28.0},{"not_picked":["Seeing Red","Armaments","Second Wind"],"picked":"SKIP","floor":28.0},{"not_picked":["SingingMachine","Yin","SnowQueen"],"picked":"Singing Bowl","floor":29.0},{"not_picked":["Run Through","Body Slam+1"],"picked":"Replay:Undeath\u0027s Touch","floor":29.0},{"not_picked":["SnowQueen","Mercenary","BigBird"],"picked":"Singing Bowl","floor":30.0},{"not_picked":["ReplayTheSpireMod:Stacked","Blood for Blood","Armaments"],"picked":"SKIP","floor":30.0},{"not_picked":["Woodsman","MeatLantern","CherryBlossoms"],"picked":"Singing Bowl","floor":31.0},{"not_picked":["Shrug It Off","ReplayTheSpireMod:Strike From Hell"],"picked":"Perfected Strike","floor":31.0},{"not_picked":["Woodsman","BigBadWolf","Alriune"],"picked":"Singing Bowl","floor":33.0},{"not_picked":["SnowQueen","WhiteNight","LittlePrince"],"picked":"Singing Bowl","floor":35.0},{"not_picked":["ReplayReversal","Infernal Blade"],"picked":"Pommel Strike+1","floor":35.0},{"not_picked":["Ghostly Armor+1","Searing Blow"],"picked":"Pommel Strike","floor":36.0},{"not_picked":["LittlePrince","Porccubus","Laetitia"],"picked":"Singing Bowl","floor":39.0},{"not_picked":["Sever Soul","Spot Weakness+1"],"picked":"Replay:Undeath\u0027s Touch","floor":39.0},{"not_picked":["Rudolta","ShyLook","Variant"],"picked":"Singing Bowl","floor":40.0},{"not_picked":["Sword Boomerang","Battle Trance+1"],"picked":"Replay:Undeath\u0027s Touch+1","floor":40.0},{"not_picked":["Alriune","OSAHOGD","BodiesMountain"],"picked":"Singing Bowl","floor":41.0},{"not_picked":["Sever Soul+1","Run Through+1"],"picked":"Sword Boomerang+1","floor":41.0},{"not_picked":["BodiesMountain","Scarecrow","LittleHelper"],"picked":"Singing Bowl","floor":44.0},{"not_picked":["Flex","Headbutt+1"],"picked":"Immolate","floor":44.0},{"not_picked":["Woodsman","Porccubus","BigBadWolf"],"picked":"Singing Bowl","floor":46.0},{"not_picked":["Clothesline","Disarm","Havoc"],"picked":"SKIP","floor":46.0},{"not_picked":["Rudolta","HeroicMonk","DespairKnight"],"picked":"Singing Bowl","floor":47.0},{"not_picked":["Spot Weakness+1","Reckless Charge+1"],"picked":"Heavy Blade","floor":47.0},{"not_picked":["LittlePrince","GalaxyChild","WhiteNight"],"picked":"Singing Bowl","floor":48},{"not_picked":["NakedNest","Mercenary"],"picked":"BlueStar","floor":48},{"not_picked":["Thunderclap+1","Hemokinesis+1","Flame Barrier"],"picked":"SKIP","floor":48}],"player_experience":210822,"relics_obtained":[{"floor":1.0,"key":"LetterFromLob"},{"floor":5.0,"key":"RedMistMask"},{"floor":6.0,"key":"Replay:Baseball"},{"floor":12.0,"key":"Mirror"},{"floor":23.0,"key":"Calipers"},{"floor":26.0,"key":"Incense Burner"},{"floor":27.0,"key":"Smiling Mask"},{"floor":29.0,"key":"Vajra"},{"floor":30.0,"key":"AtMidnight"},{"floor":31.0,"key":"Dead Branch"},{"floor":31.0,"key":"Replay:Ringing Soul"},{"floor":40.0,"key":"Mummified Hand"},{"floor":43.0,"key":"ReplayTheSpireMod:Ninjato"},{"floor":44.0,"key":"FossilizedHelix"},{"floor":48,"key":"Pear"},{"floor":49,"key":"Ring of Chaos"},{"floor":49,"key":"ReplayTheSpireMod:Ring of Addiction"},{"floor":49,"key":"Chameleon Ring"},{"floor":49,"key":"SacredBark"}],"event_choices":[{"damage_healed":0.0,"max_hp_gain":0.0,"max_hp_loss":0.0,"gold_gain":0.0,"event_name":"Golden Idol","player_choice":"Take Damage","floor":4.0,"gold_loss":0.0,"damage_taken":20.0,"relics_obtained":["Golden Idol"]},{"damage_healed":0.0,"max_hp_gain":0.0,"max_hp_loss":0.0,"gold_gain":0.0,"event_name":"N\u0027loth","player_choice":"Ignored","floor":19.0,"gold_loss":0.0,"damage_taken":0.0},{"damage_healed":0.0,"max_hp_gain":0.0,"max_hp_loss":0.0,"gold_gain":0.0,"event_name":"Addict","player_choice":"Obtained Relic","floor":22.0,"gold_loss":85.0,"damage_taken":0.0,"relics_obtained":["Champion Belt"]},{"cards_removed":["Defend_R"],"damage_healed":0.0,"max_hp_gain":0.0,"max_hp_loss":0.0,"gold_gain":0.0,"event_name":"Wheel of Change","player_choice":"Card Removal","floor":25.0,"gold_loss":0.0,"damage_taken":0.0},{"damage_healed":0.0,"max_hp_gain":0.0,"max_hp_loss":0.0,"gold_gain":0.0,"event_name":"Colosseum","player_choice":"Fight","floor":31.0,"gold_loss":0.0,"damage_taken":0.0},{"damage_healed":0.0,"max_hp_gain":0.0,"max_hp_loss":0.0,"gold_gain":0.0,"event_name":"Colosseum","player_choice":"Fought Nobs","floor":31.0,"gold_loss":0.0,"damage_taken":0.0},{"damage_healed":0.0,"max_hp_gain":0.0,"max_hp_loss":0.0,"gold_gain":100.0,"event_name":"Golden Shrine","player_choice":"Pray","floor":38.0,"gold_loss":0.0,"damage_taken":0.0},{"damage_healed":0.0,"max_hp_gain":0.0,"max_hp_loss":0.0,"gold_gain":0.0,"event_name":"FaceTrader","player_choice":"Trade","floor":42.0,"gold_loss":0.0,"damage_taken":0.0,"relics_obtained":["CultistMask"]}],"is_beta":false,"boss_relics":[{"not_picked":["Honey Jar","Cursed Key"],"picked":"Black Blood"},{"not_picked":["Velvet Choker","Snecko Eye"],"picked":"Coffee Dripper"}],"items_purged_floors":[14,37],"is_endless":false,"potions_floor_spawned":[1,5,10,11,18,18,23,24,30,31,40,46,47,48],"killed_by":"Replay:Hell Engine","ascension_level":4}}