{"host":"f5gffvlv6a66yqkd","time":1614122537,"event":{"mods":["2.2 Compatiblity","BaseMod","Colored Map","Custom Start","DeckTracker","Keyboard Shortcuts","Minty Spire (QoL Compilation)","Permanent Neow","Quick Restart","Relic Stats","StSLib","SuperFastMode"],"gold_per_floor":[115,40,40,50,65,65,65,92,92,92,92,92,110,128,128,206,206,224,242,242,242,242],"floor_reached":21,"language":"KOR","playtime":427,"items_purged":[],"score":358,"play_id":"a517df13-b16d-42ee-a66f-e8fda157c4ff","local_time":"20210224082217","is_ascension_mode":true,"campfire_choices":[{"data":"Dagger Throw","floor":6.0,"key":"SMITH"},{"data":"Predator","floor":10.0,"key":"SMITH"},{"data":"Underhanded Strike","floor":12.0,"key":"SMITH"},{"data":"Accuracy","floor":15.0,"key":"SMITH"}],"circlet_count":0,"master_deck":["AscendersBane","Strike_G","Strike_G+1","Strike_G+1","Defend_G","Defend_G","Defend_G","Defend_G","Survivor","Neutralize+1","Underhanded Strike+1","Dagger Throw+1","Predator+1","Blade Dance","Accuracy+1","Tools of the Trade","CurseOfTheBell","Footwork","Sucker Punch+1","Venomology"],"relics":["Ring of the Snake","Darkstone Periapt","Eternal Feather","Calling Bell","Art of War","Molten Egg 2","Calipers"],"acts_visited":["Exordium","TheCity"],"potions_floor_usage":[19,21],"damage_taken":[{"damage":1.0,"enemies":"Small Slimes","floor":1.0,"turns":3.0},{"damage":0.0,"enemies":"Jaw Worm","floor":4.0,"turns":3.0},{"damage":0.0,"enemies":"2 Louse","floor":5.0,"turns":2.0},{"damage":20.0,"enemies":"3 Sentries","floor":8.0,"turns":10.0},{"damage":0.0,"enemies":"2 Fungi Beasts","floor":13.0,"turns":2.0},{"damage":0.0,"enemies":"Looter","floor":14.0,"turns":2.0},{"damage":43.0,"enemies":"Slime Boss","floor":16.0,"turns":10.0},{"damage":21.0,"enemies":"Chosen","floor":18.0,"turns":4.0},{"damage":9,"enemies":"2 Thieves","floor":19,"turns":4},{"damage":11,"enemies":"Shelled Parasite and Fungi","floor":21,"turns":3}],"seed_played":"1489801282151290935","potions_obtained":[{"floor":4.0,"key":"Dexterity Potion"},{"floor":16.0,"key":"BlessingOfTheForge"}],"is_trial":false,"path_per_floor":["M","?","?","M","M","R","?","E","T","R","?","R","M","M","R","B",null,"M","M","?","M"],"character_chosen":"THE_SILENT","items_purchased":[],"campfire_rested":0,"item_purchase_floors":[],"current_hp_per_floor":[58,58,38,38,38,38,38,18,18,27,27,36,36,36,45,2,56,35,26,26,15,15],"gold":242,"neow_bonus":"UPGRADE_CARD","is_daily":false,"chose_seed":false,"campfire_upgraded":4,"win_rate":0.0,"timestamp":1614122537,"path_taken":["M","?","?","M","M","R","?","E","T","R","?","R","M","M","R","BOSS","M","M","?","M"],"items_purchased_type":[],"build_version":"2020-12-22","purchased_purges":0,"victory":false,"max_hp_per_floor":[66,66,66,66,66,66,66,66,66,66,66,66,66,66,66,66,72,72,72,72,72,72],"relic_stats":{"Darkstone Periapt":6,"counters":[10,43],"Eternal Feather":27,"Art of War":[0],"obtain_stats":[{"Darkstone Periapt":8,"Calling Bell":17,"Calipers":17,"Eternal Feather":9,"Molten Egg 2":17,"Art of War":17,"Ring of the Snake":0},{"Darkstone Periapt":4,"Calling Bell":7,"Calipers":7,"Eternal Feather":4,"Molten Egg 2":7,"Art of War":7,"Ring of the Snake":0},{"Darkstone Periapt":18,"Calling Bell":32,"Calipers":32,"Eternal Feather":18,"Molten Egg 2":32,"Art of War":32,"Ring of the Snake":0}],"Ring of the Snake":[20]},"card_choices":[{"not_picked":["Catalyst","Deadly Poison"],"picked":"Underhanded Strike","floor":1.0},{"not_picked":["Dagger Spray","Underhanded Strike"],"picked":"Dagger Throw","floor":4.0},{"not_picked":["Underhanded Strike","Dodge and Roll","Endless Agony"],"picked":"SKIP","floor":5.0},{"not_picked":["Envenom","Underhanded Strike"],"picked":"Predator","floor":8.0},{"not_picked":["PiercingWail","Dodge and Roll"],"picked":"Blade Dance","floor":13.0},{"not_picked":["Sucker Punch","Eviscerate"],"picked":"Accuracy","floor":14.0},{"not_picked":["Night Terror","Glass Knife"],"picked":"Tools of the Trade","floor":16.0},{"not_picked":["Leg Sweep","Bane+1","Sucker Punch+1"],"picked":"SKIP","floor":18.0},{"not_picked":["Finisher+1","Prepared"],"picked":"Footwork","floor":19}],"player_experience":1558546,"relics_obtained":[{"floor":8.0,"key":"Darkstone Periapt"},{"floor":9.0,"key":"Eternal Feather"},{"floor":17.0,"key":"Art of War"},{"floor":17.0,"key":"Molten Egg 2"},{"floor":17.0,"key":"Calipers"}],"event_choices":[{"cards_removed":["Defend_G"],"damage_healed":0.0,"max_hp_gain":0.0,"max_hp_loss":0.0,"gold_gain":0.0,"event_name":"The Cleric","player_choice":"Card Removal","floor":2.0,"gold_loss":75.0,"damage_taken":0.0},{"damage_healed":0.0,"max_hp_gain":0.0,"max_hp_loss":0.0,"gold_gain":0.0,"event_name":"Shining Light","player_choice":"Entered Light","floor":3.0,"gold_loss":0.0,"damage_taken":20.0,"cards_upgraded":["Strike_G","Strike_G"]},{"damage_healed":0.0,"max_hp_gain":0.0,"max_hp_loss":0.0,"gold_gain":0.0,"event_name":"Liars Game","player_choice":"Ignored","floor":7.0,"gold_loss":0.0,"damage_taken":0.0},{"damage_healed":0.0,"max_hp_gain":0.0,"max_hp_loss":0.0,"gold_gain":0.0,"event_name":"Scrap Ooze","player_choice":"Fled","floor":11.0,"gold_loss":0.0,"damage_taken":0.0},{"damage_healed":0,"gold_gain":0,"cards_transformed":["Strike_G","Strike_G"],"player_choice":"Became Test Subject","damage_taken":0,"max_hp_gain":0,"max_hp_loss":0,"event_name":"Drug Dealer","floor":20,"gold_loss":0,"cards_obtained":["Sucker Punch","Venomology"]}],"is_beta":false,"boss_relics":[{"not_picked":["Philosopher\u0027s Stone","Busted Crown"],"picked":"Calling Bell"}],"items_purged_floors":[],"is_endless":false,"potions_floor_spawned":[4,16],"killed_by":"Shelled Parasite and Fungi","ascension_level":20}}