{"host":"mr1ctipv0dcr6y8g","time":1614093964,"event":{"mods":["BaseMod","Beaked The Cultist","DeckTracker","Downfall","Energized Spire","Minty Spire (QoL Compilation)","READ ME - Guardian Mod","Shop Mod","StSLib","The Construct"],"gold_per_floor":[99,118,138,154,3,3,3,19,19,31,48,79,79,96,107,210,160,60,80,99,99,109,22,49,49,49,69,82,182,217,230,230,230,230],"floor_reached":32,"language":"ENG","playtime":2003,"items_purged":[],"score":268,"play_id":"d063c01b-7409-4d14-a1c2-3834e1a0b5e8","local_time":"20210223082604","is_ascension_mode":false,"campfire_choices":[{"data":"Guardian:TwinSlam","floor":1,"key":"SMITH"},{"data":"Guardian:FierceBash","floor":9,"key":"SMITH"},{"data":"Guardian:PrismaticBarrier","floor":13,"key":"SMITH"},{"data":"Guardian:SphericShield","floor":18,"key":"SMITH"}],"circlet_count":0,"master_deck":["Guardian:Strike_Guardian","Guardian:Strike_Guardian","Guardian:Strike_Guardian","Guardian:Defend_Guardian","Guardian:Defend_Guardian","Guardian:Defend_Guardian","Guardian:Defend_Guardian","Guardian:CurlUp","Guardian:TwinSlam+1","Guardian:Planning","Guardian:TimeCapacitor","Guardian:FierceBash+1","Guardian:Planning","Guardian:PrismaticBarrier+1","Guardian:Incinerate","Guardian:ChargeUp","Guardian:TimeSifter","Guardian:Strike_Guardian","Guardian:SphericShield+1","Guardian:Gem_Green","Guardian:Orbwalk","RitualDagger","Guardian:Gem_Yellow","Guardian:TimeBomb","Guardian:Gem_Synthetic","Guardian:Suspension","Guardian:Incinerate","Guardian:ShieldSpikes+1","Guardian:TemporalShield+1"],"relics":["construct:WeddingRing","Sundial","Strawberry","energizedSpire:HugeHouse","downfall:HeartBlessingGreen","Bag of Marbles","MutagenicStrength","InkBottle"],"acts_visited":["Exordium","TheCity"],"potions_floor_usage":[10,16,19,20,27,31],"damage_taken":[{"damage":0,"enemies":"Small Slimes","floor":2,"turns":3},{"damage":0,"enemies":"2 Louse","floor":3,"turns":3},{"damage":1,"enemies":"Jaw Worm","floor":4,"turns":4},{"damage":0,"enemies":"downfall:FleeingMerchant","floor":5,"turns":4},{"damage":7,"enemies":"downfall:LooterAlt","floor":8,"turns":5},{"damage":0,"enemies":"Lots of Slimes","floor":10,"turns":1},{"damage":14,"enemies":"Blue Slaver","floor":11,"turns":3},{"damage":30,"enemies":"3 Sentries","floor":12,"turns":8},{"damage":10,"enemies":"Exordium Thugs","floor":14,"turns":5},{"damage":5,"enemies":"downfall:LooterAlt","floor":15,"turns":3},{"damage":16,"enemies":"WA_ARCHETYPE_RETAIN","floor":16,"turns":5},{"damage":0,"enemies":"3 Byrds","floor":19,"turns":5},{"damage":0,"enemies":"Chosen","floor":20,"turns":3},{"damage":6,"enemies":"Snecko","floor":22,"turns":4},{"damage":0,"enemies":"downfall:FleeingMerchant","floor":23,"turns":4},{"damage":8,"enemies":"Centurion and Healer","floor":27,"turns":5},{"damage":21,"enemies":"Snake Plant","floor":28,"turns":3},{"damage":22,"enemies":"Gremlin Leader","floor":30,"turns":8},{"damage":4,"enemies":"Cultist and Chosen","floor":31,"turns":4},{"damage":18,"enemies":"Shelled Parasite and Fungi","floor":32,"turns":1}],"seed_played":"5732231444268129569","potions_obtained":[{"floor":2,"key":"Explosive Potion"},{"floor":10,"key":"FearPotion"},{"floor":11,"key":"FearPotion"},{"floor":15,"key":"Block Potion"},{"floor":16,"key":"Fire Potion"},{"floor":19,"key":"Swift Potion"},{"floor":27,"key":"Ancient Potion"}],"is_trial":false,"path_per_floor":["R","M","M","M","$","?","T","M","R","M","M","E","R","M","M","B",null,"R","M","M","?","M","$","T","?","?","M","M","?","E","M","M"],"character_chosen":"GUARDIAN","items_purchased":["Guardian:AncientConstruct","Guardian:Gem_Synthetic"],"campfire_rested":0,"item_purchase_floors":[5,23],"current_hp_per_floor":[80,80,80,79,79,79,79,72,72,72,58,35,35,25,20,4,82,82,82,82,76,70,70,70,70,70,62,41,41,19,15,0,0,0],"gold":230,"neow_bonus":"BOSS_RELIC","is_daily":false,"chose_seed":false,"campfire_upgraded":4,"win_rate":0.0,"timestamp":1614093964,"path_taken":["R","M","M","M","$","?","T","M","R","M","M","E","R","M","M","BOSS","R","M","M","?","M","$","T","?","?","?","M","?","E","M","M"],"items_purchased_type":["Card","Card"],"build_version":"2020-12-22","purchased_purges":0,"victory":false,"max_hp_per_floor":[80,80,80,80,80,80,80,80,80,80,80,87,87,87,87,87,82,82,82,82,82,82,82,82,82,82,82,82,82,82,82,82,82,82],"card_choices":[{"not_picked":["Guardian:RefractedBeam","Guardian:Gem_Lightblue"],"picked":"Guardian:Planning","floor":2},{"not_picked":["Guardian:PrimingBeam","Guardian:DecasProtection"],"picked":"Guardian:Gem_White","floor":3},{"not_picked":["Guardian:Reroute","Guardian:PiercingHide"],"picked":"Guardian:TimeCapacitor","floor":4},{"not_picked":["Guardian:ShieldCharger","Guardian:MultiBeam"],"picked":"Guardian:FierceBash","floor":5},{"not_picked":["Guardian:EvasiveProtocol","Guardian:Gem_Lightblue"],"picked":"Guardian:Planning","floor":8},{"not_picked":["Guardian:WalkerClaw","Guardian:Gem_Cyan"],"picked":"Guardian:PrismaticBarrier","floor":10},{"not_picked":["Guardian:PrimingBeam","Guardian:Preprogram"],"picked":"Guardian:Gem_Crimson","floor":11},{"not_picked":["Guardian:TemporalShield","Guardian:Gem_Cyan"],"picked":"Guardian:Incinerate","floor":12},{"not_picked":["Guardian:Planning","Guardian:DonusPower"],"picked":"Guardian:Gem_Green","floor":14},{"not_picked":["Guardian:SpikerProtocol","Guardian:FloatingOrbs"],"picked":"Guardian:ChargeUp","floor":15},{"not_picked":["Guardian:GemFire","Guardian:FastForward"],"picked":"Guardian:TimeSifter","floor":16},{"not_picked":["Guardian:Emergency+1","Guardian:DecasProtection"],"picked":"Guardian:Gem_Green","floor":19},{"not_picked":["Guardian:ChargeCore","Guardian:TemporalShield"],"picked":"Guardian:Orbwalk","floor":20},{"not_picked":["Guardian:PrismaticBarrier+1","Guardian:VentSteam"],"picked":"Guardian:Gem_Yellow","floor":22},{"not_picked":["Guardian:PrimingBeam","Guardian:WalkerClaw"],"picked":"Guardian:TimeBomb","floor":23},{"not_picked":["Guardian:Orbwalk","Guardian:Repulse"],"picked":"Guardian:Suspension","floor":27},{"not_picked":["Guardian:GemFire","Guardian:Suspension"],"picked":"Guardian:Incinerate","floor":28},{"not_picked":["Guardian:Gem_White","Guardian:Gem_Fragmented"],"picked":"Guardian:ShieldSpikes+1","floor":30},{"not_picked":["Guardian:Gem_Purple","Guardian:Gem_Red"],"picked":"Guardian:TemporalShield+1","floor":31}],"player_experience":1762597,"relics_obtained":[{"floor":7,"key":"Sundial"},{"floor":12,"key":"Strawberry"},{"floor":24,"key":"Bag of Marbles"},{"floor":30,"key":"InkBottle"}],"event_choices":[{"damage_healed":0,"gold_gain":0,"player_choice":"Inject Mutagens","damage_taken":0,"relics_obtained":["MutagenicStrength"],"max_hp_gain":0,"max_hp_loss":0,"event_name":"Drug Dealer","floor":25,"gold_loss":0}],"is_beta":false,"boss_relics":[{"not_picked":["Runic Pyramid","energizedSpire:OgreHead"],"picked":"energizedSpire:HugeHouse"}],"items_purged_floors":[],"is_endless":false,"potions_floor_spawned":[2,10,11,15,16,19,27],"killed_by":"Shelled Parasite and Fungi","ascension_level":0}}