{"host":"0fmi5fguj5lvt8pf","time":1614059261,"event":{"mods":["BaseMod","Colored Map","Curses Come First","Downfall","Minty Spire (QoL Compilation)","Permanent Neow","StSLib"],"gold_per_floor":[0,12,28,13,26,26,26,26,126,426,426,426,426,438,457,558,558,558,569,589,589,599,599,668,695,711,722,736,108,124,124,139,241,241,241,258,270,270,270,351,351,368,379,729,429,455,455,481,499,499,499,499,499,499],"floor_reached":52,"language":"ENG","playtime":3474,"items_purged":["downfall:Icky","bronze:Defend"],"score":701,"play_id":"0422285c-d347-4194-a641-cba8a518e82c","local_time":"20210222214741","is_ascension_mode":false,"campfire_choices":[{"data":"bronze:Goto","floor":1.0,"key":"SMITH"},{"data":"bronze:BuggyMess","floor":6.0,"key":"SMITH"},{"data":"bronze:DelayedSlice","floor":8.0,"key":"SMITH"},{"floor":13.0,"key":"REST"},{"floor":18.0,"key":"RECALL"},{"data":"bronze:Break","floor":23.0,"key":"SMITH"},{"data":"bronze:InfiniteLoop","floor":35.0,"key":"SMITH"},{"data":"bronze:FindAndReplace","floor":45.0,"key":"SMITH"},{"data":"bronze:SpaghettiCode","floor":47.0,"key":"SMITH"}],"circlet_count":0,"master_deck":["bronze:Strike","bronze:Defend","bronze:Replicate","bronze:Goto+1","bronze:HyperBeam","bronze:DelayedSlice+1","bronze:DelayedGuard","bronze:ChildClass","bronze:BuggyMess+1","bronze:SpaghettiCode+1","bronze:BronzeOrb","bronze:Refactor+1","bronze:Break+1","bronze:DelayedSlice","bronze:DelayedSlice","bronze:Virus","bronze:Separator+1","bronze:DelayedGuard+1","bronze:BurnOut","bronze:InfiniteLoop+1","bronze:ChildClass+1","bronze:FindAndReplace+1","bronze:BuggyMess+1","bronze:SpaghettiCode+1"],"relics":["bronze:BronzeCore","Ancient Tea Set","HornCleat","Orichalcum","bronze:DecasWashers","HandDrill","Pantograph","Empty Cage","hexamod:BolsterEngine","bronze:CableSpool","Old Coin","downfall:HeartBlessingRed","downfall:HeartBlessingGreen","downfall:HeartBlessingBlue","War Paint","Slimebound:PreparedRelic"],"acts_visited":["Exordium","TheCity","TheBeyond","TheEnding"],"potions_floor_usage":[52],"damage_taken":[{"damage":1.0,"enemies":"Cultist","floor":2.0,"turns":4.0},{"damage":0.0,"enemies":"2 Louse","floor":3.0,"turns":2.0},{"damage":0.0,"enemies":"downfall:FleeingMerchant","floor":4.0,"turns":4.0},{"damage":6.0,"enemies":"Jaw Worm","floor":5.0,"turns":3.0},{"damage":52.0,"enemies":"downfall:Heads","floor":9.0,"turns":6.0},{"damage":0.0,"enemies":"Blue Slaver","floor":14.0,"turns":3.0},{"damage":0.0,"enemies":"3 Louse","floor":15.0,"turns":2.0},{"damage":25.0,"enemies":"SI_SHIV_ARCHETYPE","floor":16.0,"turns":9.0},{"damage":0.0,"enemies":"3 Byrds","floor":19.0,"turns":5.0},{"damage":0.0,"enemies":"Spheric Guardian","floor":20.0,"turns":2.0},{"damage":3.0,"enemies":"Centurion and Healer","floor":22.0,"turns":5.0},{"damage":11.0,"enemies":"Slavers","floor":25.0,"turns":4.0},{"damage":0.0,"enemies":"Chosen and Byrds","floor":26.0,"turns":4.0},{"damage":0.0,"enemies":"Sentry and Sphere","floor":27.0,"turns":2.0},{"damage":16.0,"enemies":"Centurion and Healer","floor":28.0,"turns":4.0},{"damage":0.0,"enemies":"downfall:FleeingMerchant","floor":29.0,"turns":4.0},{"damage":0.0,"enemies":"3 Cultists","floor":30.0,"turns":4.0},{"damage":1.0,"enemies":"Cultist and Chosen","floor":32.0,"turns":3.0},{"damage":39.0,"enemies":"DF_ARCHETYPE_CLAW","floor":33.0,"turns":8.0},{"damage":4.0,"enemies":"Orb Walker","floor":36.0,"turns":2.0},{"damage":6.0,"enemies":"3 Shapes","floor":37.0,"turns":3.0},{"damage":0.0,"enemies":"downfall:FleeingMerchant","floor":40.0,"turns":2.0},{"damage":0.0,"enemies":"Jaw Worm Horde","floor":42.0,"turns":1.0},{"damage":0.0,"enemies":"3 Darklings","floor":43.0,"turns":3.0},{"damage":10.0,"enemies":"3 Darklings","floor":44.0,"turns":5.0},{"damage":9.0,"enemies":"Giant Head","floor":46.0,"turns":6.0},{"damage":15.0,"enemies":"Nemesis","floor":48.0,"turns":3.0},{"damage":0.0,"enemies":"Writhing Mass","floor":49.0,"turns":3.0},{"damage":56.0,"enemies":"WA_ARCHETYPE_DIVINITY","floor":50.0,"turns":9.0},{"damage":16,"enemies":"downfall:CharBossMerchant","floor":52,"turns":5}],"seed_played":"4139083954340928145","potions_obtained":[{"floor":2.0,"key":"GamblersBrew"},{"floor":5.0,"key":"AttackPotion"},{"floor":14.0,"key":"bronze:CleanCodePotion"},{"floor":20.0,"key":"Block Potion"},{"floor":26.0,"key":"Strength Potion"},{"floor":30.0,"key":"bronze:BuildAFunctionPotion"},{"floor":32.0,"key":"PowerPotion"},{"floor":36.0,"key":"PowerPotion"},{"floor":49.0,"key":"DistilledChaos"}],"is_trial":false,"path_per_floor":["R","M","M","$","M","R","T","R","?","?","T","?","R","M","M","B",null,"R","M","M","?","M","R","T","E","M","M","M","$","M","?","M","B",null,"R","M","M","?","?","$","T","M","M","?","R","E","R","E","M","B",null,"E"],"character_chosen":"THE_AUTOMATON","items_purchased":["bronze:DecasWashers","bronze:BurnOut","HandDrill","hexamod:BolsterEngine"],"campfire_rested":1,"item_purchase_floors":[29,29,29,40],"current_hp_per_floor":[70,69,69,69,63,63,63,63,11,11,11,11,32,32,32,7,70,70,70,70,70,67,67,67,56,56,56,40,40,40,40,39,25,70,70,66,60,60,60,60,60,60,60,60,70,61,61,46,46,15,80,64,64,64],"gold":499,"neow_bonus":"THREE_RARE_CARDS","is_daily":false,"chose_seed":false,"campfire_upgraded":7,"win_rate":0.0,"timestamp":1614059261,"path_taken":["R","M","M","$","?","R","T","R","?","?","?","?","R","?","M","BOSS","R","M","M","?","M","R","T","E","M","M","M","$","M","?","M","BOSS","R","M","M","?","?","$","T","M","?","?","R","E","R","E","M","BOSS","E"],"items_purchased_type":["Relic","Card","Relic","Relic"],"build_version":"2020-12-22","purchased_purges":2,"victory":false,"max_hp_per_floor":[70,70,70,70,70,70,70,70,70,70,70,70,70,70,70,70,70,70,70,70,70,70,70,70,70,70,70,70,70,70,70,70,70,70,70,70,70,70,70,70,70,70,70,70,80,80,80,80,80,80,80,80,80,80],"card_choices":[{"not_picked":["bronze:Mutator","bronze:AlphaBuild"],"picked":"bronze:HyperBeam","floor":0.0},{"not_picked":["bronze:Overload","bronze:CutThrough"],"picked":"bronze:DelayedSlice","floor":2.0},{"not_picked":["bronze:Boost","bronze:Overheat"],"picked":"bronze:DelayedGuard","floor":3.0},{"not_picked":["bronze:WildBeam","bronze:Safeguard"],"picked":"bronze:ChildClass","floor":4.0},{"not_picked":["bronze:CutThrough","bronze:Deprecate"],"picked":"bronze:BuggyMess","floor":5.0},{"not_picked":["bronze:OilSpill","bronze:Return"],"picked":"bronze:BronzeOrb","floor":9.0},{"not_picked":["bronze:Invalidate","bronze:WildBeam","bronze:Frontload"],"picked":"SKIP","floor":14.0},{"not_picked":["bronze:WildBeam","bronze:ChosenStrike","bronze:Turbo"],"picked":"SKIP","floor":15.0},{"not_picked":["bronze:HyperBeam","bronze:FindAndReplace"],"picked":"bronze:Break","floor":16.0},{"not_picked":["bronze:DarkDash+1","bronze:NullPointer+1"],"picked":"bronze:DelayedSlice","floor":19.0},{"not_picked":["bronze:NullPointer","bronze:Overload+1"],"picked":"bronze:DelayedSlice","floor":20.0},{"not_picked":["bronze:BuggyMess","bronze:OilSpill","bronze:Invalidate"],"picked":"SKIP","floor":22.0},{"not_picked":["bronze:Safeguard+1","bronze:Constructor"],"picked":"bronze:Virus","floor":25.0},{"not_picked":["bronze:Deprecate","bronze:FineTuning+1","bronze:Constructor"],"picked":"SKIP","floor":26.0},{"not_picked":["bronze:Overheat","bronze:DarkDash","bronze:Frontload"],"picked":"SKIP","floor":27.0},{"not_picked":["bronze:MaxOutput+1","bronze:Return"],"picked":"bronze:Separator+1","floor":28.0},{"not_picked":["bronze:Overload","bronze:WhirlingStrike"],"picked":"bronze:DelayedGuard+1","floor":29.0},{"not_picked":["bronze:OilSpill","bronze:FineTuning","bronze:Virus"],"picked":"SKIP","floor":30.0},{"not_picked":["bronze:CloningBeam","bronze:Shield","bronze:BronzeArmor"],"picked":"SKIP","floor":32.0},{"not_picked":["bronze:TinkerersToolbox","bronze:Virus"],"picked":"bronze:InfiniteLoop","floor":33.0},{"not_picked":["bronze:Turbo+1","bronze:Overload+1","bronze:BronzeOrb"],"picked":"SKIP","floor":36.0},{"not_picked":["bronze:Invalidate+1","bronze:FineTuning+1"],"picked":"bronze:ChildClass","floor":37.0},{"not_picked":["bronze:Iterate+1","bronze:Constructor+1"],"picked":"bronze:BuggyMess+1","floor":40.0},{"not_picked":["bronze:CloningBeam","bronze:NullPointer","bronze:Turbo+1"],"picked":"SKIP","floor":42.0},{"not_picked":["bronze:FineTuning+1","bronze:Deprecate","bronze:Turbo"],"picked":"SKIP","floor":43.0},{"not_picked":["bronze:DelayedGuard","bronze:Branch"],"picked":"bronze:SpaghettiCode","floor":46.0},{"not_picked":["bronze:Branch+1","bronze:BuggyMess","bronze:Deprecate"],"picked":"SKIP","floor":48.0},{"not_picked":["bronze:DarkDash+1","bronze:ForLoop","bronze:WildBeam+1"],"picked":"SKIP","floor":49.0}],"player_experience":1511232,"relics_obtained":[{"floor":11.0,"key":"Ancient Tea Set"},{"floor":24.0,"key":"HornCleat"},{"floor":25.0,"key":"Orichalcum"},{"floor":41.0,"key":"bronze:CableSpool"},{"floor":44.0,"key":"Old Coin"},{"floor":46.0,"key":"War Paint"},{"floor":48.0,"key":"Slimebound:PreparedRelic"}],"event_choices":[{"damage_healed":0.0,"max_hp_gain":0.0,"max_hp_loss":0.0,"gold_gain":0.0,"event_name":"Addict","player_choice":"Stole Relic","floor":31.0,"gold_loss":0.0,"damage_taken":0.0,"relics_obtained":["Pantograph"],"cards_obtained":["Pride"]}],"is_beta":false,"boss_relics":[{"not_picked":["Fusion Hammer","Runic Pyramid","Runic Dome"]},{"not_picked":["bronze:ElectromagneticCoil","Black Star"],"picked":"Empty Cage"}],"items_purged_floors":[29,40],"is_endless":false,"potions_floor_spawned":[2,5,14,20,26,30,32,36,43,44,49],"killed_by":"downfall:CharBossMerchant","ascension_level":0}}