{"host":"my4gslufyvqsq7r2","time":1614049960,"event":{"mods":["BaseMod","Colored Powertips","Hermit","Hubris","Infinite Spire","Minty Spire (QoL Compilation)","Rare Cards Sparkle","Relic Stats","Reliquary","Replay The Spire","Robot Space Explorer","StSLib"],"gold_per_floor":[114,39,39,59,59,59,87,153,153,169,219,239,239,264,264,367,367,377,396,456,474,541,552,602,602,602,602,621,632,632,645,645,785,785,851,977,977,1053,1053,1053,1103,1205,1281,1375,1484,1595,1595,1710,1710,1710,1710],"floor_reached":50,"language":"ENG","playtime":3505,"items_purged":["Strike_P"],"score":769,"play_id":"b2e25469-18cd-4133-bed0-8ebb9a2d4df7","local_time":"20210222221240","is_ascension_mode":false,"campfire_choices":[{"data":"PathToVictory","floor":6,"key":"SMITH"},{"data":"Consecrate","floor":13,"key":"SMITH"},{"data":"Prostrate","floor":15,"key":"SMITH"},{"floor":25,"key":"REST"},{"floor":27,"key":"REST"},{"data":"Scrawl","floor":30,"key":"SMITH"},{"floor":32,"key":"REST"},{"floor":40,"key":"REST"},{"floor":47,"key":"REST"},{"floor":49,"key":"REST"}],"circlet_count":0,"master_deck":["Strike_P+1","Strike_P","Defend_P+1","Defend_P+1","Defend_P+1","Eruption","Vigilance","PathToVictory+1","WheelKick+1","Consecrate+1","Devotion+1","Prostrate+1","LessonLearned+1","Scrawl+1","Worship+1","Pray+1","Protect+1","CrushJoints","PathToVictory+1","Replay:DivineShield+1","Evaluate","Wish","EmptyFist+1","WaveOfTheHand+1","Replay:AtTheReady+1","PathToVictory","Parasite","Consecrate+1","PathToVictory+1","EmptyBody+1"],"relics":["PureWater","NeowsBlessing","SsserpentHead","hubris:SlimyHat","hubris:TerracottaHorce","Bottled Tornado","infinitespire:EvilPickle","reliquary:RedPaperclip","Runic Pyramid","Dream Catcher","Singing Bowl"],"acts_visited":["Exordium","TheCity","TheBeyond"],"potions_floor_usage":[16,22,29,37,44,46,46,48,50],"damage_taken":[{"damage":0,"enemies":"2 Louse","floor":1,"turns":1},{"damage":0,"enemies":"Small Slimes","floor":4,"turns":1},{"damage":0,"enemies":"Lagavulin","floor":7,"turns":1},{"damage":0,"enemies":"Cultist","floor":8,"turns":2},{"damage":0,"enemies":"Blue Slaver","floor":10,"turns":3},{"damage":0,"enemies":"Lots of Slimes","floor":12,"turns":1},{"damage":12,"enemies":"Replay:BlueRogue","floor":14,"turns":4},{"damage":0,"enemies":"Slime Boss","floor":16,"turns":7},{"damage":9,"enemies":"2 Thieves","floor":18,"turns":3},{"damage":0,"enemies":"3 Byrds","floor":19,"turns":3},{"damage":0,"enemies":"Cultist and Chosen","floor":20,"turns":3},{"damage":17,"enemies":"Centurion and Healer","floor":21,"turns":3},{"damage":12,"enemies":"Snake Plant","floor":22,"turns":3},{"damage":3,"enemies":"Snecko","floor":23,"turns":5},{"damage":0,"enemies":"Chosen and Byrds","floor":28,"turns":4},{"damage":10,"enemies":"3 Cultists","floor":29,"turns":4},{"damage":9,"enemies":"Shelled Parasite and Fungi","floor":31,"turns":5},{"damage":49,"enemies":"Pondfish","floor":33,"turns":11},{"damage":0,"enemies":"Orb Walker","floor":35,"turns":2},{"damage":20,"enemies":"3 Shapes","floor":36,"turns":4},{"damage":3,"enemies":"Jaw Worm Horde","floor":37,"turns":2},{"damage":27,"enemies":"Transient","floor":38,"turns":5},{"damage":3,"enemies":"Reptomancer","floor":42,"turns":6},{"damage":8,"enemies":"Spire Growth","floor":44,"turns":3},{"damage":0,"enemies":"Maw","floor":45,"turns":6},{"damage":7,"enemies":"Writhing Mass","floor":46,"turns":5},{"damage":18,"enemies":"Sphere and 2 Shapes","floor":48,"turns":3},{"damage":52,"enemies":"Donu and Deca","floor":50,"turns":4}],"seed_played":"8568830428596003749","potions_obtained":[{"floor":10,"key":"Elixir"},{"floor":12,"key":"ColorlessPotion"},{"floor":14,"key":"SmokeBomb"},{"floor":18,"key":"Adrenaline Potion"},{"floor":20,"key":"StancePotion"},{"floor":22,"key":"Elixir"},{"floor":23,"key":"Weak Potion"},{"floor":33,"key":"Languid Potion"},{"floor":38,"key":"FearPotion"},{"floor":44,"key":"Ambrosia"},{"floor":46,"key":"Adrenaline Potion"},{"floor":48,"key":"Fire Potion"}],"is_trial":false,"path_per_floor":["M","$","?","M","?","R","E","M","T","M","?","M","R","E","R","B",null,"M","M","M","M","M","M","?","R","T","R","M","M","R","M","R","B",null,"M","M","M","M","AVR","R","?","E","T","M","M","M","R","M","R","B"],"character_chosen":"WATCHER","items_purchased":[],"campfire_rested":6,"item_purchase_floors":[],"current_hp_per_floor":[72,72,72,72,72,72,72,72,72,72,72,72,72,60,60,60,69,60,60,60,43,31,28,28,49,49,70,70,60,60,51,72,23,60,60,40,37,10,10,31,31,28,28,20,22,15,37,19,43,0,0],"gold":1710,"neow_bonus":"THREE_ENEMY_KILL","is_daily":false,"chose_seed":false,"campfire_upgraded":4,"win_rate":0.0,"timestamp":1614049960,"path_taken":["M","$","?","M","?","R","E","?","T","M","?","M","R","E","R","BOSS","M","M","?","M","?","M","?","R","T","R","M","M","R","M","R","BOSS","M","?","M","M","AVR","R","?","E","T","M","M","M","R","M","R","BOSS"],"items_purchased_type":[],"build_version":"2020-12-22","purchased_purges":1,"victory":false,"max_hp_per_floor":[72,72,72,72,72,72,72,72,72,72,72,72,72,72,72,72,72,72,72,72,72,72,72,72,72,72,72,72,72,72,72,72,72,72,72,72,72,72,72,72,72,72,72,72,74,74,74,74,76,76,76],"relic_stats":{"SsserpentHead":350,"Dream Catcher":2,"Singing Bowl":4,"counters":[28,104],"obtain_stats":[{"NeowsBlessing":0,"Singing Bowl":43,"hubris:SlimyHat":14,"Bottled Tornado":26,"hubris:TerracottaHorce":17,"infinitespire:EvilPickle":33,"SsserpentHead":5,"Anchor":7,"Dream Catcher":42,"reliquary:RedPaperclip":34,"hubris:DeckOfHolding":9,"PureWater":0,"Runic Pyramid":39},{"NeowsBlessing":0,"Singing Bowl":23,"hubris:SlimyHat":7,"Bottled Tornado":14,"hubris:TerracottaHorce":8,"infinitespire:EvilPickle":18,"SsserpentHead":2,"Anchor":3,"Dream Catcher":23,"reliquary:RedPaperclip":18,"hubris:DeckOfHolding":4,"PureWater":0,"Runic Pyramid":22},{"NeowsBlessing":0,"Singing Bowl":83,"hubris:SlimyHat":13,"Bottled Tornado":40,"hubris:TerracottaHorce":20,"infinitespire:EvilPickle":64,"SsserpentHead":2,"Anchor":3,"Dream Catcher":83,"reliquary:RedPaperclip":64,"hubris:DeckOfHolding":5,"PureWater":0,"Runic Pyramid":77}]},"card_choices":[{"not_picked":["Prostrate","Replay:AtTheReady"],"picked":"PathToVictory","floor":1},{"not_picked":["Replay:AtTheReady","Replay:ManipulateFuture"],"picked":"FlyingSleeves","floor":4},{"not_picked":["LikeWater","Replay:Battleflow"],"picked":"WheelKick","floor":7},{"not_picked":["SashWhip","ClearTheMind"],"picked":"Consecrate","floor":8},{"not_picked":["Worship","Consecrate"],"picked":"Devotion","floor":10},{"not_picked":["Wireheading","ClearTheMind"],"picked":"Prostrate","floor":12},{"not_picked":["Tantrum","BowlingBash"],"picked":"LessonLearned","floor":14},{"not_picked":["Vault","Replay:LoomingThreat"],"picked":"Scrawl","floor":16},{"not_picked":["CutThroughFate","SashWhip"],"picked":"Worship+1","floor":18},{"not_picked":["Protect","CutThroughFate"],"picked":"Pray+1","floor":19},{"not_picked":["Weave","FollowUp"],"picked":"Protect","floor":20},{"not_picked":["BowlingBash","ConjureBlade"],"picked":"CrushJoints","floor":21},{"not_picked":["Conclude","WindmillStrike+1"],"picked":"PathToVictory","floor":22},{"not_picked":["Weave","Replay:AtTheReady"],"picked":"Replay:DivineShield","floor":23},{"not_picked":["Halt","Fasting2+1","BowlingBash"],"picked":"SKIP","floor":28},{"not_picked":["Sanctity","LikeWater+1"],"picked":"Evaluate","floor":29},{"not_picked":["Protect","Collect","BowlingBash+1"],"picked":"SKIP","floor":31},{"not_picked":["Ragnarok","ConjureBlade"],"picked":"Wish","floor":33},{"not_picked":["Replay:ManipulateFuture","FollowUp"],"picked":"EmptyFist+1","floor":35},{"not_picked":["FlyingSleeves","SignatureMove+1","BowlingBash"],"picked":"SKIP","floor":36},{"not_picked":["Halt","PathToVictory"],"picked":"WaveOfTheHand+1","floor":38},{"not_picked":["Adaptation+1","CrushJoints"],"picked":"Replay:AtTheReady+1","floor":42},{"not_picked":["Conclude+1","CutThroughFate+1"],"picked":"PathToVictory","floor":44},{"not_picked":["Perseverance","ClearTheMind","InnerPeace+1"],"picked":"Singing Bowl","floor":45},{"not_picked":["Evaluate","FollowUp"],"picked":"Consecrate+1","floor":46},{"not_picked":["Replay:LoomingThreat","Consecrate"],"picked":"PathToVictory+1","floor":47},{"not_picked":["InnerPeace+1","PathToVictory"],"picked":"EmptyBody+1","floor":48},{"not_picked":["Replay:AtTheReady","Crescendo+1","BattleHymn+1"],"picked":"Singing Bowl","floor":49}],"player_experience":569345,"relics_obtained":[{"floor":7,"key":"Anchor"},{"floor":9,"key":"hubris:DeckOfHolding"},{"floor":14,"key":"hubris:SlimyHat"},{"floor":26,"key":"Bottled Tornado"},{"floor":42,"key":"Dream Catcher"},{"floor":43,"key":"Singing Bowl"}],"event_choices":[{"damage_healed":0,"gold_gain":0,"player_choice":"Trade","damage_taken":0,"relics_obtained":["SsserpentHead"],"max_hp_gain":0,"max_hp_loss":0,"event_name":"FaceTrader","floor":5,"gold_loss":0},{"damage_healed":0,"gold_gain":0,"player_choice":"Forge","damage_taken":0,"max_hp_gain":0,"max_hp_loss":0,"event_name":"Accursed Blacksmith","floor":11,"gold_loss":0,"cards_upgraded":["Devotion"]},{"cards_removed":["Defend_P"],"damage_healed":0,"gold_gain":0,"player_choice":"Purged","damage_taken":0,"max_hp_gain":0,"max_hp_loss":0,"event_name":"Purifier","floor":24,"gold_loss":0},{"cards_removed":["FlyingSleeves"],"damage_healed":0,"gold_gain":0,"player_choice":"Removed Attack","damage_taken":0,"max_hp_gain":0,"max_hp_loss":0,"event_name":"Falling","floor":41,"gold_loss":0}],"is_beta":false,"boss_relics":[{"not_picked":["reliquary:Ember","Kintsugi"],"picked":"hubris:TerracottaHorce"},{"not_picked":["Busted Crown","Sozu"],"picked":"reliquary:RedPaperclip"}],"items_purged_floors":[2],"is_endless":false,"potions_floor_spawned":[10,12,14,18,20,22,23,33,38,44,46,48],"killed_by":"Donu and Deca","ascension_level":0}}