{"host":"sav7uxregyirlf69","time":1614043500,"event":{"mods":["AchievementEnabler","BaseMod","Colored Map","DeckTracker","Keyboard Shortcuts","Minty Spire (QoL Compilation)","READ ME - Guardian Mod","StSLib","SuperFastMode"],"gold_per_floor":[119,139,149,168,187,187,204,204,204],"floor_reached":8,"language":"KOR","playtime":187,"items_purged":[],"score":104,"play_id":"c5ff68f4-88b8-40ba-9738-db097839ad34","local_time":"20210223102500","is_ascension_mode":true,"campfire_choices":[{"data":"Armaments","floor":6,"key":"SMITH"}],"circlet_count":0,"master_deck":["AscendersBane","Strike_R","Strike_R","Strike_R","Defend_R","Defend_R","Defend_R","Defend_R","Bash","Cleave","Dual Wield","Armaments+1","Evolve","Disarm"],"relics":["Burning Blood"],"acts_visited":["Exordium"],"potions_floor_usage":[8],"damage_taken":[{"damage":1,"enemies":"Cultist","floor":1,"turns":3},{"damage":14,"enemies":"Small Slimes","floor":2,"turns":4},{"damage":9,"enemies":"Jaw Worm","floor":3,"turns":6},{"damage":9,"enemies":"3 Louse","floor":4,"turns":3},{"damage":3,"enemies":"Blue Slaver","floor":5,"turns":7},{"damage":15,"enemies":"Exordium Wildlife","floor":7,"turns":7},{"damage":62,"enemies":"Gremlin Nob","floor":8,"turns":4}],"seed_played":"-7538535918181416388","potions_obtained":[{"floor":4,"key":"BlessingOfTheForge"},{"floor":7,"key":"DistilledChaos"}],"is_trial":false,"path_per_floor":["M","M","M","M","M","R","M","E"],"character_chosen":"IRONCLAD","items_purchased":[],"campfire_rested":0,"item_purchase_floors":[],"current_hp_per_floor":[55,47,44,41,44,44,35,0,0],"gold":204,"neow_bonus":"REMOVE_TWO","is_daily":false,"chose_seed":false,"campfire_upgraded":1,"win_rate":0.0,"timestamp":1614043500,"path_taken":["M","?","M","M","?","R","M","E"],"items_purchased_type":[],"build_version":"2020-12-22","purchased_purges":0,"victory":false,"max_hp_per_floor":[75,75,75,75,75,75,75,75,75],"card_choices":[{"not_picked":["Perfected Strike","Clothesline"],"picked":"Cleave","floor":1},{"not_picked":["Headbutt","Clash","Flame Barrier"],"picked":"SKIP","floor":2},{"not_picked":["Dark Embrace","Evolve"],"picked":"Dual Wield","floor":3},{"not_picked":["Fire Breathing","Perfected Strike"],"picked":"Armaments","floor":4},{"not_picked":["Headbutt","Thunderclap"],"picked":"Evolve","floor":5},{"not_picked":["Evolve","Armaments"],"picked":"Disarm","floor":7}],"player_experience":1662577,"relics_obtained":[],"event_choices":[],"is_beta":false,"boss_relics":[],"items_purged_floors":[],"is_endless":false,"potions_floor_spawned":[4,7],"killed_by":"Gremlin Nob","ascension_level":20}}