{"host":"8rgpnls124hwjv5t","time":1614074586,"event":{"mods":["BaseMod","Colored Map","Colored Powertips","DeckTracker","Highlight Path","Minty Spire (QoL Compilation)","Permanent Neow","Quick Restart","Relic Stats","Replay The Spire","StSLib"],"gold_per_floor":[110,126,157,82,82,82,82,82],"floor_reached":7,"language":"ENG","playtime":615,"items_purged":[],"score":76,"play_id":"1c031276-70c5-4ee7-9c64-74d6fdc14e93","local_time":"20210223050306","is_ascension_mode":true,"campfire_choices":[{"data":"Hidden Blade","floor":6,"key":"SMITH"}],"circlet_count":0,"master_deck":["AscendersBane","Strike_G","Strike_G","Strike_G","Strike_G","Defend_G","Defend_G","Defend_G","Defend_G","Defend_G","Survivor","Dagger Spray","Underhanded Strike","Hidden Blade+1","Calculated Gamble","Doppelganger+1"],"relics":["Ring of the Snake","Kunai"],"acts_visited":["Exordium"],"potions_floor_usage":[7],"damage_taken":[{"damage":0,"enemies":"2 Louse","floor":1,"turns":3},{"damage":4,"enemies":"Small Slimes","floor":2,"turns":4},{"damage":69,"enemies":"Lagavulin","floor":7,"turns":9}],"seed_played":"-701868494694098352","potions_obtained":[{"floor":2,"key":"AttackPotion"}],"is_trial":false,"path_per_floor":["M","M","?","?","?","R","E"],"character_chosen":"THE_SILENT","items_purchased":[],"campfire_rested":0,"item_purchase_floors":[],"current_hp_per_floor":[64,60,60,60,60,60,0,0],"gold":82,"neow_bonus":"RANDOM_EVENT","is_daily":false,"chose_seed":false,"campfire_upgraded":1,"win_rate":0.0,"timestamp":1614074586,"path_taken":["M","M","?","?","?","R","E"],"items_purchased_type":[],"build_version":"2020-12-22","purchased_purges":0,"victory":false,"max_hp_per_floor":[71,71,71,71,71,71,71,71],"relic_stats":{"counters":[3,16],"Kunai":[4],"obtain_stats":[{"Kunai":3,"Ring of the Snake":0},{"Kunai":2,"Ring of the Snake":0},{"Kunai":7,"Ring of the Snake":0}],"Ring of the Snake":[6]},"card_choices":[{"not_picked":["ReplayTheSpireMod:The Works","Cloak And Dagger"],"picked":"Dagger Spray","floor":1},{"not_picked":["Flechettes","Outmaneuver"],"picked":"Underhanded Strike","floor":2},{"not_picked":["PiercingWail","Sneak Up"],"picked":"Hidden Blade","floor":3},{"not_picked":["Reflex","ReplayTheSpireMod:Tripwire"],"picked":"Calculated Gamble","floor":3}],"player_experience":651224,"relics_obtained":[{"floor":3,"key":"Kunai"}],"event_choices":[{"damage_healed":0,"gold_gain":0,"player_choice":"Donut","damage_taken":0,"max_hp_gain":5,"max_hp_loss":0,"event_name":"Big Fish","floor":0,"gold_loss":0},{"cards_removed":["Strike_G"],"damage_healed":0,"gold_gain":0,"player_choice":"Card Removal","damage_taken":0,"max_hp_gain":0,"max_hp_loss":0,"event_name":"The Cleric","floor":4,"gold_loss":75}],"is_beta":false,"boss_relics":[],"items_purged_floors":[],"is_endless":false,"potions_floor_spawned":[2],"killed_by":"Lagavulin","ascension_level":19}}