{"host":"johnydays","time":1614104460,"event":{"mods":["BaseMod","Bestiary","Block Reminder","Colored Map","Colored Powertips","Curses Come First","DeckTracker","Highlight Path","Minty Spire (QoL Compilation)","Relic Sorter","Relic Stats","StSLib","SuperFastMode","Weighted Paths"],"gold_per_floor":[111,186,186,186,205,205,221,221,266,366,366,404,404,429,429,522,522,537,462,482,498,498,541,564,292,292,318,337,375,375,410,410,499,499,519,550,571,590,465,505,505,528,528,528,236,236,297,330,330,330],"floor_reached":51,"language":"ENG","playtime":6285,"items_purged":["Bullet Time","Sucker Punch","Deflect","Survivor"],"score":1664,"play_id":"8b58e39c-3107-446a-bc17-770fb05fd410","local_time":"20210223182100","is_ascension_mode":true,"campfire_choices":[{"data":"Predator","floor":6.0,"key":"SMITH"},{"data":"Neutralize","floor":8.0,"key":"SMITH"},{"data":"Dodge and Roll","floor":11.0,"key":"SMITH"},{"data":"Blade Dance","floor":13.0,"key":"SMITH"},{"data":"Adrenaline","floor":15.0,"key":"SMITH"},{"floor":32.0,"key":"REST"},{"data":"Footwork","floor":41.0,"key":"SMITH"},{"floor":44.0,"key":"RECALL"},{"data":"Footwork","floor":49,"key":"SMITH"}],"circlet_count":0,"master_deck":["AscendersBane","Neutralize+1","Heel Hook","Venomology","Dodge and Roll+1","Predator+1","Blade Dance+1","Terror","PiercingWail","Calculated Gamble","Adrenaline+1","Blade Dance+1","Backstab","Escape Plan","Heel Hook","After Image","Backstab","Footwork+1","Backflip","Footwork+1","Acrobatics","Backflip+1"],"relics":["Pandora\u0027s Box","Calipers","Golden Idol","Dream Catcher","Boot","SlaversCollar","Art of War","DollysMirror","FossilizedHelix","Bag of Preparation","Sundial","Toy Ornithopter","Cursed Key","The Specimen","Pocketwatch","Letter Opener"],"acts_visited":["Exordium","TheCity","TheBeyond"],"potions_floor_usage":[47,50,50],"damage_taken":[{"damage":1.0,"enemies":"Small Slimes","floor":1.0,"turns":3.0},{"damage":9.0,"enemies":"Jaw Worm","floor":5.0,"turns":3.0},{"damage":0.0,"enemies":"Cultist","floor":7.0,"turns":3.0},{"damage":17.0,"enemies":"3 Sentries","floor":12.0,"turns":6.0},{"damage":5.0,"enemies":"Gremlin Gang","floor":14.0,"turns":4.0},{"damage":4.0,"enemies":"Hexaghost","floor":16.0,"turns":6.0},{"damage":0.0,"enemies":"Chosen","floor":18.0,"turns":3.0},{"damage":15.0,"enemies":"2 Thieves","floor":20.0,"turns":4.0},{"damage":6.0,"enemies":"Cultist and Chosen","floor":21.0,"turns":4.0},{"damage":8.0,"enemies":"Slavers","floor":23.0,"turns":4.0},{"damage":14.0,"enemies":"Snake Plant","floor":24.0,"turns":3.0},{"damage":0.0,"enemies":"Chosen and Byrds","floor":28.0,"turns":4.0},{"damage":0.0,"enemies":"Book of Stabbing","floor":29.0,"turns":3.0},{"damage":0.0,"enemies":"Slavers","floor":31.0,"turns":2.0},{"damage":30.0,"enemies":"Automaton","floor":33.0,"turns":7.0},{"damage":0.0,"enemies":"3 Shapes","floor":35.0,"turns":6.0},{"damage":0.0,"enemies":"Mind Bloom Boss Battle","floor":36.0,"turns":4.0},{"damage":0.0,"enemies":"3 Darklings","floor":37.0,"turns":6.0},{"damage":9.0,"enemies":"4 Shapes","floor":38.0,"turns":9.0},{"damage":0.0,"enemies":"Reptomancer","floor":40.0,"turns":5.0},{"damage":0.0,"enemies":"Writhing Mass","floor":42.0,"turns":5.0},{"damage":16,"enemies":"2 Orb Walkers","floor":47,"turns":4},{"damage":0,"enemies":"Giant Head","floor":48,"turns":3},{"damage":0,"enemies":"Awakened One","floor":50,"turns":4}],"seed_played":"-7495709010440837349","potions_obtained":[{"floor":1.0,"key":"Energy Potion"},{"floor":12.0,"key":"Block Potion"},{"floor":18.0,"key":"DuplicationPotion"},{"floor":29.0,"key":"ColorlessPotion"},{"floor":31.0,"key":"SpeedPotion"}],"is_trial":false,"path_per_floor":["M","?","?","?","M","R","M","R","T","?","R","E","R","M","R","B",null,"M","$","M","M","?","E","M","$","T","T","M","E","?","E","R","B",null,"M","?","M","M","$","E","R","M","T","R","$","?","?","E","R","B",null],"character_chosen":"THE_SILENT","items_purchased":["DollysMirror","Footwork","Acrobatics"],"campfire_rested":1,"item_purchase_floors":[25,45,45],"current_hp_per_floor":[58,47,47,47,38,38,38,38,38,38,38,21,21,16,16,12,48,48,48,33,27,27,19,5,5,5,5,5,5,17,17,35,10,48,53,53,58,51,51,60,60,60,60,60,60,60,49,49,49,59],"gold":330,"neow_bonus":"BOSS_RELIC","is_daily":false,"chose_seed":false,"campfire_upgraded":7,"win_rate":0.0,"timestamp":1614104460,"path_taken":["M","?","?","?","?","R","M","R","T","?","R","E","R","?","R","BOSS","M","$","M","?","?","E","M","$","T","?","?","E","?","E","R","BOSS","M","?","M","M","$","E","R","M","T","R","$","?","?","E","R","BOSS"],"items_purchased_type":["Relic","Card","Card"],"build_version":"2020-12-18","purchased_purges":4,"victory":true,"max_hp_per_floor":[66,66,66,60,60,60,60,60,60,60,60,60,60,60,60,60,60,60,60,60,60,60,60,60,60,60,60,60,60,60,60,60,60,60,60,60,60,60,60,60,60,60,60,60,60,60,60,60,60,60],"relic_stats":{"counters":[24,105],"Golden Idol":169,"Bag of Preparation":[26],"Letter Opener":[120],"Boot":[244],"Cursed Key":0,"Dream Catcher":1,"Sundial":[78],"Pandora\u0027s Box":["Heel Hook","Venomology","Bullet Time","Deflect","Dodge and Roll","Sucker Punch","Predator","Blade Dance","Poisoned Stab","Setup"],"Art of War":[1],"obtain_stats":[{"Calipers":40,"The Specimen":36,"Golden Idol":4,"Bag of Preparation":27,"Letter Opener":48,"Boot":12,"Cursed Key":34,"SlaversCollar":17,"Dream Catcher":9,"DollysMirror":25,"Sundial":29,"Pandora\u0027s Box":0,"Art of War":23,"FossilizedHelix":26,"Toy Ornithopter":31,"Ring of the Snake":0,"Pocketwatch":47},{"Calipers":20,"The Specimen":17,"Golden Idol":1,"Bag of Preparation":11,"Letter Opener":23,"Boot":4,"Cursed Key":15,"SlaversCollar":6,"Dream Catcher":3,"DollysMirror":11,"Sundial":13,"Pandora\u0027s Box":0,"Art of War":10,"FossilizedHelix":11,"Toy Ornithopter":14,"Ring of the Snake":0,"Pocketwatch":22},{"Calipers":89,"The Specimen":69,"Golden Idol":3,"Bag of Preparation":43,"Letter Opener":101,"Boot":15,"Cursed Key":59,"SlaversCollar":25,"Dream Catcher":9,"DollysMirror":43,"Sundial":50,"Pandora\u0027s Box":0,"Art of War":40,"FossilizedHelix":43,"Toy Ornithopter":52,"Ring of the Snake":0,"Pocketwatch":98}],"Toy Ornithopter":41,"Pocketwatch":[0]},"card_choices":[{"not_picked":["Heel Hook","Well Laid Plans"],"picked":"Terror","floor":1.0},{"not_picked":["Distraction","Underhanded Strike"],"picked":"PiercingWail","floor":5.0},{"not_picked":["Acrobatics","Accuracy","Poisoned Stab"],"picked":"SKIP","floor":7.0},{"not_picked":["Reflex","Prepared"],"picked":"Calculated Gamble","floor":12.0},{"not_picked":["Flying Knee","Dagger Spray"],"picked":"Adrenaline","floor":14.0},{"not_picked":["Bouncing Flask","Riddle With Holes"],"picked":"Blade Dance+1","floor":18.0},{"not_picked":["Dagger Throw","Predator"],"picked":"Backstab","floor":20.0},{"not_picked":["Flying Knee","Sucker Punch"],"picked":"Escape Plan","floor":21.0},{"not_picked":["Riddle With Holes","PiercingWail","Dodge and Roll"],"picked":"SKIP","floor":23.0},{"not_picked":["Masterful Stab+1","Bane","Sucker Punch"],"picked":"SKIP","floor":24.0},{"not_picked":["Flying Knee","Quick Slash","Envenom"],"picked":"SKIP","floor":28.0},{"not_picked":["Flying Knee","Quick Slash","Envenom"],"picked":"SKIP","floor":28.0},{"not_picked":["Bane","Slice","Flechettes"],"picked":"SKIP","floor":29.0},{"not_picked":["Tools of the Trade","Cloak And Dagger","Dagger Throw"],"picked":"SKIP","floor":31.0},{"not_picked":["Doppelganger","Bullet Time"],"picked":"After Image","floor":33.0},{"not_picked":["Sucker Punch","Acrobatics"],"picked":"Backstab","floor":35.0},{"not_picked":["Catalyst","PiercingWail"],"picked":"Footwork","floor":37.0},{"not_picked":["Dagger Throw+1","Bane+1","Flying Knee"],"picked":"SKIP","floor":38.0},{"not_picked":["Dodge and Roll","Acrobatics"],"picked":"Backflip","floor":40.0},{"not_picked":["Catalyst","Deadly Poison","Unload"],"picked":"SKIP","floor":42.0},{"not_picked":["Bane","Caltrops"],"picked":"Backflip+1","floor":47},{"not_picked":["Acrobatics","Tools of the Trade","Sucker Punch+1"],"picked":"SKIP","floor":48}],"player_experience":552282,"relics_obtained":[{"floor":9.0,"key":"Dream Catcher"},{"floor":12.0,"key":"Boot"},{"floor":23.0,"key":"Art of War"},{"floor":26.0,"key":"FossilizedHelix"},{"floor":27.0,"key":"Bag of Preparation"},{"floor":29.0,"key":"Sundial"},{"floor":31.0,"key":"Toy Ornithopter"},{"floor":36.0,"key":"The Specimen"},{"floor":40.0,"key":"Calipers"},{"floor":47,"key":"Pocketwatch"},{"floor":48,"key":"Letter Opener"}],"event_choices":[{"damage_healed":0.0,"max_hp_gain":0.0,"max_hp_loss":0.0,"gold_gain":75.0,"event_name":"World of Goop","player_choice":"Gather Gold","floor":2.0,"gold_loss":0.0,"damage_taken":11.0},{"cards_removed":["Setup"],"damage_healed":0.0,"max_hp_gain":0.0,"max_hp_loss":0.0,"gold_gain":0.0,"event_name":"Living Wall","player_choice":"Forget","floor":3.0,"gold_loss":0.0,"damage_taken":0.0},{"damage_healed":0.0,"max_hp_gain":0.0,"max_hp_loss":6.0,"gold_gain":0.0,"event_name":"Golden Idol","player_choice":"Lose Max HP","floor":4.0,"gold_loss":0.0,"damage_taken":0.0,"relics_obtained":["Golden Idol"]},{"damage_healed":0.0,"max_hp_gain":0.0,"max_hp_loss":0.0,"gold_gain":100.0,"event_name":"Wheel of Change","player_choice":"Gold","floor":10.0,"gold_loss":0.0,"damage_taken":0.0},{"cards_removed":["Poisoned Stab"],"damage_healed":0.0,"max_hp_gain":0.0,"max_hp_loss":0.0,"gold_gain":0.0,"event_name":"Back to Basics","player_choice":"Elegance","floor":22.0,"gold_loss":0.0,"damage_taken":0.0},{"damage_healed":12.0,"max_hp_gain":0.0,"max_hp_loss":0.0,"gold_gain":0.0,"event_name":"The Library","player_choice":"Heal","floor":30.0,"gold_loss":0.0,"damage_taken":0.0},{"damage_healed":0.0,"max_hp_gain":0.0,"max_hp_loss":0.0,"gold_gain":0.0,"event_name":"MindBloom","player_choice":"Fight","floor":36.0,"gold_loss":0.0,"damage_taken":0.0},{"damage_healed":0.0,"max_hp_gain":0.0,"max_hp_loss":0.0,"gold_gain":0.0,"event_name":"SensoryStone","player_choice":"Memory 1","floor":46.0,"gold_loss":0.0,"damage_taken":0.0},{"damage_healed":0,"gold_gain":0,"player_choice":"Fight","damage_taken":0,"max_hp_gain":0,"max_hp_loss":0,"event_name":"Mysterious Sphere","floor":47,"gold_loss":0}],"is_beta":true,"boss_relics":[{"not_picked":["Velvet Choker","Runic Dome"],"picked":"SlaversCollar"},{"not_picked":["Calling Bell","Astrolabe"],"picked":"Cursed Key"}],"items_purged_floors":[19,25,39,45],"is_endless":false,"potions_floor_spawned":[1,12,18,28,29,31,35,38,48],"ascension_level":17}}