{"host":"Petra","time":1614098592,"event":{"mods":["BaseMod","Colored Powertips","Defuse TimeMaze Blight","Downfall","Hermit","KinomotoSakuraMod(????)","Marisa????????","Marked Mod","Minty Spire (QoL Compilation)","Replay The Spire","Shade Mod","StSLib","The Alterego","The Cursed","The Gatherer","The Marked","The Servant 0.9.4","TheVacant","Waifu the Spire"],"gold_per_floor":[114,189,189,208,235,235,252,252,300,317,317,317,317,332,332,332,332],"floor_reached":16,"language":"ENG","playtime":698,"items_purged":[],"score":90,"play_id":"3ff96788-1421-45e5-a5af-c87b08fe0ea0","local_time":"20210223184312","is_ascension_mode":false,"campfire_choices":[{"data":"Exchange","floor":6,"key":"SMITH"},{"data":"Potential","floor":8,"key":"SMITH"},{"data":"DualDimension","floor":12,"key":"SMITH"},{"data":"Potential","floor":15,"key":"SMITH"}],"circlet_count":0,"master_deck":["Strike_S","Strike_S","Strike_S","Strike_S","Defend_S","Defend_S","Defend_S","Defend_S","KidneyShot+1","Exchange+1","Reset","Reset","DualDimension+1","Misdirection+1","Potential+1"],"relics":["Uniform","Replay:Rubber Ducky","ReplayTheSpireMod:TigerMarble"],"acts_visited":["Exordium"],"potions_floor_usage":[16,16],"damage_taken":[{"damage":5,"enemies":"Jaw Worm","floor":1,"turns":4},{"damage":1,"enemies":"2 Louse","floor":4,"turns":3},{"damage":2,"enemies":"Small Slimes","floor":7,"turns":4},{"damage":2,"enemies":"Blue Slaver","floor":10,"turns":5},{"damage":0,"enemies":"Exordium Thugs","floor":14,"turns":5},{"damage":48,"enemies":"Slime Boss","floor":16,"turns":13}],"seed_played":"-8234476669891057169","potions_obtained":[{"floor":1,"key":"EssenceOfSteel"},{"floor":4,"key":"Adrenaline Potion"},{"floor":10,"key":"Venom Potion"}],"is_trial":false,"path_per_floor":["M","?","?","M","T","R","M","R","T","M","?","R","?","M","R","B"],"character_chosen":"THE_SERVANT","items_purchased":[],"campfire_rested":0,"item_purchase_floors":[],"current_hp_per_floor":[60,49,49,48,48,48,46,46,46,44,44,44,44,44,44,0,0],"gold":332,"neow_bonus":"THREE_CARDS","is_daily":false,"chose_seed":false,"campfire_upgraded":4,"win_rate":0.0,"timestamp":1614098592,"path_taken":["M","?","?","M","?","R","M","R","T","M","?","R","?","?","R","BOSS"],"items_purchased_type":[],"build_version":"2020-11-17","purchased_purges":0,"victory":false,"max_hp_per_floor":[65,65,65,65,65,65,65,65,65,65,65,65,65,65,65,65,65],"card_choices":[{"not_picked":["Unruled","Spin"],"picked":"Potential","floor":0},{"not_picked":["SurpressingFire","Sabotage"],"picked":"Reset","floor":1},{"not_picked":["Spin","FastForward"],"picked":"Reset","floor":4},{"not_picked":["ReturningBlade","Alleviate","Shuttle"],"picked":"SKIP","floor":7},{"not_picked":["Spin","ReturningBlade"],"picked":"DualDimension","floor":10},{"not_picked":["Rewind","Replace"],"picked":"Potential","floor":14}],"player_experience":38598,"relics_obtained":[{"floor":5,"key":"Replay:Rubber Ducky"},{"floor":9,"key":"ReplayTheSpireMod:TigerMarble"}],"event_choices":[{"damage_healed":0,"gold_gain":75,"player_choice":"Gather Gold","damage_taken":11,"max_hp_gain":0,"max_hp_loss":0,"event_name":"World of Goop","floor":2,"gold_loss":0},{"damage_healed":0,"gold_gain":0,"player_choice":"Ignored","damage_taken":0,"max_hp_gain":0,"max_hp_loss":0,"event_name":"Golden Wing","floor":3,"gold_loss":0},{"damage_healed":0,"gold_gain":0,"player_choice":"Grow","damage_taken":0,"max_hp_gain":0,"max_hp_loss":0,"event_name":"Living Wall","floor":11,"gold_loss":0,"cards_upgraded":["KidneyShot"]}],"is_beta":true,"boss_relics":[],"items_purged_floors":[],"is_endless":false,"potions_floor_spawned":[1,4,10],"killed_by":"Slime Boss","ascension_level":0}}