{"host":"zlolxa879v8f5dwy","time":1614097420,"event":{"mods":["AchievementEnabler","BaseMod","Downfall","Friendly Minions","Hermit","Hubris","Jorbs\u0027s Wanderer Trilogy","Kiyohime????","Koishi","Marisa????????","Minty Spire (QoL Compilation)","Remilia??????","StSLib","The Animator","The Cursed","The Disciple","The Hierophant","The Servant 0.9.4"],"gold_per_floor":[99,115,129,429,446,346,346,346,346,359,388,388,407,442,460,562,562,462,478,478,478,488,108,108,108,126,126,37,37,37,83,98,203,203,203,215,215,215,235,235,287,310,336,236,262,299,328,353,377,377,377,414,3,3,3,3,3,3],"floor_reached":56,"language":"ENG","playtime":3727,"items_purged":["Pain","bronze:Strike","bronze:Strike"],"score":839,"play_id":"29173283-2c7f-4104-9156-02befd1d3d92","local_time":"20210223172340","is_ascension_mode":false,"campfire_choices":[{"floor":1,"key":"RECALL"},{"data":"bronze:BronzeOrb","floor":6,"key":"SMITH"},{"data":"bronze:Boost","floor":8,"key":"SMITH"},{"data":"bronze:Repulsor","floor":12,"key":"SMITH"},{"data":"bronze:HardenedForm","floor":18,"key":"SMITH"},{"data":"bronze:Flail","floor":25,"key":"SMITH"},{"data":"bronze:Iterate","floor":27,"key":"SMITH"},{"data":"bronze:BronzeOrb","floor":29,"key":"SMITH"},{"data":"bronze:Verify","floor":35,"key":"SMITH"},{"data":"expansioncontent:StudyTheSpire","floor":40,"key":"SMITH"},{"data":"bronze:FineTuning","floor":44,"key":"SMITH"},{"floor":54,"key":"REST"}],"circlet_count":0,"master_deck":["bronze:Strike","bronze:Defend","bronze:Defend","bronze:Defend+1","bronze:Defend+1","bronze:Replicate","bronze:Goto","bronze:Overload","bronze:BronzeOrb+1","downfall:Icky","downfall:Icky","bronze:Boost+1","bronze:Branch","bronze:Repulsor+1","bronze:Optimize","bronze:Frontload","bronze:Iterate+1","bronze:HardenedForm+1","bronze:Flail+1","bronze:CloningBeam","bronze:ItsAFeature+1","bronze:FineTuning+1","bronze:BronzeOrb+1","expansioncontent:StudyTheSpire+1","bronze:DelayedSlice+1","bronze:Verify+1","bronze:CloningBeam","hubris:Greed","animator:Curse_GriefSeed","hubris:Greed","bronze:Shell+1","bronze:Turbo","hubris:Envy","Shame"],"relics":["bronze:BronzeCore","downfall:HeartBlessingRed","Meat on the Bone","WarpedTongs","Pear","Centennial Puzzle","Busted Crown","downfall:HeartBlessingGreen","hubris:CuriousFeather","Ice Cream","Sozu","downfall:ExtraCursedKey","downfall:HeartBlessingBlue","War Paint","Omamori","Mercury Hourglass","TungstenRod"],"acts_visited":["Exordium","TheCity","TheBeyond","TheEnding"],"potions_floor_usage":[5,11,16,31,43],"damage_taken":[{"damage":1,"enemies":"Jaw Worm","floor":2,"turns":4},{"damage":0,"enemies":"Small Slimes","floor":3,"turns":3},{"damage":1,"enemies":"Cultist","floor":5,"turns":4},{"damage":8,"enemies":"Large Slime","floor":10,"turns":7},{"damage":15,"enemies":"Lagavulin","floor":11,"turns":5},{"damage":2,"enemies":"3 Louse","floor":13,"turns":3},{"damage":32,"enemies":"Gremlin Nob","floor":14,"turns":5},{"damage":4,"enemies":"Exordium Thugs","floor":15,"turns":4},{"damage":10,"enemies":"SI_SHIV_ARCHETYPE","floor":16,"turns":5},{"damage":2,"enemies":"Shell Parasite","floor":19,"turns":4},{"damage":5,"enemies":"Spheric Guardian","floor":22,"turns":4},{"damage":5,"enemies":"downfall:FleeingMerchant","floor":23,"turns":4},{"damage":0,"enemies":"Chosen and Byrds","floor":26,"turns":3},{"damage":0,"enemies":"downfall:FleeingMerchant","floor":28,"turns":4},{"damage":0,"enemies":"downfall:FleeingMerchant","floor":31,"turns":4},{"damage":0,"enemies":"Snake Plant","floor":32,"turns":2},{"damage":17,"enemies":"DF_ARCHETYPE_CLAW","floor":33,"turns":4},{"damage":5,"enemies":"3 Shapes","floor":36,"turns":2},{"damage":0,"enemies":"Orb Walker","floor":39,"turns":3},{"damage":0,"enemies":"3 Darklings","floor":42,"turns":3},{"damage":2,"enemies":"Maw","floor":43,"turns":5},{"damage":18,"enemies":"Reptomancer","floor":46,"turns":4},{"damage":22,"enemies":"Spire Growth","floor":47,"turns":5},{"damage":0,"enemies":"Jaw Worm Horde","floor":48,"turns":2},{"damage":18,"enemies":"3 Darklings","floor":49,"turns":3},{"damage":14,"enemies":"IC_BLOCK_ARCHETYPE","floor":50,"turns":6},{"damage":90,"enemies":"downfall:CharBossMerchant","floor":52,"turns":9},{"damage":26,"enemies":"downfall:NeowBoss","floor":55,"turns":12},{"damage":42,"enemies":"downfall:NeowBossFinal","floor":56,"turns":3}],"seed_played":"2854066577627927558","potions_obtained":[{"floor":3,"key":"DistilledChaos"},{"floor":5,"key":"Swift Potion"},{"floor":14,"key":"FearPotion"},{"floor":16,"key":"Strength Potion"},{"floor":22,"key":"sneckomod:MuddlingPotion"},{"floor":32,"key":"Swift Potion"}],"is_trial":false,"path_per_floor":["R","M","M","?","M","R","T","R","?","M","E","R","M","E","M","B",null,"R","M","?","?","M","$","T","R","M","R","$","R","?","$","M","B",null,"R","M","?","?","M","R","T","M","M","R","T","E","M","M","M","B",null,"E","$","R","B","B"],"character_chosen":"THE_AUTOMATON","items_purchased":["hubris:CuriousFeather","bronze:BronzeOrb","expansioncontent:StudyTheSpire","TungstenRod"],"campfire_rested":1,"item_purchase_floors":[23,28,31,53],"current_hp_per_floor":[77,76,76,76,75,75,75,75,75,67,62,62,60,40,48,50,87,87,85,85,85,80,75,75,75,75,75,75,75,58,58,58,53,92,92,87,87,87,87,87,87,87,85,95,95,77,55,55,49,47,102,24,24,54,40,0,0,0],"gold":3,"neow_bonus":"TEN_PERCENT_HP_BONUS","is_daily":false,"chose_seed":false,"campfire_upgraded":10,"win_rate":0.0,"timestamp":1614097420,"path_taken":["R","M","M","?","M","R","T","R","?","?","E","R","M","E","M","BOSS","R","M","?","?","M","?","T","R","?","R","$","R","?","$","M","BOSS","R","M","?","?","M","R","T","?","M","R","?","E","M","M","M","BOSS","E","$","R","BOSS","BOSS"],"items_purchased_type":["Relic","Card","Card","Relic"],"build_version":"2020-12-22","purchased_purges":3,"victory":false,"max_hp_per_floor":[77,77,77,77,77,77,77,77,77,77,87,87,87,87,87,87,87,87,87,87,87,87,87,87,87,87,87,87,87,92,92,92,92,92,92,92,92,92,92,92,92,92,92,102,102,102,102,102,102,102,102,102,102,102,102,102,102,102],"card_choices":[{"not_picked":["bronze:Turbo","bronze:BugBarrage"],"picked":"bronze:Overload","floor":2},{"not_picked":["bronze:MaxOutput","bronze:Deprecate"],"picked":"bronze:BronzeOrb","floor":3},{"not_picked":["bronze:Invalidate","bronze:Deprecate"],"picked":"bronze:Boost","floor":5},{"not_picked":["bronze:CutThrough","bronze:Invalidate"],"picked":"bronze:Branch","floor":10},{"not_picked":["bronze:Deprecate","bronze:Shield"],"picked":"bronze:Repulsor","floor":11},{"not_picked":["bronze:Invalidate","bronze:Turbo"],"picked":"bronze:Optimize","floor":13},{"not_picked":["bronze:WildBeam","bronze:Turbo"],"picked":"bronze:Frontload","floor":14},{"not_picked":["bronze:Shield","bronze:Turbo"],"picked":"bronze:Iterate","floor":15},{"not_picked":["bronze:Virus","bronze:Format"],"picked":"bronze:HardenedForm","floor":16},{"not_picked":["bronze:CutThrough"],"picked":"SKIP","floor":19},{"not_picked":[],"picked":"bronze:CloningBeam","floor":22},{"not_picked":[],"picked":"bronze:ItsAFeature+1","floor":23},{"not_picked":[],"picked":"bronze:FineTuning","floor":26},{"not_picked":["bronze:BitShift"],"picked":"SKIP","floor":28},{"not_picked":["bronze:DelayedSlice"],"picked":"SKIP","floor":31},{"not_picked":[],"picked":"bronze:DelayedSlice+1","floor":32},{"not_picked":[],"picked":"bronze:Verify","floor":33},{"not_picked":["bronze:Optimize"],"picked":"SKIP","floor":36},{"not_picked":["bronze:BugBarrage"],"picked":"SKIP","floor":39},{"not_picked":[],"picked":"bronze:Shell+1","floor":42},{"not_picked":[],"picked":"bronze:Turbo","floor":43},{"not_picked":["bronze:Deprecate+1"],"picked":"SKIP","floor":46},{"not_picked":["bronze:BugBarrage+1"],"picked":"SKIP","floor":47},{"not_picked":["bronze:Overheat+1"],"picked":"SKIP","floor":48},{"not_picked":["bronze:BuggyMess"],"picked":"SKIP","floor":49},{"not_picked":["bronze:Safeguard"],"picked":"SKIP","floor":52}],"player_experience":186134,"relics_obtained":[{"floor":7,"key":"Meat on the Bone"},{"floor":11,"key":"Pear"},{"floor":14,"key":"Centennial Puzzle"},{"floor":24,"key":"Ice Cream"},{"floor":45,"key":"War Paint"},{"floor":46,"key":"Omamori"},{"floor":52,"key":"Mercury Hourglass"}],"event_choices":[{"damage_healed":0,"gold_gain":0,"player_choice":"Read","damage_taken":0,"max_hp_gain":0,"max_hp_loss":0,"event_name":"The Library","floor":21,"gold_loss":0,"cards_obtained":["bronze:Flail"]}],"is_beta":false,"boss_relics":[{"not_picked":["Tiny House","Fusion Hammer"],"picked":"Busted Crown"},{"not_picked":["bronze:MakeshiftBattery","SlaversCollar"],"picked":"Sozu"}],"items_purged_floors":[23,31,53],"is_endless":false,"potions_floor_spawned":[3,5,14,16,22,32,43,47,48,52],"killed_by":"downfall:NeowBossFinal","ascension_level":0}}