{"host":"2l5k2wp87eek7qja","time":1614105925,"event":{"mods":["BaseMod","Colored Map","Minty Spire (QoL Compilation)","Relic Stats"],"gold_per_floor":[112,37,187,187,206,206,241,6,6,17,33,51,81,81,81,81,81],"floor_reached":16,"language":"ENG","playtime":271,"items_purged":["Doubt"],"score":270,"play_id":"580b95f4-a6c0-49e8-8988-3fad1939182d","local_time":"20210223204525","is_ascension_mode":true,"campfire_choices":[{"data":"Flying Knee","floor":6,"key":"SMITH"},{"data":"Flechettes","floor":15,"key":"SMITH"}],"circlet_count":0,"master_deck":["AscendersBane","Strike_G","Strike_G","Strike_G","Strike_G","Defend_G","Defend_G","Defend_G","Defend_G","Defend_G","Survivor","Neutralize+1","Flying Knee+1","Masterful Stab","Flechettes+1","Quick Slash","Deflect"],"relics":["Ring of the Snake","NeowsBlessing","Gremlin Horn","Happy Flower","Blood Vial","Darkstone Periapt","Golden Idol"],"acts_visited":["Exordium"],"potions_floor_usage":[13,13,16],"damage_taken":[{"damage":0,"enemies":"Jaw Worm","floor":1,"turns":1},{"damage":0,"enemies":"Small Slimes","floor":5,"turns":1},{"damage":0,"enemies":"3 Sentries","floor":7,"turns":1},{"damage":0,"enemies":"2 Louse","floor":10,"turns":2},{"damage":4,"enemies":"Blue Slaver","floor":11,"turns":2},{"damage":6,"enemies":"3 Louse","floor":12,"turns":3},{"damage":10,"enemies":"Lagavulin","floor":13,"turns":4},{"damage":51,"enemies":"Slime Boss","floor":16,"turns":8}],"seed_played":"-2539690989651409061","potions_obtained":[{"floor":7,"key":"BlessingOfTheForge"},{"floor":12,"key":"SkillPotion"},{"floor":13,"key":"PowerPotion"}],"is_trial":false,"path_per_floor":["M","?","?","?","M","R","E","$","T","M","M","M","E","?","R","B"],"character_chosen":"THE_SILENT","items_purchased":["Happy Flower"],"campfire_rested":0,"item_purchase_floors":[8],"current_hp_per_floor":[59,59,59,59,59,59,59,59,59,61,59,55,47,47,47,0,0],"gold":81,"neow_bonus":"THREE_ENEMY_KILL","is_daily":false,"chose_seed":false,"campfire_upgraded":2,"win_rate":0.0,"timestamp":1614105925,"path_taken":["M","?","?","?","M","R","E","$","T","M","M","?","E","?","R","BOSS"],"items_purchased_type":["Relic"],"build_version":"2020-12-22","purchased_purges":1,"victory":false,"max_hp_per_floor":[66,66,66,66,66,66,66,66,66,66,66,66,66,60,60,60,60],"relic_stats":{"Blood Vial":10,"Darkstone Periapt":0,"Gremlin Horn":[5,5],"Happy Flower":[6],"counters":[8,22],"Golden Idol":0,"obtain_stats":[{"Blood Vial":9,"Darkstone Periapt":13,"NeowsBlessing":0,"Gremlin Horn":7,"Happy Flower":8,"Golden Idol":14,"Ring of the Snake":0},{"Blood Vial":3,"Darkstone Periapt":7,"NeowsBlessing":0,"Gremlin Horn":3,"Happy Flower":3,"Golden Idol":7,"Ring of the Snake":0},{"Blood Vial":3,"Darkstone Periapt":14,"NeowsBlessing":0,"Gremlin Horn":3,"Happy Flower":3,"Golden Idol":14,"Ring of the Snake":0}],"Ring of the Snake":[16]},"card_choices":[{"not_picked":["Dagger Spray","Reflex"],"picked":"Flying Knee","floor":1},{"not_picked":["Acrobatics","Endless Agony"],"picked":"Masterful Stab","floor":5},{"not_picked":["Prepared","Well Laid Plans"],"picked":"Flechettes","floor":7},{"not_picked":["Choke","Bane"],"picked":"Quick Slash","floor":10},{"not_picked":["Well Laid Plans","Sucker Punch"],"picked":"Deflect","floor":11},{"not_picked":["Expertise","Accuracy","Bane"],"picked":"SKIP","floor":12},{"not_picked":["Slice","Infinite Blades","Dodge and Roll"],"picked":"SKIP","floor":13}],"player_experience":868226,"relics_obtained":[{"floor":7,"key":"Gremlin Horn"},{"floor":9,"key":"Blood Vial"},{"floor":13,"key":"Darkstone Periapt"}],"event_choices":[{"cards_removed":["Strike_G"],"damage_healed":0,"gold_gain":0,"player_choice":"Card Removal","damage_taken":0,"max_hp_gain":0,"max_hp_loss":0,"event_name":"The Cleric","floor":2,"gold_loss":75},{"damage_healed":0,"gold_gain":150,"player_choice":"AGREE","damage_taken":0,"max_hp_gain":0,"max_hp_loss":0,"event_name":"Liars Game","floor":3,"gold_loss":0,"cards_obtained":["Doubt"]},{"damage_healed":0,"gold_gain":0,"player_choice":"Grow","damage_taken":0,"max_hp_gain":0,"max_hp_loss":0,"event_name":"Living Wall","floor":4,"gold_loss":0,"cards_upgraded":["Neutralize"]},{"damage_healed":0,"gold_gain":0,"player_choice":"Lose Max HP","damage_taken":0,"relics_obtained":["Golden Idol"],"max_hp_gain":0,"max_hp_loss":6,"event_name":"Golden Idol","floor":14,"gold_loss":0}],"is_beta":false,"boss_relics":[],"items_purged_floors":[8],"is_endless":false,"potions_floor_spawned":[7,12,13],"killed_by":"Slime Boss","ascension_level":20}}