{"host":"iawk615p0198zs2h","time":1614119476,"event":{"mods":["BaseMod","Better Third Choice","BetterRewards","Downfall","Gold Saver","Minty Spire (QoL Compilation)","Quick Restart","Rare Cards Sparkle","Replay The Spire","Spicy Shops","StSLib","The Necromancer"],"gold_per_floor":[779,806,628,640,654,683,683,718,741,793,868,887,596,623,623,723,723,740,729,729,729,740,740,740],"floor_reached":23,"language":"ENG","playtime":1753,"items_purged":["Strike_G","Defend_G","Strike_G","Strike_G"],"score":518,"play_id":"07b05456-bce8-4f96-a486-9b818b9541da","local_time":"20210223233116","is_ascension_mode":true,"campfire_choices":[{"floor":7,"key":"REST"},{"floor":15,"key":"REST"}],"circlet_count":0,"master_deck":["Strike_G","Strike_G","Defend_G","Defend_G","Defend_G","Defend_G","Survivor","Neutralize","Deadly Poison","Escape Plan","Backflip","ReplayTheSpireMod:Speed Training","Backflip","Footwork","Deadly Poison+1","Burst","Escape Plan+1"],"relics":["Ring of the Snake","Divine Protection","Thread and Needle","ReplayTheSpireMod:TigerMarble","Mirror","Tiny Chest","Sozu"],"acts_visited":["Exordium","TheCity"],"potions_floor_usage":[6,6,19,19,23],"damage_taken":[{"damage":0,"enemies":"Cultist","floor":1,"turns":3},{"damage":0,"enemies":"Jaw Worm","floor":4,"turns":4},{"damage":0,"enemies":"Small Slimes","floor":5,"turns":3},{"damage":32,"enemies":"Gremlin Nob","floor":6,"turns":4},{"damage":0,"enemies":"Lagavulin","floor":8,"turns":9},{"damage":0,"enemies":"Exordium Wildlife","floor":12,"turns":7},{"damage":0,"enemies":"3 Sentries","floor":14,"turns":10},{"damage":23,"enemies":"Fading Forest","floor":16,"turns":11},{"damage":16,"enemies":"Chosen","floor":18,"turns":8},{"damage":0,"enemies":"2 Thieves","floor":19,"turns":5},{"damage":0,"enemies":"Centurion and Healer","floor":22,"turns":8},{"damage":41,"enemies":"Slavers","floor":23,"turns":6}],"seed_played":"962520572401069485","potions_obtained":[{"floor":4,"key":"champ:CounterPotion"},{"floor":5,"key":"hexamod:SoulburnPotion"},{"floor":8,"key":"SpeedPotion"},{"floor":10,"key":"SpeedPotion"},{"floor":12,"key":"Fire Potion"}],"is_trial":false,"path_per_floor":["M","T","$","M","M","E","R","E","T","?","?","M","$","E","R","B",null,"M","M","?","?","M","E"],"character_chosen":"THE_SILENT","items_purchased":["Deadly Poison","Backflip","Footwork","Deadly Poison+1"],"campfire_rested":2,"item_purchase_floors":[0,3,13,13],"current_hp_per_floor":[63,63,63,63,63,31,52,52,52,35,28,28,28,28,49,44,64,48,48,35,35,35,0,0],"gold":740,"neow_bonus":"","is_daily":false,"chose_seed":false,"campfire_upgraded":0,"win_rate":0.0,"timestamp":1614119476,"path_taken":["M","?","?","M","?","E","R","E","T","?","?","?","$","E","R","BOSS","M","M","?","?","M","E"],"items_purchased_type":["Card","Card","Card","Card"],"build_version":"2020-12-22","purchased_purges":4,"victory":false,"max_hp_per_floor":[70,70,70,70,70,70,70,70,70,70,70,70,70,70,70,70,70,70,70,75,75,75,75,75],"card_choices":[{"not_picked":["Flying Knee","Hidden Blade"],"picked":"Escape Plan","floor":1},{"not_picked":["Dagger Throw","Deflect","Sucker Punch"],"picked":"SKIP","floor":4},{"not_picked":["PiercingWail","Draining Mist"],"picked":"ReplayTheSpireMod:Speed Training","floor":5},{"not_picked":["Reflex","Bane","Outmaneuver"],"picked":"SKIP","floor":6},{"not_picked":["Grand Finale","Sucker Punch"],"picked":"Backflip","floor":8},{"not_picked":["Sucker Punch","Outmaneuver","Blade Dance"],"picked":"SKIP","floor":12},{"not_picked":["Blade Dance","Backflip","Flying Knee"],"picked":"SKIP","floor":14},{"not_picked":["Doppelganger","Tools of the Trade"],"picked":"Burst","floor":16},{"not_picked":["Flying Knee","Well Laid Plans","Underhanded Strike"],"picked":"SKIP","floor":18},{"not_picked":["Concentrate","ReplayTheSpireMod:The Works"],"picked":"Escape Plan+1","floor":19},{"not_picked":["Blade Dance+1","Deadly Poison","Infinite Blades"],"picked":"SKIP","floor":22}],"player_experience":227980,"relics_obtained":[{"floor":6,"key":"Divine Protection"},{"floor":8,"key":"Thread and Needle"},{"floor":9,"key":"ReplayTheSpireMod:TigerMarble"},{"floor":10,"key":"Mirror"},{"floor":14,"key":"Tiny Chest"}],"event_choices":[{"damage_healed":0,"gold_gain":75,"player_choice":"Touch","damage_taken":7,"max_hp_gain":0,"max_hp_loss":0,"event_name":"FaceTrader","floor":11,"gold_loss":0},{"damage_healed":0,"gold_gain":0,"player_choice":"Shed Blood","damage_taken":18,"max_hp_gain":5,"max_hp_loss":0,"event_name":"Forgotten Altar","floor":20,"gold_loss":0},{"damage_healed":0,"gold_gain":0,"player_choice":"Ignored","damage_taken":0,"max_hp_gain":0,"max_hp_loss":0,"event_name":"Ghosts","floor":21,"gold_loss":0}],"is_beta":false,"boss_relics":[{"not_picked":["Replay:Wanted Poster","bronze:MakeshiftBattery"],"picked":"Sozu"}],"items_purged_floors":[0,0,3,13],"is_endless":false,"potions_floor_spawned":[4,5,8,12,16,19],"killed_by":"Slavers","ascension_level":7}}