{"host":"ronyeowk3fr4dw6n","time":1614073289,"event":{"mods":["AchievementEnabler","BaseMod","Bestiary","Better Note","DeckTracker","Minty Spire (QoL Compilation)","Permanent Neow","Quick Restart","Relic Stats","StSLib","SuperFastMode"],"gold_per_floor":[113,188,204,219,236,336,366,366,419,438,438,468,468,480,480,577,577,592,607,431,450,277,307,307,307,307],"floor_reached":25,"language":"ENG","playtime":1307,"items_purged":["Strike_B","Strike_B"],"score":338,"play_id":"373c08ab-4f9e-440d-8a50-5d40b9915217","local_time":"20210223164129","is_ascension_mode":true,"campfire_choices":[{"floor":8.0,"key":"REST"},{"data":"Sunder","floor":11.0,"key":"SMITH"},{"data":"Buffer","floor":15.0,"key":"SMITH"},{"data":"Defragment","floor":24,"key":"SMITH"}],"circlet_count":0,"master_deck":["Strike_B","Strike_B","Defend_B+1","Defend_B","Defend_B","Defend_B","Zap","Dualcast","Static Discharge","Coolheaded","Cold Snap","Core Surge","Sunder+1","Ball Lightning+1","Buffer+1","Electrodynamics","Coolheaded","Capacitor","Ball Lightning","Glacier","Go for the Eyes+1","Defragment+1","Double Energy+1"],"relics":["Runic Pyramid","Shuriken","Omamori","Juzu Bracelet","Runic Dome","Toxic Egg 2"],"acts_visited":["Exordium","TheCity"],"potions_floor_usage":[],"damage_taken":[{"damage":7.0,"enemies":"Jaw Worm","floor":1.0,"turns":3.0},{"damage":1.0,"enemies":"Cultist","floor":3.0,"turns":4.0},{"damage":2.0,"enemies":"2 Louse","floor":4.0,"turns":4.0},{"damage":3.0,"enemies":"2 Fungi Beasts","floor":5.0,"turns":4.0},{"damage":28.0,"enemies":"Gremlin Nob","floor":7.0,"turns":5.0},{"damage":4.0,"enemies":"Blue Slaver","floor":10.0,"turns":4.0},{"damage":9.0,"enemies":"Lagavulin","floor":12.0,"turns":7.0},{"damage":0.0,"enemies":"Large Slime","floor":14.0,"turns":3.0},{"damage":6.0,"enemies":"Hexaghost","floor":16.0,"turns":9.0},{"damage":5,"enemies":"Chosen","floor":18,"turns":4},{"damage":0,"enemies":"Spheric Guardian","floor":19,"turns":3},{"damage":4,"enemies":"3 Cultists","floor":21,"turns":4},{"damage":28,"enemies":"Slavers","floor":23,"turns":6},{"damage":25,"enemies":"Book of Stabbing","floor":25,"turns":5}],"seed_played":"575447353490966391","potions_obtained":[{"floor":1.0,"key":"CultistPotion"},{"floor":4.0,"key":"Ancient Potion"},{"floor":12.0,"key":"Fire Potion"},{"floor":16.0,"key":"FearPotion"},{"floor":23,"key":"Ancient Potion"}],"is_trial":false,"path_per_floor":["M","?","M","M","M","?","E","R","T","M","R","E","?","M","R","B",null,"M","M","$","M","$","E","R","E"],"character_chosen":"DEFECT","items_purchased":["Ball Lightning","Glacier","Defragment"],"campfire_rested":1,"item_purchase_floors":[20,20,22],"current_hp_per_floor":[61,50,49,47,44,44,16,38,38,34,34,25,10,10,10,4,57,52,52,52,48,48,20,20,0,0],"gold":307,"neow_bonus":"BOSS_RELIC","is_daily":false,"chose_seed":false,"campfire_upgraded":3,"win_rate":0.0,"timestamp":1614073289,"path_taken":["M","?","M","M","M","?","E","R","T","M","R","E","?","M","R","BOSS","M","M","$","M","$","E","R","E"],"items_purchased_type":["Card","Card","Card"],"build_version":"2020-12-22","purchased_purges":2,"victory":false,"max_hp_per_floor":[75,75,75,75,75,75,75,75,75,75,75,75,75,75,75,75,75,75,75,75,75,75,75,75,75,75],"relic_stats":{"counters":[14,65],"Shuriken":[8],"Juzu Bracelet":1,"obtain_stats":[{"Runic Dome":17,"Shuriken":7,"Omamori":9,"Juzu Bracelet":12,"Toxic Egg 2":23,"Cracked Core":0,"Runic Pyramid":0},{"Runic Dome":9,"Shuriken":5,"Omamori":5,"Juzu Bracelet":7,"Toxic Egg 2":13,"Cracked Core":0,"Runic Pyramid":0},{"Runic Dome":43,"Shuriken":20,"Omamori":20,"Juzu Bracelet":31,"Toxic Egg 2":60,"Cracked Core":0,"Runic Pyramid":0}]},"card_choices":[{"not_picked":["Barrage","Conserve Battery"],"picked":"Static Discharge","floor":1.0},{"not_picked":["Gash","Leap"],"picked":"Coolheaded","floor":3.0},{"not_picked":["Steam Power","Barrage"],"picked":"Cold Snap","floor":4.0},{"not_picked":["Double Energy","Go for the Eyes"],"picked":"Core Surge","floor":5.0},{"not_picked":["Skim","Steam","Beam Cell"],"picked":"SKIP","floor":7.0},{"not_picked":["Stack","Redo"],"picked":"Sunder","floor":10.0},{"not_picked":["Reprogram","Barrage"],"picked":"Ball Lightning","floor":12.0},{"not_picked":["Beam Cell","Redo"],"picked":"Buffer","floor":14.0},{"not_picked":["Hyperbeam","Rainbow"],"picked":"Electrodynamics","floor":16.0},{"not_picked":["Redo","Steam"],"picked":"Coolheaded","floor":18},{"not_picked":["Steam","Static Discharge+1"],"picked":"Capacitor","floor":19},{"not_picked":["Cold Snap","Leap"],"picked":"Go for the Eyes+1","floor":21},{"not_picked":["All For One","Redo+1"],"picked":"Double Energy+1","floor":23}],"player_experience":248735,"relics_obtained":[{"floor":7.0,"key":"Shuriken"},{"floor":9.0,"key":"Omamori"},{"floor":12.0,"key":"Juzu Bracelet"},{"floor":23,"key":"Toxic Egg 2"}],"event_choices":[{"damage_healed":0.0,"max_hp_gain":0.0,"max_hp_loss":0.0,"gold_gain":75.0,"event_name":"World of Goop","player_choice":"Gather Gold","floor":2.0,"gold_loss":0.0,"damage_taken":11.0},{"damage_healed":0.0,"max_hp_gain":0.0,"max_hp_loss":0.0,"gold_gain":100.0,"event_name":"Golden Shrine","player_choice":"Pray","floor":6.0,"gold_loss":0.0,"damage_taken":0.0},{"damage_healed":0.0,"max_hp_gain":0.0,"max_hp_loss":0.0,"gold_gain":0.0,"event_name":"Shining Light","player_choice":"Entered Light","floor":13.0,"gold_loss":0.0,"damage_taken":15.0,"cards_upgraded":["Defend_B","Ball Lightning"]}],"is_beta":false,"boss_relics":[{"not_picked":["SacredBark","Ectoplasm"],"picked":"Runic Dome"}],"items_purged_floors":[20,22],"is_endless":false,"potions_floor_spawned":[1,4,12,16,23],"killed_by":"Book of Stabbing","ascension_level":9}}