{"host":"ovivighfa421z0zp","time":1614084863,"event":{"mods":["BaseMod","Colored Map","DeckTracker","Keyboard Shortcuts","Minty Spire (QoL Compilation)","Permanent Neow","Quick Restart","Replay The Spire","StSLib","SuperFastMode","The Cursed"],"gold_per_floor":[18,32,49,63,63,95,95,113,139,139,156,156,156,188,188,299,299,328,328,353,31,67,101,101,122,169,169,186,186,208,208,208,252,252,365,365,381,410,451,470,18,18,44,44,44,44,44,44,68,91,91,95,95],"floor_reached":52,"language":"KOR","playtime":2379,"items_purged":["Blizzard"],"score":505,"play_id":"90c76aa6-b0ab-43f1-9124-49cf4ee1f2f7","local_time":"20210223215423","is_ascension_mode":false,"campfire_choices":[{"data":"Storm","floor":7.0,"key":"SMITH"},{"data":"Crystallizer","floor":10.0,"key":"SMITH"},{"data":"Zap","floor":12.0,"key":"SMITH"},{"data":"Dualcast","floor":15.0,"key":"SMITH"},{"floor":24.0,"key":"REST"},{"data":"ReplayTheSpireMod:Fabricate Wheel","floor":29.0,"key":"SMITH"},{"floor":34.0,"key":"REST"},{"data":"Amplify","floor":42.0,"key":"SMITH"},{"data":"Defragment","floor":46.0,"key":"SMITH"},{"data":"Defragment","floor":48.0,"key":"SMITH"},{"data":"Seek","floor":51.0,"key":"SMITH"}],"circlet_count":0,"master_deck":["Zap+1","Dualcast+1","Cold Snap","Storm+1","Go for the Eyes","Conserve Battery+1","Static Discharge","FTL","Crystallizer+1","Sweeping Beam","Panic Button","Chill","Core Surge","Storm","ReplayRNGCard","Tempest","Coolheaded","Thunder Strike","ReplaySort","Capacitor","Ball Lightning+1","ReplayRNGCard","Compile Driver","Defragment+1","Leap+1","Self Repair+1","Amplify+1","Tempest","BasicCrystalCard+1","Seek+1","Panic Button+1","Barrage+1","Force Field+1","Turbo+1","Defragment+1","Seek","Stack+1","Double Energy+1","Machine Learning"],"relics":["Cracked Core","Bronze Scales","War Paint","Replay:Bandana","Pandora\u0027s Box","Chemical X","Dream Catcher","Omamori","Prayer Wheel","Coffee Dripper","DollysMirror","Juzu Bracelet","ReplayTheSpireMod:Shallot"],"acts_visited":["Exordium","TheCity","TheBeyond"],"potions_floor_usage":[52],"damage_taken":[{"damage":4.0,"enemies":"Jaw Worm","floor":1.0,"turns":4.0},{"damage":0.0,"enemies":"Cultist","floor":2.0,"turns":3.0},{"damage":5.0,"enemies":"Small Slimes","floor":3.0,"turns":3.0},{"damage":5.0,"enemies":"Looter","floor":4.0,"turns":3.0},{"damage":8.0,"enemies":"3 Sentries","floor":6.0,"turns":6.0},{"damage":0.0,"enemies":"Gremlin Gang","floor":8.0,"turns":2.0},{"damage":4.0,"enemies":"Red Slaver","floor":11.0,"turns":2.0},{"damage":11.0,"enemies":"Large Slime","floor":14.0,"turns":3.0},{"damage":3.0,"enemies":"The Guardian","floor":16.0,"turns":12.0},{"damage":3.0,"enemies":"Chosen","floor":18.0,"turns":3.0},{"damage":0.0,"enemies":"3 Byrds","floor":20.0,"turns":2.0},{"damage":13.0,"enemies":"3 Cultists","floor":22.0,"turns":4.0},{"damage":26.0,"enemies":"Replay:Snechameleon","floor":23.0,"turns":4.0},{"damage":14.0,"enemies":"Snecko","floor":25.0,"turns":5.0},{"damage":10.0,"enemies":"Chosen and Byrds","floor":28.0,"turns":3.0},{"damage":8.0,"enemies":"Cultist and Chosen","floor":30.0,"turns":5.0},{"damage":6.0,"enemies":"3 Cultists","floor":33.0,"turns":4.0},{"damage":39.0,"enemies":"Pondfish","floor":35.0,"turns":6.0},{"damage":5.0,"enemies":"Orb Walker","floor":37.0,"turns":2.0},{"damage":26.0,"enemies":"3 Darklings","floor":38.0,"turns":4.0},{"damage":21.0,"enemies":"Writhing Mass","floor":39.0,"turns":3.0},{"damage":28.0,"enemies":"Sphere and 2 Shapes","floor":40.0,"turns":3.0},{"damage":15.0,"enemies":"Jaw Worm Horde","floor":49.0,"turns":3.0},{"damage":0.0,"enemies":"Spire Growth","floor":50.0,"turns":3.0},{"damage":22,"enemies":"Replay:Hell Engine","floor":52,"turns":5}],"seed_played":"8505669066340476667","potions_obtained":[{"floor":1.0,"key":"Dexterity Potion"},{"floor":3.0,"key":"Toxic Potion"},{"floor":4.0,"key":"FearPotion"},{"floor":6.0,"key":"FearPotion"},{"floor":18.0,"key":"Venom Potion"},{"floor":23.0,"key":"Fire Potion"},{"floor":33.0,"key":"GamblersBrew"},{"floor":38.0,"key":"AttackPotion"},{"floor":39.0,"key":"Death Potion"},{"floor":40.0,"key":"Explosive Potion"},{"floor":47.0,"key":"PowerPotion"},{"floor":47.0,"key":"LifebloodPotion"}],"is_trial":false,"path_per_floor":["M","M","M","M","?","E","R","M","T","R","M","R","?","M","R","B",null,"M","?","M","$","M","E","R","M","T","?","M","R","M","PTL","PTL","M","R","B",null,"M","M","M","M","$","R","T","?","T","R","?","R","M","M","R","B"],"character_chosen":"DEFECT","items_purchased":["Chemical X","Thunder Strike","ReplaySort","Defragment","DollysMirror","Flashbang","Adrenaline Potion"],"campfire_rested":2,"item_purchase_floors":[21,21,21,41,41,41,41],"current_hp_per_floor":[71,71,66,61,61,53,53,53,53,53,49,49,37,26,26,23,75,72,72,72,72,59,33,55,41,41,85,75,75,67,67,67,61,85,56,85,80,54,43,25,25,25,25,25,25,25,25,25,10,10,10,0,0],"gold":95,"neow_bonus":"TRANSFORM_TWO_CARDS","is_daily":false,"chose_seed":false,"campfire_upgraded":9,"win_rate":0.0,"timestamp":1614084863,"path_taken":["M","M","M","M","?","E","R","?","T","R","M","R","?","M","R","BOSS","M","?","M","$","M","E","R","?","T","?","M","R","M","PTL","PTL","M","R","BOSS","M","M","M","?","$","R","?","?","T","R","?","R","M","M","R","BOSS"],"items_purchased_type":["Relic","Card","Card","Card","Relic","Potion","Potion"],"build_version":"2020-12-22","purchased_purges":1,"victory":false,"max_hp_per_floor":[75,75,75,75,75,75,75,75,75,75,75,75,75,75,75,75,75,75,75,75,75,75,75,75,75,75,85,85,85,85,85,85,85,85,85,85,85,85,85,85,85,85,85,85,85,85,85,85,85,85,85,85,85],"card_choices":[{"not_picked":["ReplayTheSpireMod:Repulse","Gash"],"picked":"Go for the Eyes","floor":1.0},{"not_picked":["ReplayTheSpireMod:System Scan","Gash"],"picked":"Ball Lightning","floor":2.0},{"not_picked":["Scrape","Cold Snap"],"picked":"Conserve Battery","floor":3.0},{"not_picked":["Tempest","ReplayTheSpireMod:Reroute Power"],"picked":"Static Discharge","floor":4.0},{"not_picked":["Self Repair","Redo"],"picked":"Crystallizer","floor":6.0},{"not_picked":["Steam","Streamline"],"picked":"Sweeping Beam","floor":8.0},{"not_picked":["Conserve Battery","Streamline"],"picked":"Panic Button","floor":11.0},{"not_picked":["Force Field","Hello World"],"picked":"Chill","floor":14.0},{"not_picked":["Multi-Cast","Hyperbeam"],"picked":"Core Surge","floor":16.0},{"not_picked":["Leap","Tempest+1","Ball Lightning"],"picked":"SKIP","floor":18.0},{"not_picked":["Chaos","White Noise"],"picked":"Coolheaded","floor":20.0},{"not_picked":["Redo+1","Beam Cell+1"],"picked":"Capacitor","floor":22.0},{"not_picked":["Reprogram+1","Ball Lightning+1"],"picked":"ReplayTheSpireMod:Fabricate Wheel","floor":23.0},{"not_picked":["Storm","Rebound"],"picked":"Ball Lightning+1","floor":25.0},{"not_picked":["ReplaySolidLightProjector","Sunder+1","Crystallizer"],"picked":"SKIP","floor":28.0},{"not_picked":["Streamline+1","Hologram"],"picked":"Compile Driver","floor":30.0},{"not_picked":["Cold Snap","Rebound","ReplaySort"],"picked":"SKIP","floor":30.0},{"not_picked":["Redo","Time Bomb"],"picked":"Defragment","floor":33.0},{"not_picked":["ReplayTheSpireMod:Reroute Power","Hello World"],"picked":"Leap+1","floor":33.0},{"not_picked":["Auto Shields","Beam Cell+1"],"picked":"Self Repair+1","floor":34.0},{"not_picked":["ReplayTheSpireMod:Omega Cannon","Buffer"],"picked":"Amplify","floor":35.0},{"not_picked":["Static Discharge","Barrage+1"],"picked":"Tempest","floor":37.0},{"not_picked":["Hologram+1","Redo","Sweeping Beam"],"picked":"SKIP","floor":37.0},{"not_picked":["Steam Power","Coolheaded+1"],"picked":"BasicCrystalCard+1","floor":38.0},{"not_picked":["Rip and Tear+1","Conserve Battery"],"picked":"Seek","floor":38.0},{"not_picked":["Sweeping Beam","Barrage"],"picked":"Panic Button+1","floor":39.0},{"not_picked":["BasicCrystalCard+1","Darkness"],"picked":"Barrage+1","floor":39.0},{"not_picked":["Rip and Tear+1","Ball Lightning"],"picked":"Force Field+1","floor":40.0},{"not_picked":["Conserve Battery+1","Beam Cell"],"picked":"Turbo+1","floor":40.0},{"not_picked":["Barrage+1","Coolheaded"],"picked":"Stack+1","floor":49.0},{"not_picked":["Rip and Tear","Stack+1","Sunder"],"picked":"SKIP","floor":49.0},{"not_picked":["ReplayGash+1","Cold Snap+1"],"picked":"Double Energy+1","floor":50.0},{"not_picked":["Recycle","BasicCrystalCard+1"],"picked":"Machine Learning","floor":50.0}],"player_experience":815460,"relics_obtained":[{"floor":6.0,"key":"Bronze Scales"},{"floor":9.0,"key":"War Paint"},{"floor":23.0,"key":"Dream Catcher"},{"floor":26.0,"key":"Omamori"},{"floor":43.0,"key":"Juzu Bracelet"},{"floor":45.0,"key":"ReplayTheSpireMod:Shallot"}],"event_choices":[{"damage_healed":0.0,"max_hp_gain":0.0,"max_hp_loss":0.0,"gold_gain":0.0,"event_name":"Match and Keep!","player_choice":"1 cards matched","floor":5.0,"gold_loss":0.0,"damage_taken":0.0,"cards_obtained":["FTL"]},{"damage_healed":0.0,"max_hp_gain":0.0,"max_hp_loss":0.0,"gold_gain":0.0,"event_name":"Scrap Ooze","player_choice":"Success","floor":13.0,"gold_loss":0.0,"damage_taken":12.0,"relics_obtained":["Replay:Bandana"]},{"cards_removed":["Reprogram"],"damage_healed":0.0,"max_hp_gain":0.0,"max_hp_loss":0.0,"gold_gain":0.0,"event_name":"Purifier","player_choice":"Purged","floor":19.0,"gold_loss":0.0,"damage_taken":0.0},{"cards_removed":["Core Surge"],"damage_healed":34.0,"max_hp_gain":10.0,"max_hp_loss":0.0,"gold_gain":0.0,"event_name":"Bonfire Elementals","player_choice":"Offered Rare","floor":27.0,"gold_loss":0.0,"damage_taken":0.0},{"cards_removed":["Ball Lightning"],"damage_healed":0.0,"max_hp_gain":0.0,"max_hp_loss":0.0,"gold_gain":0.0,"event_name":"Falling","player_choice":"Removed Attack","floor":44.0,"gold_loss":0.0,"damage_taken":0.0},{"damage_healed":0.0,"max_hp_gain":0.0,"max_hp_loss":0.0,"gold_gain":0.0,"event_name":"Lab","player_choice":"Got Potions","floor":47.0,"gold_loss":0.0,"damage_taken":0.0}],"is_beta":false,"boss_relics":[{"not_picked":["Ring of Chaos","Honey Jar"],"picked":"Pandora\u0027s Box"},{"not_picked":["Calling Bell","Velvet Choker"],"picked":"Coffee Dripper"}],"items_purged_floors":[41],"is_endless":false,"potions_floor_spawned":[1,3,4,6,18,23,33,38,39,40],"killed_by":"Replay:Hell Engine","ascension_level":0}}