{"host":"7w6ov1yk0fsofwk8","time":1614040630,"event":{"mods":["AchievementEnabler","BaseMod","Hermit","Minty Spire (QoL Compilation)","StSLib","The Cursed","The Hierophant","The Runesmith","The Senshi","The Servant 0.9.4"],"gold_per_floor":[109,126,144,144,219,252,252,252,252,292,311,311,167,210,210,333,333,358,358,374,393,411,411,442,442,442,442,460,478,501,501,501,626,626,650,669,692,716,716,716,716,716,764,764,764],"floor_reached":44,"language":"ENG","playtime":4048,"items_purged":["Runesmith:Strike_RS"],"score":450,"play_id":"c201d3be-aeea-4bee-9365-aeb127b4b15e","local_time":"20210222193710","is_ascension_mode":false,"campfire_choices":[{"data":"Runesmith:HammerThrow","floor":8.0,"key":"SMITH"},{"data":"Runesmith:HeatedChisel","floor":12.0,"key":"SMITH"},{"floor":15.0,"key":"REST"},{"data":"Runesmith:PoweredAnvil","floor":23.0,"key":"SMITH"},{"data":"Runesmith:CraftIncendium","floor":27.0,"key":"SMITH"},{"floor":32.0,"key":"REST"},{"data":"Runesmith:CraftPrismatica","floor":40,"key":"SMITH"},{"data":"Runesmith:HammerThrow","floor":42,"key":"SMITH"}],"circlet_count":0,"master_deck":["Runesmith:Strike_RS","Runesmith:Strike_RS","Runesmith:Strike_RS","Runesmith:Defend_RS+1","Runesmith:Defend_RS","Runesmith:Defend_RS","Runesmith:Defend_RS","Runesmith:CraftFirestone+1","Runesmith:Fortify","Runesmith:HeatedChisel+1","Runesmith:HammerThrow+1","Runesmith:PerfectChisel","Runesmith:CraftIncendium+1","Runesmith:Fortify","Runesmith:Firestorm","Runesmith:ArcReactor","Runesmith:HammerThrow+1","Runesmith:ShiftingStrike","Runesmith:BackupBattery","Runesmith:PoweredAnvil+1","Runesmith:RunicBlueprint","Runesmith:CraftPrismatica+1","Runesmith:ArcReactor+1","Runesmith:NanitesCloud","Runesmith:Repurpose+1","Runesmith:Discharge"],"relics":["Runesmith:BrokenRuby","Golden Idol","Eternal Feather","Matryoshka","Pantograph","Meat on the Bone","Black Star","War Paint","Anchor","Runesmith:Nanobots","Centennial Puzzle","Frozen Egg 2","Sozu","Toxic Egg 2","Juzu Bracelet"],"acts_visited":["Exordium","TheCity","TheBeyond"],"potions_floor_usage":[],"damage_taken":[{"damage":0.0,"enemies":"Small Slimes","floor":1.0,"turns":4.0},{"damage":0.0,"enemies":"Jaw Worm","floor":2.0,"turns":3.0},{"damage":0.0,"enemies":"2 Louse","floor":3.0,"turns":3.0},{"damage":9.0,"enemies":"Lagavulin","floor":6.0,"turns":7.0},{"damage":18.0,"enemies":"Gremlin Nob","floor":10.0,"turns":4.0},{"damage":17.0,"enemies":"Gremlin Gang","floor":11.0,"turns":5.0},{"damage":15.0,"enemies":"3 Sentries","floor":14.0,"turns":7.0},{"damage":40.0,"enemies":"Hexaghost","floor":16.0,"turns":10.0},{"damage":6.0,"enemies":"Chosen","floor":18.0,"turns":6.0},{"damage":13.0,"enemies":"3 Byrds","floor":20.0,"turns":6.0},{"damage":20.0,"enemies":"Snake Plant","floor":21.0,"turns":4.0},{"damage":16.0,"enemies":"Chosen and Byrds","floor":22.0,"turns":6.0},{"damage":30.0,"enemies":"Book of Stabbing","floor":24.0,"turns":7.0},{"damage":37.0,"enemies":"Shelled Parasite and Fungi","floor":28.0,"turns":5.0},{"damage":41.0,"enemies":"Sentry and Sphere","floor":29.0,"turns":6.0},{"damage":16.0,"enemies":"Chosen and Byrds","floor":30.0,"turns":5.0},{"damage":56.0,"enemies":"Collector","floor":33.0,"turns":11.0},{"damage":42,"enemies":"3 Darklings","floor":35,"turns":6},{"damage":29,"enemies":"Orb Walker","floor":36,"turns":5},{"damage":27,"enemies":"3 Darklings","floor":37,"turns":7},{"damage":2,"enemies":"Transient","floor":38,"turns":5},{"damage":70,"enemies":"Nemesis","floor":44,"turns":4}],"seed_played":"-7627535642276953540","potions_obtained":[{"floor":6.0,"key":"Block Potion"},{"floor":11.0,"key":"AttackPotion"},{"floor":18.0,"key":"BlessingOfTheForge"},{"floor":21.0,"key":"Weak Potion"},{"floor":29.0,"key":"Fruit Juice"},{"floor":33.0,"key":"Fruit Juice"}],"is_trial":false,"path_per_floor":["M","M","M","?","?","E","?","R","T","E","M","R","$","E","R","B",null,"M","?","M","M","M","R","E","?","T","R","M","M","M","?","R","B",null,"M","M","M","M","?","R","?","R","T","E"],"character_chosen":"RUNESMITH_CLASS","items_purchased":["Runesmith:Firestorm"],"campfire_rested":2,"item_purchase_floors":[13],"current_hp_per_floor":[77,77,77,71,60,51,51,60,60,42,25,34,34,19,49,43,71,65,65,52,44,40,52,34,57,57,69,44,20,16,16,50,36,81,51,34,19,29,29,44,44,59,59,0,0],"gold":764,"neow_bonus":"TEN_PERCENT_HP_BONUS","is_daily":false,"chose_seed":false,"campfire_upgraded":6,"win_rate":0.0,"timestamp":1614040630,"path_taken":["M","M","M","?","?","E","?","R","T","E","?","R","?","E","R","BOSS","M","?","M","M","M","R","E","?","T","R","M","M","M","?","R","BOSS","M","M","?","M","?","R","?","R","T","E"],"items_purchased_type":["Card"],"build_version":"2020-12-22","purchased_purges":1,"victory":false,"max_hp_per_floor":[77,77,77,71,71,71,71,71,71,71,71,71,71,71,71,71,71,71,71,71,71,71,71,71,71,71,71,71,76,76,76,76,81,81,81,81,81,81,81,81,81,81,81,81,81],"card_choices":[{"not_picked":["Runesmith:EnergizedChisel","Runesmith:EarthShield"],"picked":"Runesmith:HeatedChisel","floor":1.0},{"not_picked":["Runesmith:UnstableHammer","Runesmith:ShiftingStrike"],"picked":"Runesmith:HammerThrow","floor":2.0},{"not_picked":["Runesmith:WhiteBalance","Runesmith:CraftMagma"],"picked":"Runesmith:PerfectChisel","floor":3.0},{"not_picked":["Runesmith:HeatedChisel","Runesmith:CraftPrismatica"],"picked":"Runesmith:CraftIncendium","floor":6.0},{"not_picked":["Runesmith:Grindstone","Runesmith:EnergizedChisel","Runesmith:Overpower"],"picked":"SKIP","floor":10.0},{"not_picked":["Runesmith:Grindstone","Runesmith:MakeshiftArmor"],"picked":"Runesmith:NanitesCloud","floor":11.0},{"not_picked":["Runesmith:UnstableHammer","Runesmith:Grindstone","Runesmith:ChiselStab"],"picked":"SKIP","floor":14.0},{"not_picked":["Runesmith:ReplicatingBarrier","Runesmith:MetallurgicalResearch"],"picked":"Runesmith:ArcReactor","floor":16.0},{"not_picked":["Runesmith:HeatExchange","Runesmith:UnstableHammer"],"picked":"Runesmith:HammerThrow","floor":18.0},{"not_picked":["Runesmith:MakeshiftArmor+1","Runesmith:CraftProtectio+1"],"picked":"Runesmith:ShiftingStrike","floor":20.0},{"not_picked":["Runesmith:ShiftingStrike","Runesmith:Retool+1"],"picked":"Runesmith:BackupBattery","floor":21.0},{"not_picked":["Runesmith:Terraform+1","Runesmith:BackupBattery"],"picked":"Runesmith:PoweredAnvil","floor":22.0},{"not_picked":["Runesmith:EnergizedChisel","Runesmith:MakeshiftArmor","Runesmith:HammerTime"],"picked":"SKIP","floor":24.0},{"not_picked":["Runesmith:LastStand","Runesmith:ShiftingStrike","Runesmith:HammerThrow"],"picked":"SKIP","floor":28.0},{"not_picked":["Runesmith:RuneHurl+1","Runesmith:ChiselStab"],"picked":"Runesmith:RunicBlueprint","floor":29.0},{"not_picked":["Runesmith:ChiselStab","Runesmith:RuneHurl"],"picked":"Runesmith:CraftPrismatica","floor":30.0},{"not_picked":["Runesmith:Supernova","Runesmith:CreatorForm+1"],"picked":"Runesmith:ArcReactor+1","floor":33.0},{"not_picked":["Runesmith:ShiftingStrike","Runesmith:ElementalConversion"],"picked":"Runesmith:NanitesCloud","floor":35},{"not_picked":["Runesmith:Grindstone","Runesmith:HeatExchange+1","Runesmith:Overpower"],"picked":"SKIP","floor":36},{"not_picked":["Runesmith:ChargedHammer+1","Runesmith:HeatExchange+1"],"picked":"Runesmith:Repurpose+1","floor":37},{"not_picked":["Runesmith:CraftVitae+1","Runesmith:GoWithTheFlow+1"],"picked":"Runesmith:Discharge","floor":38}],"player_experience":13825,"relics_obtained":[{"floor":6.0,"key":"Eternal Feather"},{"floor":9.0,"key":"Matryoshka"},{"floor":10.0,"key":"Pantograph"},{"floor":14.0,"key":"Meat on the Bone"},{"floor":24.0,"key":"Anchor"},{"floor":24.0,"key":"Runesmith:Nanobots"},{"floor":26.0,"key":"Centennial Puzzle"},{"floor":26.0,"key":"Frozen Egg 2"},{"floor":43,"key":"Toxic Egg 2"},{"floor":43,"key":"Juzu Bracelet"}],"event_choices":[{"damage_healed":0.0,"max_hp_gain":0.0,"max_hp_loss":6.0,"gold_gain":0.0,"event_name":"Golden Idol","player_choice":"Lose Max HP","floor":4.0,"gold_loss":0.0,"damage_taken":0.0,"relics_obtained":["Golden Idol"]},{"damage_healed":0.0,"max_hp_gain":0.0,"max_hp_loss":0.0,"gold_gain":75.0,"event_name":"World of Goop","player_choice":"Gather Gold","floor":5.0,"gold_loss":0.0,"damage_taken":11.0},{"damage_healed":0.0,"max_hp_gain":0.0,"max_hp_loss":0.0,"gold_gain":0.0,"event_name":"Match and Keep!","player_choice":"1 cards matched","floor":7.0,"gold_loss":0.0,"damage_taken":0.0,"cards_obtained":["Runesmith:Fortify"]},{"damage_healed":0.0,"max_hp_gain":0.0,"max_hp_loss":0.0,"gold_gain":0.0,"event_name":"The Mausoleum","player_choice":"Opened","floor":19.0,"gold_loss":0.0,"damage_taken":0.0,"relics_obtained":["War Paint"],"cards_obtained":["Writhe"]},{"damage_healed":23.0,"max_hp_gain":0.0,"max_hp_loss":0.0,"gold_gain":0.0,"event_name":"The Library","player_choice":"Heal","floor":25.0,"gold_loss":0.0,"damage_taken":0.0},{"cards_removed":["Writhe"],"damage_healed":0.0,"max_hp_gain":0.0,"max_hp_loss":0.0,"gold_gain":0.0,"event_name":"Fountain of Cleansing","player_choice":"Removed Curses","floor":31.0,"gold_loss":0.0,"damage_taken":0.0},{"cards_removed":["Runesmith:NanitesCloud"],"damage_healed":0,"gold_gain":0,"player_choice":"Removed Skill","damage_taken":0,"max_hp_gain":0,"max_hp_loss":0,"event_name":"Falling","floor":39,"gold_loss":0},{"damage_healed":0,"gold_gain":0,"player_choice":"Ignored","damage_taken":0,"max_hp_gain":0,"max_hp_loss":0,"event_name":"Tomb of Lord Red Mask","floor":41,"gold_loss":0}],"is_beta":false,"boss_relics":[{"not_picked":["Philosopher\u0027s Stone","Astrolabe"],"picked":"Black Star"},{"not_picked":["Tiny House","Runic Dome"],"picked":"Sozu"}],"items_purged_floors":[13],"is_endless":false,"potions_floor_spawned":[6,11,18,21,29,33,36,37],"killed_by":"Nemesis","ascension_level":0}}