{"host":"2fgwwnzqc97k7iys","time":1614116204,"event":{"mods":["BaseMod","Colored Map","Minty Spire (QoL Compilation)","Quick Restart","Relic Stats"],"gold_per_floor":[118,128,143,162,182,210,226,240,265,293,312,344,356,384,384,479,479,491,502,502,97,97,97,123,123,175,250,276,302,314,341,353,460,472,504,516,545,253,302,327,340,208,232,232,259,259,269,286,286,286],"floor_reached":51,"language":"ENG","playtime":3570,"items_purged":["Defend_P","Strike_P+1","Strike_P+1"],"score":1470,"play_id":"068a4c65-c5b2-4959-af8d-9e041d6d0db5","local_time":"20210223153644","is_ascension_mode":true,"campfire_choices":[{"data":"Wallop","floor":15.0,"key":"SMITH"},{"data":"Establishment","floor":23.0,"key":"SMITH"},{"data":"Meditate","floor":30.0,"key":"SMITH"},{"data":"MentalFortress","floor":32.0,"key":"SMITH"},{"floor":46,"key":"RECALL"}],"circlet_count":0,"master_deck":["AscendersBane","Strike_P+1","Strike_P+1","Defend_P+1","Defend_P+1","Defend_P+1","Eruption+1","Vigilance+1","LessonLearned+1","Consecrate+1","Meditate+1","CarveReality+1","Vengeance+1","EmptyBody+1","Tantrum+1","CarveReality+1","FlurryOfBlows+1","Wallop+1","Establishment+1","FearNoEvil+1","Adaptation+1","Meditate+1","MentalFortress+1","MentalFortress+1","Vault+1"],"relics":["PureWater","Mercury Hourglass","Regal Pillow","PreservedInsect","Happy Flower","Tiny Chest","Coffee Dripper","Membership Card","Whetstone","Matryoshka","Anchor","Nilry\u0027s Codex","Strawberry","Boot","MawBank","Mummified Hand","Fusion Hammer","Medical Kit","Lantern","Centennial Puzzle","Ginger","Orichalcum","Art of War","Blood Vial","Nunchaku"],"acts_visited":["Exordium","TheCity","TheBeyond"],"potions_floor_usage":[48],"damage_taken":[{"damage":1.0,"enemies":"Cultist","floor":1.0,"turns":4.0},{"damage":0.0,"enemies":"Small Slimes","floor":2.0,"turns":2.0},{"damage":0.0,"enemies":"Jaw Worm","floor":3.0,"turns":3.0},{"damage":4.0,"enemies":"Looter","floor":4.0,"turns":4.0},{"damage":0.0,"enemies":"Large Slime","floor":5.0,"turns":4.0},{"damage":15.0,"enemies":"Gremlin Nob","floor":6.0,"turns":3.0},{"damage":0.0,"enemies":"Exordium Wildlife","floor":7.0,"turns":3.0},{"damage":0.0,"enemies":"Blue Slaver","floor":8.0,"turns":3.0},{"damage":0.0,"enemies":"Lagavulin","floor":10.0,"turns":5.0},{"damage":3.0,"enemies":"2 Fungi Beasts","floor":11.0,"turns":2.0},{"damage":0.0,"enemies":"3 Sentries","floor":12.0,"turns":4.0},{"damage":8.0,"enemies":"Lots of Slimes","floor":13.0,"turns":2.0},{"damage":0.0,"enemies":"Gremlin Nob","floor":14.0,"turns":2.0},{"damage":0.0,"enemies":"Slime Boss","floor":16.0,"turns":7.0},{"damage":6.0,"enemies":"Shell Parasite","floor":18.0,"turns":3.0},{"damage":0.0,"enemies":"3 Byrds","floor":19.0,"turns":2.0},{"damage":16.0,"enemies":"Book of Stabbing","floor":24.0,"turns":4.0},{"damage":2.0,"enemies":"Cultist and Chosen","floor":28.0,"turns":4.0},{"damage":0.0,"enemies":"Sentry and Sphere","floor":29.0,"turns":2.0},{"damage":0.0,"enemies":"Snecko","floor":31.0,"turns":2.0},{"damage":17.0,"enemies":"Champ","floor":33.0,"turns":5.0},{"damage":8.0,"enemies":"3 Shapes","floor":35.0,"turns":4.0},{"damage":15.0,"enemies":"3 Darklings","floor":37.0,"turns":4.0},{"damage":1.0,"enemies":"2 Orb Walkers","floor":39.0,"turns":3.0},{"damage":0,"enemies":"Reptomancer","floor":40,"turns":3},{"damage":12,"enemies":"Jaw Worm Horde","floor":41,"turns":2},{"damage":3,"enemies":"Giant Head","floor":45,"turns":4},{"damage":12,"enemies":"4 Shapes","floor":47,"turns":4},{"damage":5,"enemies":"3 Darklings","floor":48,"turns":3},{"damage":0,"enemies":"Time Eater","floor":50,"turns":8}],"seed_played":"3475737511263699823","potions_obtained":[{"floor":1.0,"key":"Ancient Potion"},{"floor":4.0,"key":"Swift Potion"},{"floor":5.0,"key":"BlessingOfTheForge"},{"floor":6.0,"key":"SkillPotion"},{"floor":10.0,"key":"BottledMiracle"},{"floor":11.0,"key":"SkillPotion"},{"floor":13.0,"key":"Fire Potion"},{"floor":31.0,"key":"DuplicationPotion"},{"floor":37.0,"key":"DistilledChaos"},{"floor":40,"key":"LiquidMemories"},{"floor":45,"key":"LiquidMemories"},{"floor":48,"key":"Block Potion"}],"is_trial":false,"path_per_floor":["M","M","M","M","M","E","M","M","T","E","M","E","M","E","R","B",null,"M","M","?","$","?","R","E","?","T","T","M","M","R","M","R","B",null,"M","?","M","$","?","E","M","$","T","?","E","R","M","M","R","B",null],"character_chosen":"WATCHER","items_purchased":["Membership Card","Adaptation","Whetstone","Matryoshka","MentalFortress","Medical Kit","Lantern","Centennial Puzzle","Vault"],"campfire_rested":0,"item_purchase_floors":[21,21,21,21,38,38,38,38,42],"current_hp_per_floor":[46,46,46,42,42,27,27,27,27,27,24,24,16,16,16,16,58,52,52,52,52,52,52,36,20,27,27,25,25,25,25,25,8,61,53,53,38,38,37,37,25,25,25,25,24,24,14,11,11,13],"gold":286,"neow_bonus":"THREE_RARE_CARDS","is_daily":false,"chose_seed":false,"campfire_upgraded":4,"win_rate":0.0,"timestamp":1614116204,"path_taken":["M","M","M","M","M","E","M","M","T","E","?","E","M","E","R","BOSS","M","M","?","$","?","R","E","?","T","?","M","M","R","M","R","BOSS","M","?","M","$","?","E","M","$","T","?","E","R","M","M","R","BOSS"],"items_purchased_type":["Relic","Card","Relic","Relic","Card","Relic","Relic","Relic","Card"],"build_version":"2020-12-22","purchased_purges":3,"victory":true,"max_hp_per_floor":[72,72,72,72,72,72,72,72,72,72,72,72,72,72,72,72,72,72,72,72,72,72,72,72,72,79,79,79,79,79,79,79,79,79,79,79,79,79,79,79,79,79,79,79,79,79,79,79,79,79],"relic_stats":{"Regal Pillow":0,"Happy Flower":[22],"counters":[30,104],"PreservedInsect":286,"Whetstone":["FlurryOfBlows","Strike_P"],"Ginger":[1],"Orichalcum":[6],"Boot":[76],"MawBank":132,"Medical Kit":[0],"Mercury Hourglass":[349],"Blood Vial":8,"Centennial Puzzle":[15],"Nunchaku":[5],"Mummified Hand":[39],"Tiny Chest":1,"Art of War":[2],"obtain_stats":[{"Regal Pillow":9,"Lantern":38,"Nilry\u0027s Codex":25,"Whetstone":21,"Ginger":39,"Boot":26,"Blood Vial":44,"Centennial Puzzle":38,"Nunchaku":45,"Matryoshka":21,"Mummified Hand":27,"Strawberry":26,"Tiny Chest":14,"Fusion Hammer":34,"Happy Flower":12,"PreservedInsect":10,"Orichalcum":40,"MawBank":27,"Medical Kit":38,"Mercury Hourglass":6,"Anchor":24,"Coffee Dripper":17,"Art of War":43,"Membership Card":21,"PureWater":0},{"Regal Pillow":8,"Lantern":23,"Nilry\u0027s Codex":17,"Whetstone":16,"Ginger":24,"Boot":17,"Blood Vial":26,"Centennial Puzzle":23,"Nunchaku":27,"Matryoshka":16,"Mummified Hand":17,"Strawberry":17,"Tiny Chest":13,"Fusion Hammer":21,"Happy Flower":11,"PreservedInsect":9,"Orichalcum":25,"MawBank":17,"Medical Kit":23,"Mercury Hourglass":6,"Anchor":17,"Coffee Dripper":14,"Art of War":26,"Membership Card":16,"PureWater":0},{"Regal Pillow":26,"Lantern":77,"Nilry\u0027s Codex":56,"Whetstone":52,"Ginger":80,"Boot":56,"Blood Vial":85,"Centennial Puzzle":77,"Nunchaku":89,"Matryoshka":52,"Mummified Hand":56,"Strawberry":56,"Tiny Chest":41,"Fusion Hammer":69,"Happy Flower":37,"PreservedInsect":31,"Orichalcum":83,"MawBank":56,"Medical Kit":77,"Mercury Hourglass":20,"Anchor":56,"Coffee Dripper":47,"Art of War":85,"Membership Card":52,"PureWater":0}]},"card_choices":[{"not_picked":["Judgement","SpiritShield"],"picked":"LessonLearned","floor":0.0},{"not_picked":["Vengeance","Prostrate"],"picked":"Consecrate","floor":1.0},{"not_picked":["FollowUp","EmptyMind"],"picked":"Meditate","floor":2.0},{"not_picked":["FearNoEvil","Protect"],"picked":"CarveReality","floor":3.0},{"not_picked":["Halt","Alpha"],"picked":"Vengeance","floor":4.0},{"not_picked":["WreathOfFlame","SashWhip"],"picked":"EmptyBody","floor":5.0},{"not_picked":["JustLucky","Prostrate"],"picked":"Tantrum","floor":6.0},{"not_picked":["FollowUp","Evaluate"],"picked":"CarveReality","floor":7.0},{"not_picked":["CrushJoints","PathToVictory","ClearTheMind"],"picked":"SKIP","floor":8.0},{"not_picked":["SashWhip","SpiritShield"],"picked":"FlurryOfBlows","floor":10.0},{"not_picked":["SignatureMove","Consecrate","Meditate"],"picked":"SKIP","floor":11.0},{"not_picked":["JustLucky","Sanctity","ThirdEye"],"picked":"SKIP","floor":12.0},{"not_picked":["Wireheading","SandsOfTime","ThirdEye"],"picked":"SKIP","floor":13.0},{"not_picked":["EmptyFist","Sanctity"],"picked":"Wallop","floor":14.0},{"not_picked":["Alpha","DeusExMachina"],"picked":"Establishment","floor":16.0},{"not_picked":["CutThroughFate","FlyingSleeves","Halt"],"picked":"SKIP","floor":18.0},{"not_picked":["CutThroughFate","FlyingSleeves","Halt"],"picked":"SKIP","floor":18.0},{"not_picked":["WreathOfFlame+1","Collect"],"picked":"FearNoEvil+1","floor":19.0},{"not_picked":["SignatureMove","CrushJoints"],"picked":"Meditate","floor":24.0},{"not_picked":["Prostrate+1","Collect","Evaluate"],"picked":"SKIP","floor":28.0},{"not_picked":["Protect","Collect","ForeignInfluence"],"picked":"SKIP","floor":29.0},{"not_picked":["EmptyFist+1","JustLucky+1"],"picked":"MentalFortress","floor":31.0},{"not_picked":["ClearTheMind+1","Fasting2+1","CrushJoints+1"],"picked":"SKIP","floor":35.0},{"not_picked":["FlurryOfBlows+1","FlyingSleeves+1","JustLucky"],"picked":"SKIP","floor":37.0},{"not_picked":["Halt","LessonLearned","Pray+1"],"picked":"SKIP","floor":40},{"not_picked":["ClearTheMind+1","Consecrate+1","EmptyFist+1"],"picked":"SKIP","floor":41},{"not_picked":["Tantrum","SpiritShield","FlurryOfBlows"],"picked":"SKIP","floor":45},{"not_picked":["FlurryOfBlows+1","Nirvana","EmptyFist+1"],"picked":"SKIP","floor":47},{"not_picked":["FlyingSleeves","PathToVictory+1","Prostrate"],"picked":"SKIP","floor":48}],"player_experience":643812,"relics_obtained":[{"floor":6.0,"key":"Mercury Hourglass"},{"floor":9.0,"key":"Regal Pillow"},{"floor":10.0,"key":"PreservedInsect"},{"floor":12.0,"key":"Happy Flower"},{"floor":14.0,"key":"Tiny Chest"},{"floor":24.0,"key":"Anchor"},{"floor":25.0,"key":"Nilry\u0027s Codex"},{"floor":26.0,"key":"Strawberry"},{"floor":26.0,"key":"Boot"},{"floor":27.0,"key":"MawBank"},{"floor":27.0,"key":"Mummified Hand"},{"floor":39.0,"key":"Ginger"},{"floor":40,"key":"Orichalcum"},{"floor":43,"key":"Art of War"},{"floor":45,"key":"Nunchaku"}],"event_choices":[{"damage_healed":0.0,"max_hp_gain":0.0,"max_hp_loss":0.0,"gold_gain":0.0,"event_name":"Vampires","player_choice":"Ignored","floor":20.0,"gold_loss":0.0,"damage_taken":0.0},{"damage_healed":0.0,"max_hp_gain":0.0,"max_hp_loss":0.0,"gold_gain":0.0,"event_name":"The Mausoleum","player_choice":"Ignored","floor":22.0,"gold_loss":0.0,"damage_taken":0.0},{"damage_healed":0.0,"max_hp_gain":0.0,"max_hp_loss":0.0,"gold_gain":0.0,"event_name":"Cursed Tome","player_choice":"Obtained Book","floor":25.0,"gold_loss":0.0,"damage_taken":16.0},{"damage_healed":0.0,"max_hp_gain":0.0,"max_hp_loss":0.0,"gold_gain":0.0,"event_name":"SensoryStone","player_choice":"Memory 1","floor":36.0,"gold_loss":0.0,"damage_taken":0.0},{"damage_healed":0.0,"max_hp_gain":0.0,"max_hp_loss":0.0,"gold_gain":0.0,"event_name":"Mysterious Sphere","player_choice":"Fight","floor":39.0,"gold_loss":0.0,"damage_taken":0.0},{"damage_healed":0,"gold_gain":0,"player_choice":"Gave Potion","damage_taken":0,"relics_obtained":["Blood Vial"],"max_hp_gain":0,"max_hp_loss":0,"event_name":"WeMeetAgain","floor":44,"gold_loss":0}],"is_beta":false,"boss_relics":[{"not_picked":["Ectoplasm","Black Star"],"picked":"Coffee Dripper"},{"not_picked":["Velvet Choker","Calling Bell"],"picked":"Fusion Hammer"}],"items_purged_floors":[21,38,42],"is_endless":false,"potions_floor_spawned":[1,4,5,6,8,10,11,13,18,19,31,37,40,45,48],"ascension_level":10}}