{"host":"anox4050deqdcqoh","time":1614038509,"event":{"mods":["BaseMod","Colored Map","Displayed Cursed Tome","Highlight Path","Minty Spire (QoL Compilation)","Quick Restart","Rare Cards Sparkle","everything is the same but u backflip on backflip"],"gold_per_floor":[115,131,150,163,176,207,207,207,253,253,267,300,300,323,323,446,446,464,477,125,125,125,125,139,162,185,185,216,128,128,146,146,277,277,298,298,322,322,89,89,89,113,113,176,236,255,255,30,30,30,30,30,30,64,64],"floor_reached":56,"language":"ENG","playtime":5207,"items_purged":["Defend_P"],"score":1174,"play_id":"46a2877a-7303-4276-a437-f01c1c73c582","local_time":"20210222190149","is_ascension_mode":true,"campfire_choices":[{"floor":8,"key":"REST"},{"floor":10,"key":"REST"},{"floor":15,"key":"REST"},{"data":"MasterReality","floor":23,"key":"SMITH"},{"floor":27,"key":"REST"},{"floor":30,"key":"REST"},{"floor":32,"key":"REST"},{"data":"LikeWater","floor":40,"key":"SMITH"},{"data":"Wallop","floor":47,"key":"SMITH"},{"floor":49,"key":"RECALL"},{"data":"1","floor":52,"key":"LIFT"}],"circlet_count":0,"master_deck":["Defend_P","Defend_P","Eruption","Vigilance","ReachHeaven","Evaluate","SashWhip","EmptyFist","Consecrate","MentalFortress","ThirdEye","MasterReality+1","LikeWater+1","BowlingBash","Vengeance","Ragnarok","Prostrate","ReachHeaven+1","Bite","Bite","Bite+1","Bite+1","Bite+1","SpiritShield+1","BowlingBash","CarveReality+1","Worship","DeusExMachina","TalkToTheHand+1","WheelKick+1","LessonLearned","LikeWater+1","SpiritShield","Wallop+1","Apotheosis","Worship+1"],"relics":["PureWater","Dream Catcher","Golden Idol","Nunchaku","Gremlin Horn","SlaversCollar","Letter Opener","Whetstone","Red Mask","Vajra","Coffee Dripper","Yang","Lee\u0027s Waffle","Dead Branch","Girya","StrikeDummy"],"acts_visited":["Exordium","TheCity","TheBeyond","TheEnding"],"potions_floor_usage":[6,12,12,16,28,33,42,45,46,50,50,54],"damage_taken":[{"damage":7,"enemies":"Cultist","floor":1,"turns":3},{"damage":4,"enemies":"Small Slimes","floor":2,"turns":3},{"damage":0,"enemies":"Jaw Worm","floor":3,"turns":2},{"damage":0,"enemies":"Large Slime","floor":4,"turns":4},{"damage":10,"enemies":"Gremlin Gang","floor":5,"turns":7},{"damage":7,"enemies":"Lagavulin","floor":6,"turns":7},{"damage":6,"enemies":"Red Slaver","floor":11,"turns":4},{"damage":55,"enemies":"Gremlin Nob","floor":12,"turns":4},{"damage":1,"enemies":"Blue Slaver","floor":14,"turns":5},{"damage":20,"enemies":"Slime Boss","floor":16,"turns":6},{"damage":16,"enemies":"Shell Parasite","floor":18,"turns":8},{"damage":24,"enemies":"2 Thieves","floor":19,"turns":4},{"damage":30,"enemies":"Sentry and Sphere","floor":24,"turns":5},{"damage":5,"enemies":"3 Cultists","floor":25,"turns":5},{"damage":18,"enemies":"Masked Bandits","floor":28,"turns":4},{"damage":21,"enemies":"Snake Plant","floor":31,"turns":5},{"damage":57,"enemies":"Champ","floor":33,"turns":11},{"damage":16,"enemies":"3 Darklings","floor":35,"turns":5},{"damage":13,"enemies":"3 Shapes","floor":37,"turns":3},{"damage":14,"enemies":"Maw","floor":42,"turns":5},{"damage":9,"enemies":"Mind Bloom Boss Battle","floor":44,"turns":7},{"damage":18,"enemies":"2 Orb Walkers","floor":45,"turns":3},{"damage":22,"enemies":"Jaw Worm Horde","floor":46,"turns":4},{"damage":11,"enemies":"Awakened One","floor":50,"turns":8},{"damage":35,"enemies":"Shield and Spear","floor":54,"turns":15},{"damage":59,"enemies":"The Heart","floor":55,"turns":9}],"seed_played":"5712741701942741278","potions_obtained":[{"floor":2,"key":"PowerPotion"},{"floor":3,"key":"ColorlessPotion"},{"floor":4,"key":"Strength Potion"},{"floor":12,"key":"ColorlessPotion"},{"floor":14,"key":"Ancient Potion"},{"floor":24,"key":"Ambrosia"},{"floor":28,"key":"Weak Potion"},{"floor":31,"key":"Fruit Juice"},{"floor":35,"key":"SpeedPotion"},{"floor":42,"key":"ColorlessPotion"},{"floor":45,"key":"LiquidMemories"}],"is_trial":false,"path_per_floor":["M","M","M","M","M","E","?","R","T","R","M","E","?","M","R","B",null,"M","M","$","?","?","R","M","M","T","R","?","?","R","M","R","B",null,"M","T","M","?","$","R","$","M","T","?","?","M","R","$","R","B",null,"R","$","E","B",null],"character_chosen":"WATCHER","items_purchased":["ReachHeaven","Letter Opener","Lee\u0027s Waffle","LiquidMemories","Apotheosis","AttackPotion"],"campfire_rested":6,"item_purchase_floors":[20,20,39,39,48,48],"current_hp_per_floor":[65,61,61,61,51,44,26,47,47,68,64,11,11,12,33,15,72,56,34,34,34,34,34,12,13,13,34,20,20,41,32,53,17,72,59,59,51,51,79,79,79,79,79,78,70,56,56,56,56,59,84,84,84,82,38],"gold":64,"neow_bonus":"RANDOM_COMMON_RELIC","is_daily":false,"chose_seed":false,"campfire_upgraded":3,"win_rate":0.0,"timestamp":1614038509,"path_taken":["M","M","?","M","M","E","?","R","T","R","M","E","?","M","R","BOSS","M","M","$","?","?","R","M","M","T","R","?","?","R","?","R","BOSS","M","?","?","?","$","R","$","?","T","?","?","M","R","$","R","BOSS","R","$","E","BOSS"],"items_purchased_type":["Card","Relic","Relic","Potion","Card","Potion"],"build_version":"2020-12-22","purchased_purges":1,"victory":true,"max_hp_per_floor":[72,72,72,72,72,72,72,72,72,72,72,72,72,72,72,72,72,72,72,72,72,72,72,72,72,72,72,72,72,72,72,72,72,72,72,72,72,72,79,79,79,84,84,84,84,84,84,84,84,84,84,84,84,84,84],"card_choices":[{"not_picked":["EmptyBody","Protect"],"picked":"ReachHeaven","floor":1},{"not_picked":["JustLucky","Crescendo"],"picked":"Evaluate","floor":2},{"not_picked":["DeceiveReality","ClearTheMind"],"picked":"SashWhip","floor":3},{"not_picked":["ClearTheMind","DeceiveReality"],"picked":"EmptyFist","floor":4},{"not_picked":["EmptyMind","JustLucky","Fasting2"],"picked":"SKIP","floor":5},{"not_picked":["Collect","Meditate"],"picked":"Consecrate","floor":6},{"not_picked":["Perseverance","Prostrate"],"picked":"MentalFortress","floor":8},{"not_picked":["DeceiveReality","Collect"],"picked":"ThirdEye","floor":10},{"not_picked":["Evaluate","FlurryOfBlows"],"picked":"MasterReality","floor":11},{"not_picked":["FlyingSleeves","Perseverance"],"picked":"LikeWater","floor":12},{"not_picked":["ReachHeaven","Crescendo"],"picked":"BowlingBash","floor":14},{"not_picked":["EmptyBody","Perseverance"],"picked":"Vengeance","floor":15},{"not_picked":["Judgement","Vault"],"picked":"Ragnarok","floor":16},{"not_picked":["Evaluate","EmptyFist+1"],"picked":"Prostrate","floor":18},{"not_picked":["Nirvana","Prostrate","Evaluate"],"picked":"SKIP","floor":19},{"not_picked":["EmptyBody","Vengeance"],"picked":"CarveReality+1","floor":24},{"not_picked":["EmptyMind+1","EmptyBody+1"],"picked":"Worship","floor":25},{"not_picked":["FlyingSleeves+1","CrushJoints"],"picked":"DeusExMachina","floor":28},{"not_picked":["Pray","EmptyFist+1"],"picked":"TalkToTheHand+1","floor":30},{"not_picked":["FollowUp","Worship"],"picked":"WheelKick+1","floor":31},{"not_picked":["Alpha","ConjureBlade"],"picked":"LessonLearned","floor":33},{"not_picked":["WheelKick","Prostrate","FlyingSleeves+1"],"picked":"SKIP","floor":35},{"not_picked":["Prostrate","BowlingBash","Worship"],"picked":"SKIP","floor":37},{"not_picked":["SignatureMove+1","FlurryOfBlows","Consecrate"],"picked":"SKIP","floor":42},{"not_picked":["Evaluate","Halt+1"],"picked":"LikeWater","floor":44},{"not_picked":["Indignation+1","Nirvana"],"picked":"SpiritShield","floor":45},{"not_picked":["CrushJoints+1","CarveReality"],"picked":"Wallop","floor":46},{"not_picked":["ClearTheMind+1","SignatureMove+1"],"picked":"Worship+1","floor":54}],"player_experience":494793,"relics_obtained":[{"floor":6,"key":"Blood Vial"},{"floor":9,"key":"Nunchaku"},{"floor":12,"key":"Gremlin Horn"},{"floor":26,"key":"Whetstone"},{"floor":28,"key":"Red Mask"},{"floor":36,"key":"Yang"},{"floor":44,"key":"Dead Branch"},{"floor":45,"key":"Girya"},{"floor":54,"key":"StrikeDummy"}],"event_choices":[{"damage_healed":0,"gold_gain":0,"player_choice":"Take Damage","damage_taken":18,"relics_obtained":["Golden Idol"],"max_hp_gain":0,"max_hp_loss":0,"event_name":"Golden Idol","floor":7,"gold_loss":0},{"damage_healed":0,"gold_gain":0,"cards_transformed":["Strike_P"],"player_choice":"Transformed","damage_taken":0,"max_hp_gain":0,"max_hp_loss":0,"event_name":"Transmorgrifier","floor":13,"gold_loss":0,"cards_obtained":["EmptyMind"]},{"damage_healed":0,"gold_gain":0,"player_choice":"Became a vampire (Vial)","damage_taken":0,"max_hp_gain":0,"max_hp_loss":0,"event_name":"Vampires","floor":21,"relics_lost":["Blood Vial"],"gold_loss":0,"cards_obtained":["Bite","Bite","Bite","Bite","Bite"]},{"damage_healed":0,"gold_gain":0,"cards_transformed":["EmptyMind","Defend_P"],"player_choice":"Became Test Subject","damage_taken":0,"max_hp_gain":0,"max_hp_loss":0,"event_name":"Drug Dealer","floor":22,"gold_loss":0,"cards_obtained":["SpiritShield","BowlingBash"]},{"damage_healed":0,"gold_gain":0,"player_choice":"Fought Bandits","damage_taken":0,"max_hp_gain":0,"max_hp_loss":0,"event_name":"Masked Bandits","floor":28,"gold_loss":0},{"damage_healed":0,"gold_gain":0,"player_choice":"Paid Gold","damage_taken":0,"relics_obtained":["Vajra"],"max_hp_gain":0,"max_hp_loss":0,"event_name":"WeMeetAgain","floor":29,"gold_loss":88},{"damage_healed":0,"gold_gain":0,"player_choice":"Ignored","damage_taken":0,"max_hp_gain":0,"max_hp_loss":0,"event_name":"SecretPortal","floor":38,"gold_loss":0},{"damage_healed":0,"gold_gain":0,"player_choice":"Fight","damage_taken":0,"max_hp_gain":0,"max_hp_loss":0,"event_name":"MindBloom","floor":44,"gold_loss":0},{"damage_healed":0,"gold_gain":0,"player_choice":"Fight","damage_taken":0,"max_hp_gain":0,"max_hp_loss":0,"event_name":"Mysterious Sphere","floor":45,"gold_loss":0}],"is_beta":false,"boss_relics":[{"not_picked":["Calling Bell","Sozu"],"picked":"SlaversCollar"},{"not_picked":["Black Star","Pandora\u0027s Box"],"picked":"Coffee Dripper"}],"items_purged_floors":[20],"is_endless":false,"potions_floor_spawned":[2,3,4,12,14,24,28,31,35,42,45],"ascension_level":1}}