{"host":"d6c1my71jrq4jqot","time":1614107873,"event":{"mods":["AchievementEnabler","BaseMod","Colored Powertips","Minty Spire (QoL Compilation)","Relic Stats","Slay the Relics Exporter"],"gold_per_floor":[112,187,202,219,231,261,411,411,411,411,427,441,18,48,48,48,48],"floor_reached":16,"language":"ENG","playtime":807,"items_purged":["Doubt"],"score":213,"play_id":"1c1ea286-88a4-49b7-bf92-232be2813df4","local_time":"20210223161753","is_ascension_mode":true,"campfire_choices":[{"data":"Catalyst","floor":8,"key":"SMITH"},{"floor":10,"key":"REST"},{"floor":15,"key":"REST"}],"circlet_count":0,"master_deck":["AscendersBane","Strike_G","Strike_G","Strike_G","Strike_G","Strike_G","Defend_G","Defend_G","Defend_G","Defend_G","Defend_G","Survivor","Neutralize","Masterful Stab","All Out Attack","Noxious Fumes","Bouncing Flask","Catalyst+1","Calculated Gamble","Venomology"],"relics":["Ring of the Snake","Centennial Puzzle","Toy Ornithopter","Strange Spoon","Blue Candle"],"acts_visited":["Exordium"],"potions_floor_usage":[12,12,14,14,16,16],"damage_taken":[{"damage":6,"enemies":"Small Slimes","floor":1,"turns":5},{"damage":0,"enemies":"2 Louse","floor":3,"turns":2},{"damage":3,"enemies":"Jaw Worm","floor":4,"turns":3},{"damage":4,"enemies":"2 Fungi Beasts","floor":5,"turns":2},{"damage":32,"enemies":"Lagavulin","floor":6,"turns":5},{"damage":4,"enemies":"3 Louse","floor":11,"turns":3},{"damage":19,"enemies":"Exordium Thugs","floor":12,"turns":4},{"damage":15,"enemies":"3 Sentries","floor":14,"turns":7},{"damage":42,"enemies":"Slime Boss","floor":16,"turns":9}],"seed_played":"-7303087505288051889","potions_obtained":[{"floor":1,"key":"Fire Potion"},{"floor":3,"key":"SteroidPotion"},{"floor":12,"key":"SteroidPotion"}],"is_trial":false,"path_per_floor":["M","?","M","M","M","E","?","R","T","R","M","M","$","E","R","B"],"character_chosen":"THE_SILENT","items_purchased":["Venomology","Strange Spoon","Fruit Juice"],"campfire_rested":2,"item_purchase_floors":[13,13,13],"current_hp_per_floor":[53,42,42,39,35,3,3,3,3,22,18,9,9,4,23,0,0],"gold":48,"neow_bonus":"RANDOM_COMMON_RELIC","is_daily":false,"chose_seed":false,"campfire_upgraded":1,"win_rate":0.0,"timestamp":1614107873,"path_taken":["M","?","M","M","M","E","?","R","T","R","?","M","$","E","R","BOSS"],"items_purchased_type":["Card","Relic","Potion"],"build_version":"2020-12-22","purchased_purges":1,"victory":false,"max_hp_per_floor":[66,66,66,66,66,66,66,66,66,66,66,66,66,66,66,71,71],"relic_stats":{"Strange Spoon":[3],"Centennial Puzzle":[24],"counters":[9,40],"Blue Candle":[0],"obtain_stats":[{"Strange Spoon":13,"Centennial Puzzle":0,"Blue Candle":14,"Toy Ornithopter":6,"Ring of the Snake":0},{"Strange Spoon":7,"Centennial Puzzle":0,"Blue Candle":8,"Toy Ornithopter":5,"Ring of the Snake":0},{"Strange Spoon":24,"Centennial Puzzle":0,"Blue Candle":31,"Toy Ornithopter":17,"Ring of the Snake":0}],"Toy Ornithopter":30,"Ring of the Snake":[18]},"card_choices":[{"not_picked":["Escape Plan","Terror"],"picked":"Masterful Stab","floor":1},{"not_picked":["Deadly Poison","Sucker Punch"],"picked":"All Out Attack","floor":3},{"not_picked":["Outmaneuver","Poisoned Stab"],"picked":"Noxious Fumes","floor":4},{"not_picked":["Outmaneuver","Bane"],"picked":"Bouncing Flask","floor":5},{"not_picked":["Backflip","Riddle With Holes"],"picked":"Catalyst","floor":6},{"not_picked":["Finisher","Masterful Stab"],"picked":"Calculated Gamble","floor":11},{"not_picked":["Heel Hook","Eviscerate","Dodge and Roll"],"picked":"SKIP","floor":12},{"not_picked":["Dagger Throw","Setup","Finisher"],"picked":"SKIP","floor":14}],"player_experience":645626,"relics_obtained":[{"floor":6,"key":"Toy Ornithopter"},{"floor":14,"key":"Blue Candle"}],"event_choices":[{"damage_healed":0,"gold_gain":75,"player_choice":"Gather Gold","damage_taken":11,"max_hp_gain":0,"max_hp_loss":0,"event_name":"World of Goop","floor":2,"gold_loss":0},{"damage_healed":0,"gold_gain":150,"player_choice":"AGREE","damage_taken":0,"max_hp_gain":0,"max_hp_loss":0,"event_name":"Liars Game","floor":7,"gold_loss":0,"cards_obtained":["Doubt"]}],"is_beta":false,"boss_relics":[],"items_purged_floors":[13],"is_endless":false,"potions_floor_spawned":[1,3,5,12],"killed_by":"Slime Boss","ascension_level":18}}