{"host":"qp7xs8nuzfsyommi","time":1614117491,"event":{"mods":["2.2 Compatiblity","BaseMod","Colored Powertips","DeckTracker","Highlight Path","Minty Spire (QoL Compilation)","Permanent Neow","Quick Restart","StSLib","Weighted Paths"],"gold_per_floor":[109,123,143,159,159,159,234,234,234,199,218,218,218,14,14,91,91,106,106,121,121,121,121,121],"floor_reached":23,"language":"ENG","playtime":680,"items_purged":[],"score":358,"play_id":"2ea37717-eaa4-4dda-a27a-1fcee54e4114","local_time":"20210223165811","is_ascension_mode":true,"campfire_choices":[{"floor":6.0,"key":"REST"},{"floor":8.0,"key":"REST"},{"data":"Strike_B","floor":13.0,"key":"PURGE"},{"data":"Defend_B","floor":15.0,"key":"PURGE"}],"circlet_count":0,"master_deck":["AscendersBane","Strike_B+1","Strike_B+1","Defend_B","Defend_B","Defend_B","Zap+1","Dualcast","Genetic Algorithm","Chill","Conserve Battery","Doom and Gloom","Melter","Echo Form","Conserve Battery","Core Surge"],"relics":["Cracked Core","Peace Pipe","Ginger","ClockworkSouvenir","Snecko Eye"],"acts_visited":["Exordium","TheCity"],"potions_floor_usage":[23,23],"damage_taken":[{"damage":4.0,"enemies":"Jaw Worm","floor":1.0,"turns":4.0},{"damage":1.0,"enemies":"2 Louse","floor":2.0,"turns":3.0},{"damage":6.0,"enemies":"Small Slimes","floor":3.0,"turns":3.0},{"damage":7.0,"enemies":"2 Fungi Beasts","floor":4.0,"turns":4.0},{"damage":9.0,"enemies":"Blue Slaver","floor":11.0,"turns":3.0},{"damage":35.0,"enemies":"Slime Boss","floor":16.0,"turns":10.0},{"damage":0.0,"enemies":"Spheric Guardian","floor":18.0,"turns":1.0},{"damage":6.0,"enemies":"Chosen","floor":20.0,"turns":5.0},{"damage":55,"enemies":"Slavers","floor":23,"turns":7}],"seed_played":"-8292814531723900914","potions_obtained":[{"floor":1.0,"key":"Energy Potion"},{"floor":4.0,"key":"Block Potion"},{"floor":16.0,"key":"FearPotion"},{"floor":18.0,"key":"Fire Potion"}],"is_trial":false,"path_per_floor":["M","M","M","M","?","R","?","R","T","?","M","?","R","$","R","B",null,"M","$","M","?","?","E"],"character_chosen":"DEFECT","items_purchased":["ClockworkSouvenir","Melter"],"campfire_rested":2,"item_purchase_floors":[14,14],"current_hp_per_floor":[42,41,35,28,7,28,17,38,38,55,46,46,46,46,46,11,56,56,56,50,50,50,0,0],"gold":121,"neow_bonus":"ONE_RARE_RELIC","is_daily":false,"chose_seed":false,"campfire_upgraded":0,"win_rate":0.0,"timestamp":1614117491,"path_taken":["M","M","M","M","?","R","?","R","T","?","M","?","R","$","R","BOSS","M","$","M","?","?","E"],"items_purchased_type":["Relic","Card"],"build_version":"2020-12-22","purchased_purges":0,"victory":false,"max_hp_per_floor":[71,71,71,71,71,71,71,71,71,71,71,71,71,71,71,71,71,71,71,71,71,71,71,71],"card_choices":[{"not_picked":["Auto Shields","Steam"],"picked":"Genetic Algorithm","floor":1.0},{"not_picked":["Beam Cell","Consume"],"picked":"Chill","floor":2.0},{"not_picked":["Barrage","Stack","Blizzard"],"picked":"SKIP","floor":3.0},{"not_picked":["Aggregate","Rebound"],"picked":"Conserve Battery","floor":4.0},{"not_picked":["Lockon","Stack"],"picked":"Doom and Gloom","floor":11.0},{"not_picked":["Meteor Strike","Electrodynamics"],"picked":"Echo Form","floor":16.0},{"not_picked":["Streamline","Beam Cell"],"picked":"Conserve Battery","floor":18.0},{"not_picked":["Chill","Cold Snap"],"picked":"Core Surge","floor":20.0}],"player_experience":1488062,"relics_obtained":[{"floor":9.0,"key":"Ginger"}],"event_choices":[{"damage_healed":0.0,"max_hp_gain":0.0,"max_hp_loss":0.0,"gold_gain":0.0,"event_name":"Shining Light","player_choice":"Entered Light","floor":5.0,"gold_loss":0.0,"damage_taken":21.0,"cards_upgraded":["Strike_B","Strike_B"]},{"damage_healed":0.0,"max_hp_gain":0.0,"max_hp_loss":0.0,"gold_gain":75.0,"event_name":"World of Goop","player_choice":"Gather Gold","floor":7.0,"gold_loss":0.0,"damage_taken":11.0},{"damage_healed":17.0,"max_hp_gain":0.0,"max_hp_loss":0.0,"gold_gain":0.0,"event_name":"The Cleric","player_choice":"Healed","floor":10.0,"gold_loss":35.0,"damage_taken":0.0},{"damage_healed":0.0,"max_hp_gain":0.0,"max_hp_loss":0.0,"gold_gain":0.0,"event_name":"Living Wall","player_choice":"Grow","floor":12.0,"gold_loss":0.0,"damage_taken":0.0,"cards_upgraded":["Zap"]},{"cards_removed":["Strike_B"],"damage_healed":0.0,"max_hp_gain":0.0,"max_hp_loss":0.0,"gold_gain":0.0,"event_name":"Back to Basics","player_choice":"Elegance","floor":21.0,"gold_loss":0.0,"damage_taken":0.0},{"damage_healed":0.0,"max_hp_gain":0.0,"max_hp_loss":0.0,"gold_gain":0.0,"event_name":"Ghosts","player_choice":"Ignored","floor":22.0,"gold_loss":0.0,"damage_taken":0.0}],"is_beta":false,"boss_relics":[{"not_picked":["Philosopher\u0027s Stone","Runic Dome"],"picked":"Snecko Eye"}],"items_purged_floors":[],"is_endless":false,"potions_floor_spawned":[1,4,16,18,20],"killed_by":"Slavers","ascension_level":20}}