{"host":"1bzbl1adcbkdzqlf","time":1614102677,"event":{"mods":["BaseMod","Minty Spire (QoL Compilation)","Slay the Relics Exporter"],"gold_per_floor":[209,228,247,262,24,24,51,51,126,157,169,181,191,217,217,292,292,270,280,555,555,555],"floor_reached":21,"language":"ENG","playtime":2540,"items_purged":["Strike_R"],"score":493,"play_id":"29c04ca1-15f5-4f79-a7cc-10a3c4813468","local_time":"20210223115117","is_ascension_mode":true,"campfire_choices":[{"data":"Armaments","floor":6,"key":"SMITH"},{"data":"Flame Barrier","floor":8,"key":"SMITH"},{"floor":15,"key":"REST"}],"circlet_count":0,"master_deck":["AscendersBane","Strike_R","Strike_R","Strike_R","Strike_R","Defend_R","Defend_R","Defend_R","Defend_R","Bash","Twin Strike","Cleave","Armaments+1","Sword Boomerang","Flame Barrier+1","Pommel Strike","Thunderclap","Spot Weakness","Twin Strike","Corruption","Uppercut"],"relics":["Burning Blood","Bag of Marbles","Calipers","Question Card","Omamori","Boot","Black Star"],"acts_visited":["Exordium","TheCity"],"potions_floor_usage":[7,12,14,16,16],"damage_taken":[{"damage":7,"enemies":"Jaw Worm","floor":1,"turns":4},{"damage":1,"enemies":"Cultist","floor":2,"turns":3},{"damage":3,"enemies":"Small Slimes","floor":3,"turns":3},{"damage":15,"enemies":"Exordium Thugs","floor":4,"turns":5},{"damage":34,"enemies":"Gremlin Nob","floor":7,"turns":4},{"damage":25,"enemies":"Lagavulin","floor":10,"turns":6},{"damage":0,"enemies":"Blue Slaver","floor":11,"turns":3},{"damage":1,"enemies":"Exordium Wildlife","floor":12,"turns":2},{"damage":7,"enemies":"Lots of Slimes","floor":13,"turns":3},{"damage":15,"enemies":"3 Sentries","floor":14,"turns":5},{"damage":0,"enemies":"Slime Boss","floor":16,"turns":7},{"damage":23,"enemies":"2 Thieves","floor":18,"turns":4},{"damage":30,"enemies":"Spheric Guardian","floor":19,"turns":5},{"damage":31,"enemies":"Shelled Parasite and Fungi","floor":21,"turns":2}],"seed_played":"7268424745122793689","potions_obtained":[{"floor":3,"key":"SkillPotion"},{"floor":10,"key":"CultistPotion"},{"floor":11,"key":"Block Potion"},{"floor":13,"key":"Fire Potion"},{"floor":14,"key":"BlessingOfTheForge"},{"floor":19,"key":"Explosive Potion"}],"is_trial":false,"path_per_floor":["M","M","M","M","$","R","E","R","T","E","M","M","M","E","R","B",null,"M","M","?","M"],"character_chosen":"IRONCLAD","items_purchased":["Bag of Marbles"],"campfire_rested":1,"item_purchase_floors":[5],"current_hp_per_floor":[67,72,75,66,66,66,38,38,38,19,25,30,29,20,42,48,68,51,27,27,0,0],"gold":555,"neow_bonus":"HUNDRED_GOLD","is_daily":false,"chose_seed":false,"campfire_upgraded":2,"win_rate":0.0,"timestamp":1614102677,"path_taken":["M","M","M","M","$","R","E","R","T","E","M","M","M","E","R","BOSS","M","M","?","?"],"items_purchased_type":["Relic"],"build_version":"2020-12-22","purchased_purges":1,"victory":false,"max_hp_per_floor":[75,75,75,75,75,75,75,75,75,75,75,75,75,75,75,75,75,75,75,75,75,75],"card_choices":[{"not_picked":["Havoc","Hemokinesis"],"picked":"Twin Strike","floor":1},{"not_picked":["Havoc","Flex"],"picked":"Cleave","floor":2},{"not_picked":["Metallicize","Sever Soul"],"picked":"Armaments","floor":3},{"not_picked":["Anger","Limit Break"],"picked":"Sword Boomerang","floor":4},{"not_picked":["Searing Blow","Thunderclap"],"picked":"Flame Barrier","floor":7},{"not_picked":["Anger","Cleave","Iron Wave"],"picked":"Pommel Strike","floor":10},{"not_picked":["Heavy Blade","Cleave","Clothesline"],"picked":"Thunderclap","floor":11},{"not_picked":["Perfected Strike","Limit Break","Wild Strike"],"picked":"Spot Weakness","floor":12},{"not_picked":["Anger","Evolve","Seeing Red","Armaments"],"picked":"SKIP","floor":13},{"not_picked":["Barricade","Warcry","Clash"],"picked":"Twin Strike","floor":14},{"not_picked":["Immolate","Exhume","Barricade"],"picked":"Corruption","floor":16},{"not_picked":["Dual Wield","Rupture","True Grit"],"picked":"Uppercut","floor":18},{"not_picked":["Pommel Strike","Heavy Blade","Twin Strike","Wild Strike"],"picked":"SKIP","floor":19}],"player_experience":505933,"relics_obtained":[{"floor":7,"key":"Calipers"},{"floor":9,"key":"Question Card"},{"floor":10,"key":"Omamori"},{"floor":14,"key":"Boot"}],"event_choices":[{"damage_healed":0,"gold_gain":275,"player_choice":"Desecrate","damage_taken":0,"max_hp_gain":0,"max_hp_loss":0,"event_name":"Golden Shrine","floor":20,"gold_loss":0,"cards_obtained":["Regret"]}],"is_beta":false,"boss_relics":[{"not_picked":["Pandora\u0027s Box","Coffee Dripper"],"picked":"Black Star"}],"items_purged_floors":[5],"is_endless":false,"potions_floor_spawned":[3,10,11,13,14,19],"killed_by":"Shelled Parasite and Fungi","ascension_level":19}}