{"host":"xauhhfeuacw2ajt1","time":1614068502,"event":{"mods":["BaseMod","GifTheSpireLib","KinomotoSakuraMod(????)","Minty Spire (QoL Compilation)","StSLib","The Senshi"],"gold_per_floor":[112,127,127,127,141,175,194,194,194,194,212,62,74,105,105,202,202,217,227,240,254,266,266,266],"floor_reached":23,"language":"ENG","playtime":1295,"items_purged":[],"score":232,"play_id":"9762556a-1f79-4e07-9682-c84594e875c4","local_time":"20210223102142","is_ascension_mode":false,"campfire_choices":[{"floor":8,"key":"RECALL"},{"data":"Whirlwind","floor":10,"key":"SMITH"},{"data":"Whirlwind","floor":15,"key":"SMITH"}],"circlet_count":0,"master_deck":["Strike_R","Strike_R","Strike_R","Strike_R","Strike_R","Defend_R","Defend_R","Defend_R","Defend_R","Bash","Whirlwind+1","Sentinel","Headbutt","Double Tap","Warcry","Anger","Thunderclap","Whirlwind+1","Headbutt","Ghostly Armor","Double Tap","Inflame","Dropkick","Headbutt+1","Shrug It Off+1","Clash"],"relics":["Burning Blood","Regal Pillow","Self Forming Clay","Chemical X","HornCleat","Mark of Pain"],"acts_visited":["Exordium","TheCity"],"potions_floor_usage":[18,23,23],"damage_taken":[{"damage":12,"enemies":"Small Slimes","floor":1,"turns":5},{"damage":0,"enemies":"2 Louse","floor":2,"turns":1},{"damage":1,"enemies":"Cultist","floor":5,"turns":4},{"damage":32,"enemies":"Gremlin Nob","floor":6,"turns":5},{"damage":0,"enemies":"Lots of Slimes","floor":7,"turns":1},{"damage":0,"enemies":"Large Slime","floor":11,"turns":5},{"damage":0,"enemies":"Exordium Wildlife","floor":13,"turns":1},{"damage":0,"enemies":"3 Sentries","floor":14,"turns":1},{"damage":36,"enemies":"The Guardian","floor":16,"turns":9},{"damage":5,"enemies":"3 Byrds","floor":18,"turns":4},{"damage":20,"enemies":"2 Thieves","floor":19,"turns":2},{"damage":21,"enemies":"Snake Plant","floor":20,"turns":2},{"damage":8,"enemies":"Snecko","floor":21,"turns":4},{"damage":18,"enemies":"Shelled Parasite and Fungi","floor":22,"turns":3},{"damage":43,"enemies":"Book of Stabbing","floor":23,"turns":4}],"seed_played":"2215382004608552589","potions_obtained":[{"floor":5,"key":"SpeedPotion"},{"floor":7,"key":"GamblersBrew"},{"floor":11,"key":"Ancient Potion"},{"floor":13,"key":"SteroidPotion"},{"floor":18,"key":"Fruit Juice"},{"floor":20,"key":"Ancient Potion"},{"floor":22,"key":"ColorlessPotion"}],"is_trial":false,"path_per_floor":["M","M","?","?","M","E","M","R","T","R","M","$","M","E","R","B",null,"M","M","M","M","M","E"],"character_chosen":"IRONCLAD","items_purchased":["Chemical X"],"campfire_rested":0,"item_purchase_floors":[12],"current_hp_per_floor":[74,80,80,80,80,54,60,60,60,60,66,66,72,78,78,48,80,85,71,56,54,42,0,0],"gold":266,"neow_bonus":"RANDOM_COMMON_RELIC","is_daily":false,"chose_seed":false,"campfire_upgraded":2,"win_rate":0.0,"timestamp":1614068502,"path_taken":["M","M","?","?","M","E","M","R","T","R","M","$","?","E","R","BOSS","M","M","M","M","?","E"],"items_purchased_type":["Relic"],"build_version":"2020-12-22","purchased_purges":0,"victory":false,"max_hp_per_floor":[80,80,80,80,80,80,80,80,80,80,80,80,80,80,80,80,80,85,85,85,85,85,85,85],"card_choices":[{"not_picked":["Sword Boomerang","Evolve"],"picked":"Whirlwind","floor":1},{"not_picked":["Entrench","Wild Strike"],"picked":"Sentinel","floor":2},{"not_picked":["Headbutt","Dual Wield"],"picked":"Warcry","floor":5},{"not_picked":["Twin Strike","Corruption"],"picked":"Anger","floor":6},{"not_picked":["Carnage","Perfected Strike"],"picked":"Thunderclap","floor":7},{"not_picked":["Entrench","Wild Strike"],"picked":"Whirlwind","floor":11},{"not_picked":["Anger","Cleave"],"picked":"Headbutt","floor":13},{"not_picked":["Iron Wave","Armaments"],"picked":"Ghostly Armor","floor":14},{"not_picked":["Fiend Fire","Bludgeon"],"picked":"Double Tap","floor":16},{"not_picked":["Clash","Iron Wave"],"picked":"Inflame","floor":18},{"not_picked":["Havoc","Entrench"],"picked":"Dropkick","floor":19},{"not_picked":["Thunderclap","Clash"],"picked":"Headbutt+1","floor":20},{"not_picked":["Second Wind+1","Combust"],"picked":"Shrug It Off+1","floor":21},{"not_picked":["Heavy Blade+1","Dark Embrace"],"picked":"Clash","floor":22}],"player_experience":215753,"relics_obtained":[{"floor":6,"key":"Self Forming Clay"},{"floor":14,"key":"HornCleat"}],"event_choices":[{"damage_healed":0,"gold_gain":0,"player_choice":"Ignored","damage_taken":0,"max_hp_gain":0,"max_hp_loss":0,"event_name":"Golden Wing","floor":3,"gold_loss":0},{"damage_healed":0,"gold_gain":0,"player_choice":"2 cards matched","damage_taken":0,"max_hp_gain":0,"max_hp_loss":0,"event_name":"Match and Keep!","floor":4,"gold_loss":0,"cards_obtained":["Headbutt","Double Tap"]}],"is_beta":false,"boss_relics":[{"not_picked":["Runic Cube","Black Star"],"picked":"Mark of Pain"}],"items_purged_floors":[],"is_endless":false,"potions_floor_spawned":[5,7,11,13,18,20,22],"killed_by":"Book of Stabbing","ascension_level":0}}