{"host":"dhv3u8yhd2rnugsp","time":1614100980,"event":{"mods":["100% Spire Juice","BaseMod","Block Reminder","Colored Map","Googly Eyes","Highlight Path","Minty Spire (QoL Compilation)","Permanent Neow","Quick Restart","Random Character Button","StSLib"],"gold_per_floor":[116,191,191,31,31,31,66,83,83,115,115,135,163,173,173,245,245,255,268,268,165,165,195,195,195,195,221,221,241,241,270,270,347,347,361,407,425,441,19,19,53,53,53,78,78,94,109,141,141,141,141],"floor_reached":50,"language":"ENG","playtime":3399,"items_purged":["Strike_G"],"score":1273,"play_id":"758265d0-5c4d-419b-987f-a20c01385e19","local_time":"20210223112300","is_ascension_mode":true,"campfire_choices":[{"data":"Deadly Poison","floor":6,"key":"SMITH"},{"data":"Blade Dance","floor":11,"key":"SMITH"},{"data":"Footwork","floor":15,"key":"SMITH"},{"data":"After Image","floor":25,"key":"SMITH"},{"data":"Ghostly","floor":28,"key":"SMITH"},{"data":"Ghostly","floor":30,"key":"SMITH"},{"data":"Ghostly","floor":32,"key":"SMITH"},{"floor":40,"key":"RECALL"},{"data":"Noxious Fumes","floor":42,"key":"SMITH"},{"floor":49,"key":"DIG"}],"circlet_count":0,"master_deck":["AscendersBane","Strike_G+1","Strike_G+1","Strike_G+1","Defend_G+1","Defend_G+1","Defend_G+1","Defend_G+1","Survivor","Neutralize+1","Deadly Poison+1","All Out Attack+1","Blade Dance+1","Cloak And Dagger","Footwork+1","Escape Plan","After Image+1","Cloak And Dagger","Ghostly+1","Ghostly+1","Ghostly+1","Prepared+1","Caltrops","Backflip+1","Glass Knife","Phantasmal Killer+1","Corpse Explosion+1","Bouncing Flask+1","Noxious Fumes+1","Predator","Flash of Steel","Dagger Spray+1","Secret Weapon","Mayhem","Madness"],"relics":["Ring of the Snake","Bag of Preparation","Lee\u0027s Waffle","Mango","Boot","Eternal Feather","Kunai","Peace Pipe","Busted Crown","Sundial","Smiling Mask","Whetstone","War Paint","Astrolabe","Torii","Snake Skull","TwistedFunnel","Vajra","Shovel","Pantograph","Letter Opener"],"acts_visited":["Exordium","TheCity","TheBeyond"],"potions_floor_usage":[7,10,10,16,23,31,50,50],"damage_taken":[{"damage":0,"enemies":"2 Louse","floor":1,"turns":6},{"damage":16,"enemies":"3 Sentries","floor":7,"turns":10},{"damage":0,"enemies":"Small Slimes","floor":8,"turns":3},{"damage":12,"enemies":"Lagavulin","floor":10,"turns":6},{"damage":1,"enemies":"Jaw Worm","floor":12,"turns":2},{"damage":35,"enemies":"Gremlin Nob","floor":13,"turns":4},{"damage":6,"enemies":"3 Louse","floor":14,"turns":2},{"damage":8,"enemies":"Hexaghost","floor":16,"turns":10},{"damage":0,"enemies":"Chosen","floor":18,"turns":5},{"damage":10,"enemies":"Spheric Guardian","floor":19,"turns":6},{"damage":19,"enemies":"Slavers","floor":23,"turns":7},{"damage":0,"enemies":"Book of Stabbing","floor":27,"turns":6},{"damage":0,"enemies":"Centurion and Healer","floor":29,"turns":8},{"damage":3,"enemies":"Gremlin Leader","floor":31,"turns":8},{"damage":29,"enemies":"Champ","floor":33,"turns":19},{"damage":6,"enemies":"3 Darklings","floor":35,"turns":4},{"damage":17,"enemies":"2 Orb Walkers","floor":36,"turns":6},{"damage":0,"enemies":"3 Shapes","floor":37,"turns":5},{"damage":0,"enemies":"Writhing Mass","floor":38,"turns":6},{"damage":0,"enemies":"Nemesis","floor":41,"turns":7},{"damage":0,"enemies":"Mind Bloom Boss Battle","floor":44,"turns":5},{"damage":1,"enemies":"Sphere and 2 Shapes","floor":46,"turns":5},{"damage":0,"enemies":"Maw","floor":47,"turns":6},{"damage":1,"enemies":"Reptomancer","floor":48,"turns":6},{"damage":50,"enemies":"Awakened One","floor":50,"turns":12}],"seed_played":"8550416738901866487","potions_obtained":[{"floor":1,"key":"Fire Potion"},{"floor":7,"key":"Weak Potion"},{"floor":8,"key":"SteroidPotion"},{"floor":13,"key":"SkillPotion"},{"floor":18,"key":"BlessingOfTheForge"},{"floor":23,"key":"DuplicationPotion"},{"floor":33,"key":"Strength Potion"},{"floor":37,"key":"Strength Potion"},{"floor":41,"key":"ColorlessPotion"},{"floor":44,"key":"GamblersBrew"}],"is_trial":false,"path_per_floor":["M","?","?","$","?","R","E","M","T","E","R","M","E","M","R","B",null,"M","M","?","$","?","E","?","R","T","E","R","M","R","E","R","B",null,"M","?","M","M","$","R","E","R","T","?","?","M","M","E","R","B"],"character_chosen":"THE_SILENT","items_purchased":["Lee\u0027s Waffle","Prepared","Snake Skull","TwistedFunnel","Flash of Steel"],"campfire_rested":0,"item_purchase_floors":[4,21,39,39,39],"current_hp_per_floor":[59,48,28,73,69,69,53,53,53,41,50,49,14,8,20,12,68,68,58,43,43,43,24,24,39,39,39,43,43,43,40,43,14,36,30,13,13,13,13,31,31,43,43,43,33,32,32,31,43,0,0],"gold":141,"neow_bonus":"RANDOM_COMMON_RELIC","is_daily":false,"chose_seed":false,"campfire_upgraded":8,"win_rate":0.0,"timestamp":1614100980,"path_taken":["M","?","?","$","?","R","E","M","T","E","R","M","E","M","R","BOSS","M","M","?","$","?","E","?","R","T","E","R","M","R","E","R","BOSS","M","?","M","M","$","R","E","R","T","?","?","M","M","E","R","BOSS"],"items_purchased_type":["Relic","Card","Relic","Relic","Card"],"build_version":"2020-12-22","purchased_purges":1,"victory":false,"max_hp_per_floor":[66,66,66,73,87,87,87,87,87,87,87,87,87,87,87,87,87,87,87,43,43,43,43,43,43,43,43,43,43,43,43,43,43,43,43,43,43,43,43,43,43,43,43,43,43,43,43,43,43,43,43],"card_choices":[{"not_picked":["Footwork","Sucker Punch"],"picked":"Deadly Poison","floor":1},{"not_picked":["Accuracy","Dagger Spray"],"picked":"All Out Attack","floor":7},{"not_picked":["Flying Knee","Dagger Spray"],"picked":"Blade Dance","floor":8},{"not_picked":["Acrobatics","Grand Finale"],"picked":"Cloak And Dagger","floor":10},{"not_picked":["Quick Slash","Deflect"],"picked":"Footwork","floor":12},{"not_picked":["Underhanded Strike","Catalyst"],"picked":"Escape Plan","floor":13},{"not_picked":["Footwork","Endless Agony"],"picked":"Crippling Poison","floor":14},{"not_picked":["Grand Finale","Phantasmal Killer"],"picked":"After Image","floor":16},{"not_picked":["Outmaneuver"],"picked":"SKIP","floor":18},{"not_picked":[],"picked":"Cloak And Dagger","floor":19},{"not_picked":[],"picked":"Caltrops","floor":23},{"not_picked":[],"picked":"Backflip","floor":27},{"not_picked":["Dodge and Roll"],"picked":"SKIP","floor":29},{"not_picked":["Caltrops"],"picked":"SKIP","floor":31},{"not_picked":[],"picked":"Glass Knife","floor":33},{"not_picked":["Tactician"],"picked":"SKIP","floor":35},{"not_picked":[],"picked":"Noxious Fumes","floor":37},{"not_picked":[],"picked":"Predator","floor":38},{"not_picked":[],"picked":"Dagger Spray+1","floor":41},{"not_picked":[],"picked":"Secret Weapon","floor":45},{"not_picked":[],"picked":"Mayhem","floor":45},{"not_picked":[],"picked":"Madness","floor":45},{"not_picked":["Dagger Spray"],"picked":"SKIP","floor":46},{"not_picked":["Footwork"],"picked":"SKIP","floor":47},{"not_picked":["Bane"],"picked":"SKIP","floor":48}],"player_experience":1663737,"relics_obtained":[{"floor":7,"key":"Boot"},{"floor":9,"key":"Eternal Feather"},{"floor":10,"key":"Kunai"},{"floor":13,"key":"Peace Pipe"},{"floor":23,"key":"Sundial"},{"floor":26,"key":"Smiling Mask"},{"floor":27,"key":"Whetstone"},{"floor":31,"key":"War Paint"},{"floor":36,"key":"Torii"},{"floor":41,"key":"Vajra"},{"floor":44,"key":"Shovel"},{"floor":48,"key":"Pantograph"},{"floor":49,"key":"Letter Opener"}],"event_choices":[{"damage_healed":0,"gold_gain":75,"player_choice":"Gather Gold","damage_taken":11,"max_hp_gain":0,"max_hp_loss":0,"event_name":"World of Goop","floor":2,"gold_loss":0},{"damage_healed":0,"gold_gain":0,"player_choice":"Entered Light","damage_taken":20,"max_hp_gain":0,"max_hp_loss":0,"event_name":"Shining Light","floor":3,"gold_loss":0,"cards_upgraded":["Strike_G","Strike_G"]},{"damage_healed":0,"gold_gain":0,"player_choice":"Success","damage_taken":18,"relics_obtained":["Mango"],"max_hp_gain":0,"max_hp_loss":0,"event_name":"Scrap Ooze","floor":5,"gold_loss":0},{"damage_healed":0,"gold_gain":0,"player_choice":"Became a Ghost","damage_taken":0,"max_hp_gain":0,"max_hp_loss":44,"event_name":"Ghosts","floor":20,"gold_loss":0,"cards_obtained":["Ghostly","Ghostly","Ghostly"]},{"damage_healed":0,"gold_gain":0,"player_choice":"Ignored","damage_taken":0,"max_hp_gain":0,"max_hp_loss":0,"event_name":"Vampires","floor":22,"gold_loss":0},{"damage_healed":0,"gold_gain":0,"player_choice":"Simplicity","damage_taken":0,"max_hp_gain":0,"max_hp_loss":0,"event_name":"Back to Basics","floor":24,"gold_loss":0,"cards_upgraded":["Strike_G","Strike_G","Defend_G","Defend_G","Defend_G","Defend_G","Defend_G"]},{"damage_healed":0,"gold_gain":0,"player_choice":"Fight","damage_taken":0,"max_hp_gain":0,"max_hp_loss":0,"event_name":"Mysterious Sphere","floor":36,"gold_loss":0},{"damage_healed":0,"gold_gain":0,"player_choice":"Fight","damage_taken":0,"max_hp_gain":0,"max_hp_loss":0,"event_name":"MindBloom","floor":44,"gold_loss":0},{"damage_healed":0,"gold_gain":0,"player_choice":"Memory 3","damage_taken":10,"max_hp_gain":0,"max_hp_loss":0,"event_name":"SensoryStone","floor":45,"gold_loss":0}],"is_beta":false,"boss_relics":[{"not_picked":["SlaversCollar","Black Star"],"picked":"Busted Crown"},{"not_picked":["Sozu","Runic Dome"],"picked":"Astrolabe"}],"items_purged_floors":[21],"is_endless":false,"potions_floor_spawned":[1,7,8,13,18,23,33,37,41,44,47,48],"killed_by":"Awakened One","ascension_level":20}}