{"host":"ekyl8r8j8fco3zlk","time":1614093311,"event":{"mods":["Act Like it!","Arknights","BaseMod","CapriCore","Dota2Spire","Friendly Minions","Gensokyo","GifTheSpireLib","Library of Ruina","Marisa（霧雨　魔理沙）","Minty Spire (QoL Compilation)","READ ME - Guardian Mod","Reimu（博???）","StSLib","The Alterego","The Animator","The Immortal","TheWitcher","Waifu the Spire","WarShipGirlsR/??少女R mod","Yakumo Yukari mod","【?物卡牌】REMEMod"],"gold_per_floor":[115,115,80,92,107,107,133,112,112,112,112,112,112,136,136,260,260,276,301,324,324,349,349,349,349,375,408,100,124,140,163,163,291,291,307,307,323,343,358,389,389,422,469,66,85,103,128,171,171,171,171,171,71,110,110],"floor_reached":56,"language":"ZHS","playtime":2712,"items_purged":["LightAttack","Parasite"],"score":1336,"play_id":"5eba6426-30aa-490c-9fb0-f9c3f08d2cdb","local_time":"20210223231511","is_ascension_mode":false,"campfire_choices":[{"data":"ChargeUp","floor":6,"key":"SMITH"},{"floor":12,"key":"REST"},{"data":"BiXi","floor":15,"key":"SMITH"},{"data":"SenseQuarry","floor":23,"key":"SMITH"},{"data":"SweepTheBackstreets","floor":25,"key":"SMITH"},{"data":"Dodge","floor":32,"key":"SMITH"},{"data":"DaringDecision","floor":41,"key":"SMITH"},{"floor":49,"key":"RECALL"},{"data":"Observe","floor":52,"key":"SMITH"}],"circlet_count":0,"master_deck":["Dodge+1","LightAttack","LightDefense","LightDefense","ChargeAndCover","FocusedStrikes","ChargeUp+1","YoureAHindrance","HighKick","Diversion","Pound","BiXi+1","SenseQuarry+1","BindingArms+1","SweepTheBackstreets+1","SharpSwipe+1","Juggling+1","SharpNails+1","OpportunitySpotted+1","Faith+1","DaringDecision+1","BlowItUp","Endure","Observe+1","YoureTooSlow","StayCalm+1","IronWall+1","BindingChains","Multislash+1"],"relics":["PageOfLibrarian","REME_ComplimentaryCards","Dota2Spire:AssaultCuirass","Meat on the Bone","PageOfMercenary","Golden Idol","PageOfScarecrow","Dota2Spire:RefresherOrb","MutagenicStrength","Centennial Puzzle","Dota2Spire:CrimsonGuard","PageOfPunishingBird","Empty Cage","Dota2Spire:HeartOfTarrasque","Mercury Hourglass","Dota2Spire:MonkeyKingBar","Dota2Spire:DivineRapier","Dota2Spire:MaskOfMadness"],"acts_visited":["Exordium","TheCity","TheBeyond","TheEnding"],"potions_floor_usage":[27,27,33,40,50,55,55,55],"damage_taken":[{"damage":0,"enemies":"Cultist","floor":1,"turns":3},{"damage":0,"enemies":"2 Louse","floor":4,"turns":4},{"damage":0,"enemies":"Jaw Worm","floor":5,"turns":3},{"damage":21,"enemies":"Lagavulin","floor":7,"turns":6},{"damage":0,"enemies":"2 Fungi Beasts","floor":14,"turns":3},{"damage":8,"enemies":"Slime Boss","floor":16,"turns":7},{"damage":12,"enemies":"Shell Parasite","floor":18,"turns":4},{"damage":0,"enemies":"2 Thieves","floor":19,"turns":2},{"damage":9,"enemies":"Shelled Parasite and Fungi","floor":20,"turns":3},{"damage":3,"enemies":"Centurion and Healer","floor":22,"turns":5},{"damage":7,"enemies":"Book of Stabbing","floor":27,"turns":4},{"damage":0,"enemies":"Snecko","floor":29,"turns":2},{"damage":10,"enemies":"Sentry and Sphere","floor":30,"turns":4},{"damage":0,"enemies":"Chosen and Byrds","floor":31,"turns":4},{"damage":9,"enemies":"Collector","floor":33,"turns":6},{"damage":0,"enemies":"Orb Walker","floor":35,"turns":2},{"damage":20,"enemies":"3 Shapes","floor":37,"turns":4},{"damage":16,"enemies":"Spire Growth","floor":38,"turns":3},{"damage":7,"enemies":"3 Darklings","floor":39,"turns":2},{"damage":27,"enemies":"Nemesis","floor":40,"turns":6},{"damage":44,"enemies":"Giant Head","floor":42,"turns":8},{"damage":3,"enemies":"Writhing Mass","floor":45,"turns":4},{"damage":7,"enemies":"4 Shapes","floor":46,"turns":4},{"damage":0,"enemies":"Transient","floor":47,"turns":5},{"damage":29,"enemies":"Reptomancer","floor":48,"turns":5},{"damage":23,"enemies":"Time Eater","floor":50,"turns":6},{"damage":57,"enemies":"Shield and Spear","floor":54,"turns":5},{"damage":53,"enemies":"The Heart","floor":55,"turns":6}],"seed_played":"-5250710380325794821","potions_obtained":[{"floor":7,"key":"FearPotion"},{"floor":20,"key":"Block Potion"},{"floor":22,"key":"ZuzhouPotion:ReiMu"},{"floor":27,"key":"PowerPotion"},{"floor":29,"key":"Weak Potion"},{"floor":33,"key":"Weak Potion"},{"floor":46,"key":"SkillPotion"},{"floor":47,"key":"SteroidPotion"},{"floor":54,"key":"Regen Potion"}],"is_trial":false,"path_per_floor":["M","?","?","M","M","R","E","?","T","?","?","R","T","M","R","B",null,"M","M","M","?","M","R","?","R","T","E","$","M","M","M","R","B",null,"M","?","M","M","M","E","R","E","T","$","M","M","M","E","R","B",null,"R","$","E","B",null],"character_chosen":"Librarian","items_purchased":["PageOfPunishingBird","Dota2Spire:MonkeyKingBar","YoureTooSlow"],"campfire_rested":1,"item_purchase_floors":[28,44,44],"current_hp_per_floor":[42,24,41,41,41,41,20,20,20,20,20,39,39,39,39,41,73,61,61,58,58,60,60,60,60,60,62,62,65,59,65,65,58,65,65,65,49,44,40,53,53,48,48,48,61,62,73,52,52,67,73,73,70,29,42],"gold":110,"neow_bonus":"THREE_RARE_CARDS","is_daily":false,"chose_seed":false,"campfire_upgraded":7,"win_rate":0.0,"timestamp":1614093311,"path_taken":["M","?","?","M","M","R","E","?","T","?","?","R","?","M","R","BOSS","M","M","M","?","?","R","?","R","T","E","$","M","M","M","R","BOSS","M","?","M","M","M","E","R","E","T","$","M","?","M","E","R","BOSS","R","$","E","BOSS"],"items_purchased_type":["Relic","Relic","Card"],"build_version":"2020-12-22","purchased_purges":2,"victory":true,"max_hp_per_floor":[70,70,70,70,70,70,70,70,70,70,65,65,65,65,65,73,73,81,81,65,65,65,65,65,65,65,65,65,65,65,65,65,65,65,65,65,65,65,65,73,73,73,73,73,73,73,73,73,73,73,73,73,70,70,70],"card_choices":[{"not_picked":["Tttonst","MindCrush"],"picked":"ChargeUp","floor":0},{"not_picked":["FieryDragonSlash","SilentNight","GrazeTheGrass","ToOvercomeCrisis","StrongStrike","FierceCharge","SunsetBlade","HandlingWork"],"picked":"YoureAHindrance","floor":1},{"not_picked":["SunsetBlade","GuidanceOfTheGears","TendonChords","Suppress","CookingPrep","Feast","NonstopAssault","Reload"],"picked":"HighKick","floor":4},{"not_picked":["ToOvercomeCrisis","DefenseOrder","Thrust","Collision","Faith","SpearedSweep","FleetEdge","FrontalAssault"],"picked":"Diversion","floor":5},{"not_picked":["QuickAttack","DarkCloud","SinglePointStab","Struggle","WillOfThePrescript","Mutilate","Suppress","Outburst"],"picked":"Pound","floor":7},{"not_picked":["CoordinatedAssault","ToOvercomeCrisis","RapidGashes","Execute_lor","InkOver","DirtyBlow","Wallop_lor","Faith"],"picked":"BiXi","floor":14},{"not_picked":["GoinFirst","WillProduceFineSilk"],"picked":"SenseQuarry","floor":16},{"not_picked":["SinglePointStab+1","Pound","ClassAndRespect","HandleRequest","SmokingPipe","SilentNight","HiddenBlade","StructuralAnalysis"],"picked":"BindingArms+1","floor":18},{"not_picked":["StructuralAnalysis","WrathOfTorment","Quickness+1","DarkCloud","DefenseOrder","YouOnlyLiveOnce","DirtyBlow","InhaleSmoke"],"picked":"SweepTheBackstreets","floor":19},{"not_picked":["Disposal","VenomousFangs+1","DesperateStruggle","Duel_lor+1","EnergyCycle","ClassAndRespect","FeelinGood","FlyingSword+1"],"picked":"SharpSwipe+1","floor":20},{"not_picked":["MultiHit","AutonomousRush","UncannyStrike","Tailoring","IdentifyWeakpoint","DimensionalRift","Reload","Overcharge","JiaoTu"],"picked":"SKIP","floor":22},{"not_picked":["SharpSwipe","WillOfThePrescript","BoundaryOfDeath","GuidanceOfTheGears+1","BackAttack","LoosenUp","Pound","SpearedSweep+1"],"picked":"Juggling+1","floor":27},{"not_picked":["TimeForALittleTest","Bvapour+1","SmokingPipe","EnergyCycle","Track+1","Reload","StructuralAnalysis","AssaultOrder+1"],"picked":"SharpNails+1","floor":29},{"not_picked":["StrikeDown+1","WildCard","MultiHit","QuickSuppression","FleetFootsteps","Parry","UpbeatPerformance+1","MindPrepared"],"picked":"OpportunitySpotted+1","floor":30},{"not_picked":["Reload","DarkCloud","Pound","RushDown+1","RagingStormLove","YouOnlyLiveOnce+1","Collision","LawAndOrder"],"picked":"Faith+1","floor":31},{"not_picked":["Decapitation","BlazingStrike"],"picked":"DaringDecision","floor":33},{"not_picked":["Parry2","ToOvercomeCrisis","Cruelty","SinglePointStab","ClassAndRespect+1","GuardingStance","DarkCloud+1","HardRehearsal"],"picked":"BlowItUp","floor":35},{"not_picked":["Outburst","AutomatedMovement+1","Thrust+1","Fence","GuardingStance","Leap_lor","QuickAttack","HandleRequest+1"],"picked":"Endure","floor":37},{"not_picked":["EndlessBattle+1","MultiHit+1","ShockRound+1","FleetEdge","JiaoTu+1","ShrineToMusic","Decapitation","ViolentFlame","NightInTheBackstreets"],"picked":"SKIP","floor":38},{"not_picked":["ToOvercomeCrisis","DarkCloud+1","Pound","GreatSerpentsImpact+1","AlloutWar+1","Outburst+1","Concentration+1","Wallop_lor","SerpentSwordTechnique"],"picked":"SKIP","floor":39},{"not_picked":["CircusKnives+1","Track","SturdyDefense+1","EnergyBeam","Reload+1","BurningFlash","StructuralAnalysis+1","EndlessBattle+1"],"picked":"Observe","floor":40},{"not_picked":["Faith","ViolentFlame+1","SharpenedBlade+1","SerpentineBarrier","UndertakePrescript","EndlessBattle","SerpentSwordTechnique+1","Parry","InnerArdor+1"],"picked":"SKIP","floor":42},{"not_picked":["DirtyBlow+1","AutonomousRush+1","ExtractFuel","Parry2","EndlessBattle+1","QuickAttack+1","FleetFootsteps+1","ClassAndRespect+1"],"picked":"StayCalm+1","floor":45},{"not_picked":["WillOfThePrescript","BackAttack","ProselytesBlade","Thrust","Rewind+1","PreemptiveStrike+1","Leap_lor+1","InnerArdor"],"picked":"IronWall+1","floor":46},{"not_picked":["Diversion+1","WildCard","Clone+1","PinpointShot","DarkCloud+1","Standoff+1","TheArtOfRapidSteps","GrazeTheGrass"],"picked":"BindingChains","floor":47},{"not_picked":["CrackOfDawn","ShockRound","EnergyStrike","ShrineToMusic+1","Overpower+1","FieryDragonSlash+1","Outburst","ForcefulGesture+1"],"picked":"Multislash+1","floor":48},{"not_picked":["GroundSmash","QuickAttack+1","Slice_lor+1","PreemptiveStrike+1","HighKick+1","Parry","Brawl+1","Standoff","SinglePointStab+1"],"picked":"SKIP","floor":54}],"player_experience":706298,"relics_obtained":[{"floor":7,"key":"Meat on the Bone"},{"floor":9,"key":"PageOfMercenary"},{"floor":13,"key":"PageOfScarecrow"},{"floor":26,"key":"Centennial Puzzle"},{"floor":27,"key":"Dota2Spire:CrimsonGuard"},{"floor":40,"key":"Dota2Spire:HeartOfTarrasque"},{"floor":42,"key":"Mercury Hourglass"},{"floor":48,"key":"Dota2Spire:DivineRapier"},{"floor":54,"key":"Dota2Spire:MaskOfMadness"}],"event_choices":[{"damage_healed":0,"gold_gain":0,"player_choice":"Success","damage_taken":18,"relics_obtained":["Dota2Spire:AssaultCuirass"],"max_hp_gain":0,"max_hp_loss":0,"event_name":"Scrap Ooze","floor":2,"gold_loss":0},{"damage_healed":17,"gold_gain":0,"player_choice":"Healed","damage_taken":0,"max_hp_gain":0,"max_hp_loss":0,"event_name":"The Cleric","floor":3,"gold_loss":35},{"damage_healed":0,"gold_gain":0,"player_choice":"Left Gold","damage_taken":0,"max_hp_gain":0,"max_hp_loss":0,"event_name":"World of Goop","floor":8,"gold_loss":21},{"damage_healed":0,"gold_gain":0,"player_choice":"Ignored","damage_taken":0,"max_hp_gain":0,"max_hp_loss":0,"event_name":"Shining Light","floor":10,"gold_loss":0},{"damage_healed":0,"gold_gain":0,"player_choice":"Lose Max HP","damage_taken":0,"relics_obtained":["Golden Idol"],"max_hp_gain":0,"max_hp_loss":5,"event_name":"Golden Idol","floor":11,"gold_loss":0},{"damage_healed":0,"gold_gain":0,"player_choice":"Ignored","damage_taken":0,"max_hp_gain":0,"max_hp_loss":0,"event_name":"NoteForYourself","floor":21,"gold_loss":0},{"damage_healed":0,"gold_gain":0,"player_choice":"Inject Mutagens","damage_taken":0,"relics_obtained":["MutagenicStrength"],"max_hp_gain":0,"max_hp_loss":0,"event_name":"Drug Dealer","floor":24,"gold_loss":0},{"cards_removed":["LightDefense"],"damage_healed":0,"gold_gain":0,"player_choice":"Purged","damage_taken":0,"max_hp_gain":0,"max_hp_loss":0,"event_name":"Purifier","floor":36,"gold_loss":0}],"is_beta":false,"boss_relics":[{"not_picked":["PageOfBlackSwan","SacredBark"],"picked":"Dota2Spire:RefresherOrb"},{"not_picked":["Snecko Eye","REME_ChargedStone"],"picked":"Empty Cage"}],"items_purged_floors":[44,53],"is_endless":false,"potions_floor_spawned":[7,20,22,27,29,33,37,39,46,47,54],"ascension_level":0}}