{"host":"k7m72kgq8xdir5ne","time":1614074480,"event":{"mods":["ATMod(阿瑾Mod)","AchievementEnabler","Act Like it!","BaseMod","Friendly Minions","Gensokyo","LagranYue(拉格朗・月)","Minty Spire (QoL Compilation)","Quick Restart","Reliquary","RumiaBox-露米娅的神秘盒子","Shop Mod","Spicy Shops","StSLib","SuperFastMode","TestMod","TheSwordswoman","Yakumo Yukari mod","Youmu（魂魄妖梦）","【功能Mod】Neow奖励","【功能Mod】混沌之环修复补丁","篝火指南"],"gold_per_floor":[419,369,386,386,400,325,325,325,379,405,416,432,458,469,469,456,456,466,466,466,492,509,564,557,557,581,611,526,538,587,601,501,580,580,622,622,497,551,591,621,621,631,631,631,639,651,658,673,523,477,477,302,102,133,133],"floor_reached":56,"language":"ZHS","playtime":1605,"items_purged":["Strike_P","Defend_P","Writhe","AT_SoftenMuscles","BowlingBash","EmptyBody"],"score":2247,"play_id":"ac0392be-901b-4c2d-a9bd-73d35d076861","local_time":"20210223180120","is_ascension_mode":true,"campfire_choices":[{"floor":15.0,"key":"RECALL"},{"data":"Omniscience","floor":41.0,"key":"SMITH"}],"circlet_count":0,"master_deck":["Defend_P+1","Eruption+1","Vigilance+1","AT_WindFlip","AT_DivineConfetti","AT_WindFlip","PathToVictory","InnerPeace","Blasphemy","Omniscience+1","Wish","AT_RealColorLess","AT_DivineConfetti","DeusExMachina","AT_MachinaRedman"],"relics":["testmod-TestBox","AT_ATBox","LagranYue:RandomDrawCardRelic","testmod-GoldenSoul","reliquary:Craggleroot","AddBug","SecretRecord","Baka","SecretRecord","SecretRecord","SecretRecord","SecretRecord","SecretRecord"],"acts_visited":["Exordium","TheCity","TheBeyond","TheEnding"],"potions_floor_usage":[55,55,55],"damage_taken":[{"damage":0.0,"enemies":"2 Louse","floor":1.0,"turns":2.0},{"damage":0.0,"enemies":"Cultist","floor":3.0,"turns":2.0},{"damage":12.0,"enemies":"Small Slimes","floor":5.0,"turns":3.0},{"damage":4.0,"enemies":"Gremlin Nob","floor":10.0,"turns":2.0},{"damage":0.0,"enemies":"3 Louse","floor":11.0,"turns":2.0},{"damage":0.0,"enemies":"Exordium Thugs","floor":12.0,"turns":1.0},{"damage":0.0,"enemies":"Lagavulin","floor":13.0,"turns":2.0},{"damage":3.0,"enemies":"Looter","floor":14.0,"turns":1.0},{"damage":7.0,"enemies":"Hexaghost","floor":16.0,"turns":10.0},{"damage":0.0,"enemies":"Spheric Guardian","floor":18.0,"turns":1.0},{"damage":0.0,"enemies":"Shell Parasite","floor":21.0,"turns":2.0},{"damage":0.0,"enemies":"Snake Plant","floor":22.0,"turns":1.0},{"damage":1.0,"enemies":"Book of Stabbing","floor":23.0,"turns":4.0},{"damage":18.0,"enemies":"Snecko","floor":24.0,"turns":4.0},{"damage":0.0,"enemies":"Slavers","floor":27.0,"turns":1.0},{"damage":0.0,"enemies":"Centurion and Healer","floor":29.0,"turns":1.0},{"damage":0.0,"enemies":"Book of Stabbing","floor":30.0,"turns":3.0},{"damage":13.0,"enemies":"Shelled Parasite and Fungi","floor":31.0,"turns":2.0},{"damage":0.0,"enemies":"Automaton","floor":33.0,"turns":3.0},{"damage":0.0,"enemies":"Orb Walker","floor":35.0,"turns":2.0},{"damage":7.0,"enemies":"2 Orb Walkers","floor":38.0,"turns":2.0},{"damage":8.0,"enemies":"3 Darklings","floor":39.0,"turns":2.0},{"damage":23.0,"enemies":"Nemesis","floor":40.0,"turns":3.0},{"damage":0.0,"enemies":"Transient","floor":42.0,"turns":5.0},{"damage":5.0,"enemies":"Writhing Mass","floor":45.0,"turns":3.0},{"damage":4.0,"enemies":"Reptomancer","floor":46.0,"turns":3.0},{"damage":0.0,"enemies":"Spire Growth","floor":47.0,"turns":2.0},{"damage":0.0,"enemies":"3 Darklings","floor":48.0,"turns":1.0},{"damage":0,"enemies":"Time Eater","floor":50,"turns":4},{"damage":0,"enemies":"Shield and Spear","floor":54,"turns":1},{"damage":22,"enemies":"The Heart","floor":55,"turns":2}],"seed_played":"-7975019226043464112","potions_obtained":[{"floor":1.0,"key":"testmod-SpacePotion"},{"floor":5.0,"key":"SteroidPotion"},{"floor":12.0,"key":"testmod-SpacePotion"},{"floor":13.0,"key":"BlessingOfTheForge"},{"floor":16.0,"key":"LiquidMemories"},{"floor":27.0,"key":"SpeedPotion"},{"floor":29.0,"key":"SneckoOil"},{"floor":33.0,"key":"DuplicationPotion"},{"floor":35.0,"key":"DistilledChaos"},{"floor":42.0,"key":"Fire Potion"},{"floor":48.0,"key":"Strength Potion"}],"is_trial":false,"path_per_floor":["M","?","M","?","M","R","?","?","T","E","M","M","E","M","R","B",null,"M","?","?","M","M","E","M","?","T","E","?","M","E","M","R","B",null,"M","?","$","?","M","E","R","M","T","?","M","E","M","M","R","B",null,"R","$","E","B",null],"character_chosen":"WATCHER","items_purchased":[],"campfire_rested":0,"item_purchase_floors":[],"current_hp_per_floor":[36,36,36,36,24,24,17,16,16,12,12,12,12,9,9,2,39,39,39,39,39,39,38,20,20,20,20,20,20,20,7,7,7,39,39,39,39,32,24,1,1,10,10,10,5,1,1,1,1,1,39,39,39,39,17],"gold":133,"neow_bonus":"BOSS_RELIC","is_daily":false,"chose_seed":false,"campfire_upgraded":1,"win_rate":0.0,"timestamp":1614074480,"path_taken":["M","?","M","?","?","R","?","?","T","E","M","M","E","M","R","BOSS","M","?","?","?","M","E","M","?","T","E","?","M","E","M","R","BOSS","M","?","?","?","M","E","R","M","T","?","M","E","?","M","R","BOSS","R","$","E","BOSS"],"items_purchased_type":[],"build_version":"2020-12-22","purchased_purges":6,"victory":true,"max_hp_per_floor":[36,36,36,36,36,36,36,36,36,36,36,36,36,39,39,39,39,39,39,39,39,39,39,39,39,39,39,39,39,39,39,39,39,39,39,39,39,39,39,39,39,39,39,39,39,39,39,39,39,39,39,39,39,39,39],"card_choices":[{"not_picked":["Protect","Swivel"],"picked":"AT_DivineConfetti","floor":1.0},{"not_picked":["SashWhip","BattleHymn"],"picked":"BowlingBash","floor":3.0},{"not_picked":["SashWhip","ThirdEye","Crescendo"],"picked":"SKIP","floor":5.0},{"not_picked":["FollowUp","LessonLearned"],"picked":"PathToVictory","floor":10.0},{"not_picked":["WheelKick","Conclude","JustLucky"],"picked":"SKIP","floor":11.0},{"not_picked":["WheelKick","Conclude","JustLucky"],"picked":"SKIP","floor":11.0},{"not_picked":["Crescendo","MentalFortress"],"picked":"InnerPeace","floor":12.0},{"not_picked":["CutThroughFate","ForeignInfluence"],"picked":"Blasphemy","floor":13.0},{"not_picked":["Crescendo","WindmillStrike","SandsOfTime"],"picked":"SKIP","floor":14.0},{"not_picked":["Wish","Blasphemy"],"picked":"Omniscience","floor":16.0},{"not_picked":["SashWhip","DeceiveReality","BowlingBash+1"],"picked":"SKIP","floor":18.0},{"not_picked":["WheelKick","Weave+1"],"picked":"EmptyBody","floor":21.0},{"not_picked":["BattleHymn+1","FollowUp"],"picked":"AT_SoftenMuscles","floor":22.0},{"not_picked":["InnerPeace","Halt"],"picked":"DeusExMachina","floor":23.0},{"not_picked":["Protect+1","WheelKick+1","Consecrate"],"picked":"SKIP","floor":24.0},{"not_picked":["FlurryOfBlows","AT_DivineConfetti","Evaluate"],"picked":"SKIP","floor":27.0},{"not_picked":["ClearTheMind","AT_OneInchPunch","Evaluate"],"picked":"SKIP","floor":29.0},{"not_picked":["Weave+1","Blasphemy","EmptyBody"],"picked":"SKIP","floor":30.0},{"not_picked":["Indignation","ThirdEye","SashWhip"],"picked":"SKIP","floor":31.0},{"not_picked":["Wish","DeusExMachina"],"picked":"AT_MachinaRedman","floor":33.0},{"not_picked":["Halt","Crescendo","EmptyBody"],"picked":"SKIP","floor":35.0},{"not_picked":["FlyingSleeves","InnerPeace","Collect"],"picked":"SKIP","floor":39.0},{"not_picked":["SandsOfTime","WindmillStrike+1","Wallop"],"picked":"SKIP","floor":40.0},{"not_picked":["LikeWater","FollowUp+1","Prostrate"],"picked":"SKIP","floor":42.0},{"not_picked":["ThirdEye+1","Evaluate","MentalFortress"],"picked":"SKIP","floor":45.0},{"not_picked":["Consecrate+1","ClearTheMind+1","WindmillStrike"],"picked":"SKIP","floor":46.0},{"not_picked":["BattleHymn","Halt","Meditate+1"],"picked":"SKIP","floor":47.0},{"not_picked":["Consecrate","Nirvana","PathToVictory+1"],"picked":"SKIP","floor":48.0},{"not_picked":["Establishment","EmptyFist+1","EmptyBody+1"],"picked":"SKIP","floor":54}],"player_experience":94062,"relics_obtained":[{"floor":1.0,"key":"AddBug"},{"floor":1.0,"key":"Baka"},{"floor":9.0,"key":"reliquary:Spinner"},{"floor":10.0,"key":"GodSword6"},{"floor":13.0,"key":"testmod-Motorcycle"},{"floor":21.0,"key":"SecretRecord"},{"floor":23.0,"key":"SecretRecord"},{"floor":23.0,"key":"AT_ForceNature"},{"floor":27.0,"key":"White Beast Statue"},{"floor":29.0,"key":"SecretRecord"},{"floor":30.0,"key":"Juzu Bracelet"},{"floor":38.0,"key":"Ginger"},{"floor":39.0,"key":"SecretRecord"},{"floor":40.0,"key":"Toy Ornithopter"},{"floor":43.0,"key":"Toxic Egg 2"},{"floor":46.0,"key":"Bronze Scales"},{"floor":48.0,"key":"SecretRecord"},{"floor":54,"key":"Art of War"}],"event_choices":[{"cards_removed":["Strike_P"],"damage_healed":0.0,"max_hp_gain":0.0,"max_hp_loss":0.0,"gold_gain":0.0,"event_name":"The Cleric","player_choice":"Card Removal","floor":2.0,"gold_loss":50.0,"damage_taken":0.0},{"cards_removed":["Strike_P"],"damage_healed":0.0,"max_hp_gain":0.0,"max_hp_loss":0.0,"gold_gain":0.0,"event_name":"Wheel of Change","player_choice":"Card Removal","floor":4.0,"gold_loss":0.0,"damage_taken":0.0},{"damage_healed":0.0,"max_hp_gain":0.0,"max_hp_loss":0.0,"gold_gain":0.0,"event_name":"Shining Light","player_choice":"Entered Light","floor":7.0,"gold_loss":0.0,"damage_taken":7.0,"cards_upgraded":["Defend_P","Vigilance"]},{"damage_healed":0.0,"max_hp_gain":0.0,"max_hp_loss":0.0,"gold_gain":0.0,"cards_transformed":["Defend_P","Defend_P"],"event_name":"Drug Dealer","player_choice":"Became Test Subject","floor":19.0,"gold_loss":0.0,"damage_taken":0.0,"cards_obtained":["Wish","AT_RealColorLess"]},{"damage_healed":0.0,"max_hp_gain":0.0,"max_hp_loss":0.0,"gold_gain":0.0,"event_name":"Duplicator","player_choice":"Copied","floor":20.0,"gold_loss":0.0,"damage_taken":0.0,"cards_obtained":["AT_DivineConfetti"]},{"damage_healed":0.0,"max_hp_gain":0.0,"max_hp_loss":0.0,"gold_gain":0.0,"event_name":"Addict","player_choice":"Obtained Relic","floor":28.0,"gold_loss":85.0,"damage_taken":0.0,"relics_obtained":["TeardropLocket"]},{"damage_healed":10.0,"max_hp_gain":0.0,"max_hp_loss":0.0,"gold_gain":0.0,"event_name":"Winding Halls","player_choice":"Writhe","floor":36.0,"gold_loss":0.0,"damage_taken":0.0,"cards_obtained":["Writhe"]},{"damage_healed":0.0,"max_hp_gain":0.0,"max_hp_loss":0.0,"gold_gain":0.0,"event_name":"Mysterious Sphere","player_choice":"Fight","floor":38.0,"gold_loss":0.0,"damage_taken":0.0},{"damage_healed":0.0,"max_hp_gain":0.0,"max_hp_loss":0.0,"gold_gain":0.0,"event_name":"The Woman in Blue","player_choice":"Bought 0 Potions","floor":44.0,"gold_loss":0.0,"damage_taken":0.0}],"is_beta":false,"boss_relics":[{"not_picked":["Runic Dome","reliquary:RedCape"],"picked":"Pandora\u0027s Box"},{"not_picked":["Cursed Key","Busted Crown"],"picked":"testmod-CardMagician"}],"items_purged_floors":[6,32,37,49,52,53],"is_endless":false,"potions_floor_spawned":[1,5,12,13,16,27,29,33,35,42,48,54],"ascension_level":4}}