{"host":"zmzacdglms6ret13","time":1614081262,"event":{"mods":["Act Like it!","BaseMod","Colored Map","Decade(王小明)","Downfall","Energized Spire","Hallownest","Highlight Path","Marisa（F雨　魔理沙）","Minty Spire (QoL Compilation)","MostiFishMod","Pale of the Ancients","Quick Restart","Replay The Spire","RumiaBox-露米娅的神秘盒子","SOS（斯巴达之子）","StSLib","Td1madao Mod","The Construct","The Cursed","The IronCluck","The Servant 0.9.4","Waifu the Spire","Warlord Emblem"],"gold_per_floor":[109,109,129,148,166,197,212,244,244,56,75,87,112,112,213,213,225,225,55,72,72,72,103,122,122,148,23,49,64,64,64,163,163,163,163],"floor_reached":34,"language":"ZHS","playtime":2830,"items_purged":["Strike_G","Strike_G","Defend_G"],"score":650,"play_id":"bfc78e70-300b-4dc7-a357-295cd1d2ebbc","local_time":"20210223195422","is_ascension_mode":true,"campfire_choices":[{"data":"MostiFishMod:Wind","floor":22,"key":"SMITH"},{"data":"Replay:Poison Smokescreen","floor":31,"key":"SMITH"}],"circlet_count":0,"master_deck":["Strike_G+1","Defend_G","Defend_G","Survivor","Neutralize","Backflip","Envenom","Noxious Fumes","Bane","MostiFishMod:PerfectParry","Poisoned Stab+1","Fluid Movement","Footwork","Toxin Wave","MostiFishMod:Wind+1","MostiFishMod:VineMother","Replay:Poison Smokescreen+1","Blur+1","MostiFishMod:ThornCasing+1"],"relics":["Ring of the Serpent","DaveBox","EGODaCapo","SynthV:TestCard","Hallownest:DreamNailRelic","Question Card","GodSword4","Iron Hammer","Pear","Whetstone","ReplayFunnel","Oddly Smooth Stone","Blue Candle","Replay:Drink Me"],"acts_visited":["Exordium","Hallownest:Greenpath","Hallownest:CityofTears"],"potions_floor_usage":[8,32],"damage_taken":[{"damage":1.0,"enemies":"Hallownest:2_Baldur","floor":1.0,"turns":4.0},{"damage":2.0,"enemies":"Hallownest:2_MossCreeps","floor":3.0,"turns":6.0},{"damage":1.0,"enemies":"Hallownest:monsterHuskGuard","floor":4.0,"turns":5.0},{"damage":4.0,"enemies":"Hallownest:monsterAspidMother","floor":5.0,"turns":11.0},{"damage":25.0,"enemies":"Hallownest:eliteMossKnight","floor":6.0,"turns":17.0},{"damage":3.0,"enemies":"Hallownest:monsterMossCharger","floor":7.0,"turns":6.0},{"damage":7,"enemies":"Hallownest:eliteCrystalGuardian","floor":8,"turns":5},{"damage":0,"enemies":"Hallownest:2_Tiktiks_1_Baldur_1_Crawlid","floor":11,"turns":4},{"damage":6,"enemies":"Hallownest:1_Ooma_and_2_Uuma","floor":12,"turns":8},{"damage":0,"enemies":"Hallownest:eliteVengeflyKing","floor":13,"turns":6},{"damage":0,"enemies":"Hallownest:BossBrokenVessel","floor":15,"turns":7},{"damage":8,"enemies":"Hallownest:Guard_and_Sentry","floor":17,"turns":5},{"damage":0,"enemies":"Hallownest:Flukemon_and_Top","floor":20,"turns":5},{"damage":24,"enemies":"Hallownest:eliteWatcherKnight","floor":23,"turns":11},{"damage":10,"enemies":"Hallownest:Master_and_Novice","floor":24,"turns":5},{"damage":11,"enemies":"Hallownest:eliteSoulWarrior","floor":26,"turns":8},{"damage":7,"enemies":"Hallownest:eliteWatcherKnight","floor":28,"turns":11},{"damage":0,"enemies":"Hallownest:3_Mistakes","floor":29,"turns":5},{"damage":0,"enemies":"Hallownest:BossSoulMaster","floor":32,"turns":7},{"damage":30,"enemies":"Hallownest:2_Littles","floor":34,"turns":3}],"seed_played":"-4901157065830592754","potions_obtained":[{"floor":1.0,"key":"PowerPotion"},{"floor":4.0,"key":"Energy Potion"},{"floor":7.0,"key":"Energy Potion"},{"floor":13,"key":"Cursed Concoction"},{"floor":15,"key":"Ancient Potion"},{"floor":24,"key":"Poison Potion"},{"floor":28,"key":"DuplicationPotion"},{"floor":32,"key":"Swift Potion"}],"is_trial":false,"path_per_floor":["M","?","M","M","M","E","M","E","T","$","M","M","E","?","B",null,"M","?","$","M","?","R","E","M","T","E","$","E","M","?","R","B",null,"M"],"character_chosen":"THE_SILENT","items_purchased":["Poisoned Stab","Fluid Movement","MostiFishMod:VineMother"],"campfire_rested":0,"item_purchase_floors":[10,10,19],"current_hp_per_floor":[76,76,74,73,69,44,41,34,34,34,34,28,38,38,38,87,79,79,79,79,75,75,51,41,41,30,30,23,23,18,18,18,66,36,36],"gold":163,"neow_bonus":"TEN_PERCENT_HP_BONUS","is_daily":false,"chose_seed":false,"campfire_upgraded":2,"win_rate":0.0,"timestamp":1614081262,"path_taken":["M","?","M","M","?","E","M","E","T","$","M","M","E","?","BOSS","M","?","$","?","?","R","E","?","T","E","$","E","M","?","R","BOSS","M"],"items_purchased_type":["Card","Card","Card"],"build_version":"2020-12-22","purchased_purges":3,"victory":false,"max_hp_per_floor":[77,77,77,77,77,77,77,77,77,77,77,77,87,87,87,87,87,87,87,87,87,87,87,87,87,87,87,87,87,87,87,87,66,66,66],"card_choices":[{"not_picked":["Flying Knee","Blade Dance","PiercingWail"],"picked":"SKIP","floor":1.0},{"not_picked":["ReplayTheSpireMod:The Works","Predator","Deflect","Dagger Throw"],"picked":"Backflip","floor":3.0},{"not_picked":["Dagger Throw","Sneak Up","Outmaneuver","Backflip","MostiFishMod:PerfectParry"],"picked":"SKIP","floor":4.0},{"not_picked":["Dagger Throw","Blade Dance","ReplayTheSpireMod:Shiv Toss","MostiFishMod:PerfectParry"],"picked":"Envenom","floor":5.0},{"not_picked":["Deflect","Flying Knee","Slice","Dodge and Roll"],"picked":"Noxious Fumes","floor":6.0},{"not_picked":["Caltrops","Quick Slash","Concentrate","Prepared","Riddle With Holes"],"picked":"Bane","floor":7.0},{"not_picked":["Backflip","Dodge and Roll","Outmaneuver","Sucker Punch","Blur"],"picked":"MostiFishMod:PerfectParry","floor":8},{"not_picked":["Toxin Wave","Acrobatics","Flying Knee","Eviscerate","Hidden Blade"],"picked":"Footwork","floor":11},{"not_picked":["Backstab","Riddle With Holes","PiercingWail","Cloak And Dagger","ReplayTheSpireMod:Tripwire"],"picked":"Toxin Wave","floor":12},{"not_picked":["Calculated Gamble","ReplayTheSpireMod:Tripwire","Flying Knee","ReplayTheSpireMod:Shiv Toss","Prepared","MostiFishMod:PreservedThorns"],"picked":"SKIP","floor":13},{"not_picked":["Atom Bomb","Wraith Form v2","MostiFishMod:Dislodge","Venomology","Glass Knife"],"picked":"MostiFishMod:Wind","floor":15},{"not_picked":["Deflect","Backstab","Dagger Spray","Slice+1","Caltrops+1","Riddle With Holes"],"picked":"SKIP","floor":17},{"not_picked":["Underhanded Strike+1","Blade Dance","ReplayTheSpireMod:Exploit Weakness","Infinite Blades","Concentrate","Heel Hook"],"picked":"SKIP","floor":20},{"not_picked":["Well Laid Plans","Blade Dance+1","Reflex","Night Terror","PiercingWail+1","Terror"],"picked":"SKIP","floor":23},{"not_picked":["MostiFishMod:VineMother","Quick Slash","Backflip+1","Caltrops","Heel Hook"],"picked":"Replay:Poison Smokescreen","floor":24},{"not_picked":["Poisoned Stab","Blur+1","MostiFishMod:InvigoratingSolution+1","Hidden Blade","Deflect","Blade Dance"],"picked":"SKIP","floor":26},{"not_picked":["Poisoned Stab","MostiFishMod:InvigoratingSolution+1","Hidden Blade","Deflect","Blade Dance"],"picked":"Blur+1","floor":26},{"not_picked":["Deadly Poison","MostiFishMod:PoisonShield+1","MostiFishMod:PerfectParry","Poisoned Stab","MostiFishMod:Opportunism"],"picked":"MostiFishMod:ThornCasing+1","floor":28},{"not_picked":["Quick Slash","Blade Dance","Replay:Poison Smokescreen","Tactician","Dagger Spray+1","Acrobatics+1"],"picked":"SKIP","floor":29}],"player_experience":393809,"relics_obtained":[{"floor":1.0,"key":"SynthV:TestCard"},{"floor":6.0,"key":"Question Card"},{"floor":8,"key":"GodSword4"},{"floor":9,"key":"Iron Hammer"},{"floor":13,"key":"Pear"},{"floor":23,"key":"Whetstone"},{"floor":26,"key":"ReplayFunnel"},{"floor":28,"key":"Oddly Smooth Stone"}],"event_choices":[],"is_beta":false,"boss_relics":[{"not_picked":["energizedSpire:CursedPentagram","TimeKeys"],"picked":"Ring of the Serpent"},{"not_picked":["Snecko Scales","ExusiaiGun"],"picked":"Replay:Drink Me"}],"items_purged_floors":[10,19,27],"is_endless":false,"potions_floor_spawned":[1,4,7,13,15,23,24,28,32],"killed_by":"Hallownest:2_Littles","ascension_level":4}}