{"host":"zxd2l8an9de7z7b9","time":1614067613,"event":{"mods":["100% Spire Juice","2.2 Compatiblity","AchievementEnabler","BaseMod","CapriCore","Colored Map","Colored Powertips","Marisa£¨Ùöéë¡¡Øª×âÞÞ£©","Minty Spire (QoL Compilation)","Rare Cards Sparkle","StSLib","SuperFastMode","Td1madao Mod","everything is the same but u backflip on backflip"],"gold_per_floor":[116,116,129,139,64,14,14,63,63,63,75,89,106,122,122,221,221,241,241,257,61,61,61,81,91,116,128,152,198,210,297,309,418,430,455,487,260,482,482,482,511,511,590,437,437,453,486,221,221,221],"floor_reached":51,"language":"KOR","playtime":1439,"items_purged":["Strike_P","Strike_P","Defend_P","Defend_P+1","Defend_P+1"],"score":1070,"play_id":"49a2fc8a-9163-442e-93ed-cc32ad2ad572","local_time":"20210223170653","is_ascension_mode":false,"campfire_choices":[{"data":"Eruption","floor":7.0,"key":"SMITH"},{"data":"Adaptation","floor":10.0,"key":"SMITH"},{"data":"FearNoEvil","floor":15.0,"key":"SMITH"},{"data":"Vigilance","floor":23.0,"key":"SMITH"},{"floor":30.0,"key":"REST"},{"data":"Defend_P","floor":32.0,"key":"SMITH"},{"floor":40.0,"key":"REST"},{"data":"Defend_P","floor":42.0,"key":"SMITH"},{"floor":45.0,"key":"REST"},{"floor":49,"key":"REST"}],"circlet_count":0,"master_deck":["Eruption+1","Vigilance+1","FearNoEvil+1","Adaptation+1","MentalFortress+1"],"relics":["PureWater","Art of War","Torii","Ancient Tea Set","Pear","Empty Cage","Membership Card","InkBottle","MawBank","Red Mask","Kunai","Philosopher\u0027s Stone","Anchor","TheAbacus","Mummified Hand","HornCleat","ClockworkSouvenir","Eternal Feather","Strawberry","HandDrill"],"acts_visited":["Exordium","TheCity","TheBeyond"],"potions_floor_usage":[47,47,50],"damage_taken":[{"damage":0.0,"enemies":"2 Louse","floor":1.0,"turns":1.0},{"damage":0.0,"enemies":"Cultist","floor":3.0,"turns":2.0},{"damage":6.0,"enemies":"Jaw Worm","floor":4.0,"turns":3.0},{"damage":10.0,"enemies":"Exordium Thugs","floor":11.0,"turns":4.0},{"damage":0.0,"enemies":"Large Slime","floor":12.0,"turns":3.0},{"damage":2.0,"enemies":"Lots of Slimes","floor":13.0,"turns":3.0},{"damage":0.0,"enemies":"2 Fungi Beasts","floor":14.0,"turns":4.0},{"damage":41.0,"enemies":"Slime Boss","floor":16.0,"turns":8.0},{"damage":0.0,"enemies":"Spheric Guardian","floor":18.0,"turns":3.0},{"damage":5.0,"enemies":"3 Byrds","floor":20.0,"turns":4.0},{"damage":0.0,"enemies":"Snecko","floor":24.0,"turns":5.0},{"damage":1.0,"enemies":"Snake Plant","floor":25.0,"turns":4.0},{"damage":0.0,"enemies":"3 Cultists","floor":28.0,"turns":2.0},{"damage":0.0,"enemies":"Masked Bandits","floor":29.0,"turns":2.0},{"damage":0.0,"enemies":"Automaton","floor":33.0,"turns":2.0},{"damage":3.0,"enemies":"3 Shapes","floor":35.0,"turns":3.0},{"damage":6.0,"enemies":"3 Darklings","floor":36.0,"turns":2.0},{"damage":0.0,"enemies":"Reptomancer","floor":41.0,"turns":2.0},{"damage":0.0,"enemies":"Jaw Worm Horde","floor":46.0,"turns":2.0},{"damage":0,"enemies":"Nemesis","floor":47,"turns":5},{"damage":0,"enemies":"Time Eater","floor":50,"turns":2}],"seed_played":"4672345550684293138","potions_obtained":[{"floor":1.0,"key":"PowerPotion"},{"floor":3.0,"key":"Ambrosia"},{"floor":13.0,"key":"SpeedPotion"},{"floor":14.0,"key":"LiquidBronze"},{"floor":20.0,"key":"Ancient Potion"},{"floor":25.0,"key":"FairyPotion"},{"floor":29.0,"key":"LiquidMemories"},{"floor":46.0,"key":"Ambrosia"},{"floor":47,"key":"SmokeBomb"}],"is_trial":false,"path_per_floor":["M","?","M","M","$","?","R","T","T","R","M","M","M","M","R","B",null,"M","?","M","$","T","R","M","M","T","?","M","?","R","T","R","B",null,"M","M","$","?","?","R","E","R","T","$","R","M","E","$","R","B",null],"character_chosen":"WATCHER","items_purchased":["Membership Card","Anchor","TheAbacus","Swift Potion","ClockworkSouvenir","Strawberry","HandDrill","FearPotion"],"campfire_rested":4,"item_purchase_floors":[21,37,37,37,44,48,48,48],"current_hp_per_floor":[72,72,72,66,66,66,66,66,76,76,66,66,64,64,64,23,82,82,82,77,77,77,77,77,76,76,60,60,60,86,86,86,86,87,84,78,78,78,78,87,87,87,87,87,87,87,87,94,94,94],"gold":221,"neow_bonus":"RANDOM_COMMON_RELIC","is_daily":false,"chose_seed":false,"campfire_upgraded":6,"win_rate":0.0,"timestamp":1614067613,"path_taken":["M","?","?","?","?","?","R","?","T","R","?","M","M","M","R","BOSS","M","?","M","$","?","R","?","M","T","?","M","?","R","?","R","BOSS","M","M","$","?","?","R","E","R","T","$","R","?","E","$","R","BOSS"],"items_purchased_type":["Relic","Relic","Relic","Potion","Relic","Relic","Relic","Potion"],"build_version":"2020-12-22","purchased_purges":5,"victory":true,"max_hp_per_floor":[72,72,72,72,72,72,72,72,82,82,82,82,82,82,82,82,82,82,82,82,82,82,82,82,82,82,87,87,87,87,87,87,87,87,87,87,87,87,87,87,87,87,87,87,87,87,87,94,94,94],"card_choices":[{"not_picked":["Study","Indignation"],"picked":"FearNoEvil","floor":1.0},{"not_picked":["EmptyFist","EmptyBody","PathToVictory"],"picked":"SKIP","floor":3.0},{"not_picked":["WindmillStrike","PathToVictory"],"picked":"Adaptation","floor":4.0},{"not_picked":["Crescendo","Consecrate","Wireheading"],"picked":"SKIP","floor":11.0},{"not_picked":["Consecrate","ForeignInfluence","Prostrate"],"picked":"SKIP","floor":12.0},{"not_picked":["CutThroughFate","FlyingSleeves","Prostrate"],"picked":"SKIP","floor":13.0},{"not_picked":["FlurryOfBlows","Omniscience","ReachHeaven"],"picked":"SKIP","floor":14.0},{"not_picked":["Halt","Consecrate","Crescendo"],"picked":"SKIP","floor":18.0},{"not_picked":["FlurryOfBlows+1","ForeignInfluence+1","PathToVictory"],"picked":"SKIP","floor":20.0},{"not_picked":["FlyingSleeves+1","JustLucky","TalkToTheHand+1"],"picked":"SKIP","floor":24.0},{"not_picked":["FlyingSleeves+1","JustLucky","TalkToTheHand+1"],"picked":"SKIP","floor":24.0},{"not_picked":["BowlingBash","Vengeance+1","CrushJoints+1"],"picked":"SKIP","floor":25.0},{"not_picked":["FollowUp","Evaluate","EmptyFist+1"],"picked":"SKIP","floor":28.0},{"not_picked":["DeceiveReality+1","Prostrate","Protect+1"],"picked":"SKIP","floor":35.0},{"not_picked":["JustLucky+1","Fasting2","FlyingSleeves+1"],"picked":"SKIP","floor":36.0},{"not_picked":["SignatureMove+1","Omniscience"],"picked":"MentalFortress+1","floor":41.0},{"not_picked":["CarveReality","Halt+1","Crescendo"],"picked":"SKIP","floor":46.0},{"not_picked":["TalkToTheHand","BowlingBash+1","Conclude+1"],"picked":"SKIP","floor":47}],"player_experience":453764,"relics_obtained":[{"floor":8.0,"key":"Ancient Tea Set"},{"floor":9.0,"key":"Pear"},{"floor":22.0,"key":"InkBottle"},{"floor":26.0,"key":"MawBank"},{"floor":29.0,"key":"Red Mask"},{"floor":31.0,"key":"Kunai"},{"floor":41.0,"key":"Mummified Hand"},{"floor":43.0,"key":"HornCleat"},{"floor":47,"key":"Eternal Feather"}],"event_choices":[{"damage_healed":0.0,"max_hp_gain":0.0,"max_hp_loss":0.0,"gold_gain":0.0,"event_name":"WeMeetAgain","player_choice":"Gave Potion","floor":2.0,"gold_loss":0.0,"damage_taken":0.0,"relics_obtained":["Torii"]},{"cards_removed":["Strike_P"],"damage_healed":0.0,"max_hp_gain":0.0,"max_hp_loss":0.0,"gold_gain":0.0,"event_name":"The Cleric","player_choice":"Card Removal","floor":6.0,"gold_loss":50.0,"damage_taken":0.0},{"damage_healed":0.0,"max_hp_gain":0.0,"max_hp_loss":0.0,"gold_gain":0.0,"event_name":"NoteForYourself","player_choice":"Ignored","floor":19.0,"gold_loss":0.0,"damage_taken":0.0},{"damage_healed":0.0,"max_hp_gain":5.0,"max_hp_loss":0.0,"gold_gain":0.0,"event_name":"Forgotten Altar","player_choice":"Shed Blood","floor":27.0,"gold_loss":0.0,"damage_taken":21.0},{"damage_healed":0.0,"max_hp_gain":0.0,"max_hp_loss":0.0,"gold_gain":0.0,"event_name":"Masked Bandits","player_choice":"Fought Bandits","floor":29.0,"gold_loss":0.0,"damage_taken":0.0},{"damage_healed":0.0,"max_hp_gain":0.0,"max_hp_loss":0.0,"gold_gain":222.0,"event_name":"Tomb of Lord Red Mask","player_choice":"Wore Mask","floor":38.0,"gold_loss":0.0,"damage_taken":0.0},{"damage_healed":0.0,"max_hp_gain":0.0,"max_hp_loss":0.0,"gold_gain":0.0,"event_name":"Lab","player_choice":"Got Potions","floor":39.0,"gold_loss":0.0,"damage_taken":0.0}],"is_beta":false,"boss_relics":[{"not_picked":["SacredBark","Sozu"],"picked":"Empty Cage"},{"not_picked":["Runic Dome","SlaversCollar"],"picked":"Philosopher\u0027s Stone"}],"items_purged_floors":[5,21,37,44,48],"is_endless":false,"potions_floor_spawned":[1,3,13,14,20,25,29,35,46,47],"ascension_level":0}}