{"host":"8vqkh0x3c7vpgzzm","time":1614042433,"event":{"mods":["AchievementEnabler","BaseMod","Colored Map","Colored Powertips","Curses Come First","DeckTracker","Highlight Path","Minty Spire (QoL Compilation)","Permanent Neow","Quick Restart","Random Character Mod","Rare Cards Sparkle","Relic Sorter","Relic Stats","StSLib","SuperFastMode","Unceasing Turn Reminder","egg","everything is the same but u backflip on backflip"],"gold_per_floor":[119,136,136,147,15,15,48,62,130,130,141,151,179,190,190,290,290,310,329,329,90,90,90],"floor_reached":22,"language":"ENG","playtime":953,"items_purged":["Strike_B"],"score":292,"play_id":"42d60804-f717-4660-9c7c-985aed55d0a7","local_time":"20210223020713","is_ascension_mode":true,"campfire_choices":[{"data":"Beam Cell","floor":6,"key":"SMITH"},{"floor":10,"key":"REST"},{"floor":15,"key":"REST"}],"circlet_count":0,"master_deck":["Strike_B","Strike_B","Strike_B+1","Defend_B","Defend_B","Defend_B","Defend_B","Zap","Dualcast+1","Defragment","Ball Lightning","Ball Lightning","Capacitor","Beam Cell+1","Fusion","Self Repair","Sweeping Beam","Lockon","Core Surge","Echo Form","Conserve Battery","Chill","Thunder Strike","Blind"],"relics":["Black Star","Mango","Lantern","White Beast Statue","Bottled Lightning","Juzu Bracelet","Velvet Choker"],"acts_visited":["Exordium","TheCity"],"potions_floor_usage":[11,13,16,22,22,22,22,22,22],"damage_taken":[{"damage":4,"enemies":"2 Louse","floor":1,"turns":3},{"damage":14,"enemies":"Jaw Worm","floor":2,"turns":6},{"damage":0,"enemies":"Small Slimes","floor":4,"turns":3},{"damage":20,"enemies":"Lagavulin","floor":7,"turns":6},{"damage":14,"enemies":"Blue Slaver","floor":8,"turns":4},{"damage":8,"enemies":"Red Slaver","floor":11,"turns":3},{"damage":12,"enemies":"Gremlin Gang","floor":12,"turns":4},{"damage":20,"enemies":"3 Sentries","floor":13,"turns":4},{"damage":10,"enemies":"2 Fungi Beasts","floor":14,"turns":3},{"damage":30,"enemies":"Hexaghost","floor":16,"turns":7},{"damage":52,"enemies":"2 Thieves","floor":18,"turns":4},{"damage":12,"enemies":"Chosen","floor":19,"turns":3},{"damage":16,"enemies":"Snake Plant","floor":22,"turns":3}],"seed_played":"1696671748692010911","potions_obtained":[{"floor":1,"key":"Strength Potion"},{"floor":2,"key":"SneckoOil"},{"floor":4,"key":"AttackPotion"},{"floor":11,"key":"Ancient Potion"},{"floor":13,"key":"PotionOfCapacity"},{"floor":16,"key":"EntropicBrew"},{"floor":18,"key":"SpeedPotion"}],"is_trial":false,"path_per_floor":["M","M","?","M","$","R","E","M","T","R","M","M","E","M","R","B",null,"M","M","?","$","M"],"character_chosen":"DEFECT","items_purchased":["Capacitor","Beam Cell","Thunder Strike","Blind"],"campfire_rested":2,"item_purchase_floors":[5,5,21,21],"current_hp_per_floor":[64,50,35,35,35,35,29,15,15,41,40,35,22,19,45,15,71,26,28,11,11,0,0],"gold":90,"neow_bonus":"BOSS_RELIC","is_daily":false,"chose_seed":false,"campfire_upgraded":1,"win_rate":0.0,"timestamp":1614042433,"path_taken":["M","M","?","M","$","R","E","M","T","R","M","M","E","M","R","BOSS","M","M","?","$","M"],"items_purchased_type":["Card","Card","Card","Card"],"build_version":"2020-12-22","purchased_purges":1,"victory":false,"max_hp_per_floor":[75,75,75,75,75,75,89,89,89,89,89,89,89,89,89,89,89,89,89,94,94,94,94],"relic_stats":{"counters":[13,53],"Black Star":2,"Juzu Bracelet":0,"obtain_stats":[{"Lantern":7,"Velvet Choker":17,"Mango":7,"Black Star":0,"Juzu Bracelet":13,"Bottled Lightning":13,"Cracked Core":0,"White Beast Statue":9},{"Lantern":4,"Velvet Choker":10,"Mango":4,"Black Star":0,"Juzu Bracelet":8,"Bottled Lightning":8,"Cracked Core":0,"White Beast Statue":5},{"Lantern":18,"Velvet Choker":43,"Mango":18,"Black Star":0,"Juzu Bracelet":33,"Bottled Lightning":33,"Cracked Core":0,"White Beast Statue":22}]},"card_choices":[{"not_picked":["Barrage","Steam Power"],"picked":"Defragment","floor":1},{"not_picked":["Conserve Battery","BootSequence"],"picked":"Ball Lightning","floor":2},{"not_picked":["Tempest","Gash"],"picked":"Ball Lightning","floor":4},{"not_picked":["Doom and Gloom","Rebound"],"picked":"Fusion","floor":7},{"not_picked":["Fusion","Meteor Strike"],"picked":"Self Repair","floor":8},{"not_picked":["Redo","Stack"],"picked":"Sweeping Beam","floor":11},{"not_picked":["Compile Driver","Conserve Battery"],"picked":"Lockon","floor":12},{"not_picked":["Beam Cell","Gash"],"picked":"Core Surge","floor":13},{"not_picked":["Barrage","Ball Lightning","Turbo"],"picked":"SKIP","floor":14},{"not_picked":["Amplify","Meteor Strike"],"picked":"Echo Form","floor":16},{"not_picked":["Streamline","Recycle"],"picked":"Conserve Battery","floor":18},{"not_picked":["Beam Cell","Go for the Eyes"],"picked":"Chill","floor":19}],"player_experience":611094,"relics_obtained":[{"floor":7,"key":"Mango"},{"floor":7,"key":"Lantern"},{"floor":9,"key":"White Beast Statue"},{"floor":13,"key":"Bottled Lightning"},{"floor":13,"key":"Juzu Bracelet"}],"event_choices":[{"damage_healed":0,"gold_gain":0,"player_choice":"Entered Light","damage_taken":15,"max_hp_gain":0,"max_hp_loss":0,"event_name":"Shining Light","floor":3,"gold_loss":0,"cards_upgraded":["Strike_B","Dualcast"]},{"damage_healed":0,"gold_gain":0,"player_choice":"Shed Blood","damage_taken":22,"max_hp_gain":5,"max_hp_loss":0,"event_name":"Forgotten Altar","floor":20,"gold_loss":0}],"is_beta":false,"boss_relics":[{"not_picked":["Empty Cage","Tiny House"],"picked":"Velvet Choker"}],"items_purged_floors":[21],"is_endless":false,"potions_floor_spawned":[1,2,4,11,12,13,14,16,18,19],"killed_by":"Snake Plant","ascension_level":7}}