{"host":"ga4s3hj9m6nkn6gp","time":1614106555,"event":{"mods":["AchievementEnabler","BaseMod","Bestiary","Colored Powertips","Highlight Path","Minty Spire (QoL Compilation)","Relic Stats","everything is the same but u backflip on backflip"],"gold_per_floor":[109,109,109,132,147,147,147],"floor_reached":6,"language":"ENG","playtime":130,"items_purged":[],"score":49,"play_id":"4cca1434-bea2-43bc-9c0a-bb7cfd604dc8","local_time":"20210223195555","is_ascension_mode":true,"campfire_choices":[],"circlet_count":0,"master_deck":["Strike_P","Strike_P","Strike_P","Strike_P","Defend_P","Defend_P","Defend_P","Eruption","Vigilance","Evaluate","Weave"],"relics":["Velvet Choker","Damaru","Pen Nib"],"acts_visited":["Exordium"],"potions_floor_usage":[],"damage_taken":[{"damage":0.0,"enemies":"2 Louse","floor":1.0,"turns":2.0},{"damage":0.0,"enemies":"Small Slimes","floor":5.0,"turns":3.0},{"damage":0,"enemies":"3 Sentries","floor":6,"turns":1}],"seed_played":"5895690603722103710","potions_obtained":[{"floor":1.0,"key":"Weak Potion"}],"is_trial":false,"path_per_floor":["M","?","?","T","M","E"],"character_chosen":"WATCHER","items_purchased":[],"campfire_rested":0,"item_purchase_floors":[],"current_hp_per_floor":[65,58,46,46,46,46,46],"gold":147,"neow_bonus":"BOSS_RELIC","is_daily":false,"chose_seed":false,"campfire_upgraded":0,"win_rate":0.0,"timestamp":1614106555,"path_taken":["M","?","?","?","M","E"],"items_purchased_type":[],"build_version":"2020-12-22","purchased_purges":0,"victory":false,"max_hp_per_floor":[72,72,72,72,72,72,72],"relic_stats":{"counters":[3,6],"Pen Nib":[0],"obtain_stats":[{"Velvet Choker":0,"Damaru":3,"Pen Nib":4,"PureWater":0},{"Velvet Choker":0,"Damaru":1,"Pen Nib":1,"PureWater":0},{"Velvet Choker":0,"Damaru":2,"Pen Nib":2,"PureWater":0}]},"card_choices":[{"not_picked":["ThirdEye","Prostrate"],"picked":"Evaluate","floor":1.0},{"not_picked":["FlyingSleeves","SandsOfTime"],"picked":"Weave","floor":5.0}],"player_experience":798254,"relics_obtained":[{"floor":4.0,"key":"Pen Nib"}],"event_choices":[{"cards_removed":["Defend_P"],"damage_healed":0.0,"max_hp_gain":0.0,"max_hp_loss":0.0,"gold_gain":0.0,"event_name":"Golden Wing","player_choice":"Card Removal","floor":2.0,"gold_loss":0.0,"damage_taken":7.0},{"damage_healed":0.0,"max_hp_gain":0.0,"max_hp_loss":0.0,"gold_gain":0.0,"event_name":"Scrap Ooze","player_choice":"Success","floor":3.0,"gold_loss":0.0,"damage_taken":12.0,"relics_obtained":["Damaru"]}],"is_beta":false,"boss_relics":[],"items_purged_floors":[],"is_endless":false,"potions_floor_spawned":[1],"killed_by":"3 Sentries","ascension_level":9}}