{"host":"1j7ywpib2fztfglu","time":1614074557,"event":{"mods":["BaseMod","Dark Map","Highlight Path","Keyboard Shortcuts","Minty Spire (QoL Compilation)","RNG Fix","Random Character Button","Relic Stats","StSLib","Uncapped","Waifu the Spire","ojb\u0027s Info Mod"],"gold_per_floor":[112,32,107,126,126,126,138,164,164,181,198,227,12,27,27,104,104,123,123,66,76,126,154,154,173,173,173,203,48,61,91,91,168,168,182,2,14,25,25,25,40,69,95,110,110,139,139,171,171,171,171,171,171,4,4,4],"floor_reached":55,"language":"ENG","playtime":16021,"items_purged":["Strike_R","Strike_R"],"score":2125,"play_id":"f35f323a-fe3d-4b79-89ef-93a8ed0b3635","local_time":"20210223040237","is_ascension_mode":true,"campfire_choices":[{"data":"Bash","floor":6.0,"key":"SMITH"},{"data":"Juggernaut","floor":15.0,"key":"SMITH"},{"data":"Battle Trance","floor":24.0,"key":"SMITH"},{"data":"Juggernaut","floor":32.0,"key":"SMITH"},{"data":"True Grit","floor":40.0,"key":"SMITH"},{"floor":47.0,"key":"RECALL"},{"floor":49.0,"key":"REST"},{"data":"Barricade","floor":53,"key":"SMITH"}],"circlet_count":0,"master_deck":["AscendersBane","Strike_R","Strike_R","Defend_R","Defend_R","Defend_R","Defend_R","Bash+1","Cleave","Cleave","Spot Weakness","Feel No Pain","Combust","Battle Trance+1","Juggernaut+1","Juggernaut+1","Shrug It Off","Juggernaut","Warcry+1","Ghostly","Ghostly","Ghostly","Warcry+1","Juggernaut","Shrug It Off","True Grit+1","Metallicize","Shockwave+1","Warcry+1","Shrug It Off","Barricade+1","Impervious"],"relics":["Burning Blood","NeowsBlessing","MealTicket","Regal Pillow","Torii","Mummified Hand","DollysMirror","SacredBark","Bottled Lightning","White Beast Statue","Art of War","Ornamental Fan","Velvet Choker","Question Card","Orichalcum","Centennial Puzzle"],"acts_visited":["Exordium","TheCity","TheBeyond","TheEnding"],"potions_floor_usage":[50,51],"damage_taken":[{"damage":0.0,"enemies":"2 Louse","floor":1.0,"turns":1.0},{"damage":0.0,"enemies":"Jaw Worm","floor":4.0,"turns":1.0},{"damage":0.0,"enemies":"Cultist","floor":7.0,"turns":1.0},{"damage":25.0,"enemies":"3 Sentries","floor":8.0,"turns":6.0},{"damage":16.0,"enemies":"Blue Slaver","floor":10.0,"turns":5.0},{"damage":9.0,"enemies":"Red Slaver","floor":11.0,"turns":3.0},{"damage":36.0,"enemies":"Gremlin Nob","floor":12.0,"turns":4.0},{"damage":2.0,"enemies":"3 Louse","floor":14.0,"turns":2.0},{"damage":46.0,"enemies":"The Guardian","floor":16.0,"turns":10.0},{"damage":42.0,"enemies":"Shell Parasite","floor":18.0,"turns":5.0},{"damage":17.0,"enemies":"2 Thieves","floor":21.0,"turns":5.0},{"damage":8.0,"enemies":"Slavers","floor":23.0,"turns":4.0},{"damage":12.0,"enemies":"Centurion and Healer","floor":25.0,"turns":6.0},{"damage":12.0,"enemies":"Gremlin Leader","floor":28.0,"turns":6.0},{"damage":2.0,"enemies":"3 Cultists","floor":30.0,"turns":4.0},{"damage":14.0,"enemies":"Book of Stabbing","floor":31.0,"turns":5.0},{"damage":6.0,"enemies":"Collector","floor":33.0,"turns":7.0},{"damage":1.0,"enemies":"Orb Walker","floor":35.0,"turns":3.0},{"damage":16.0,"enemies":"3 Darklings","floor":37.0,"turns":4.0},{"damage":3.0,"enemies":"Maw","floor":38.0,"turns":6.0},{"damage":1.0,"enemies":"Jaw Worm Horde","floor":41.0,"turns":4.0},{"damage":24.0,"enemies":"Nemesis","floor":42.0,"turns":9.0},{"damage":0.0,"enemies":"Spire Growth","floor":44.0,"turns":5.0},{"damage":4.0,"enemies":"Reptomancer","floor":46.0,"turns":6.0},{"damage":7.0,"enemies":"Giant Head","floor":48.0,"turns":7.0},{"damage":14,"enemies":"Awakened One","floor":50,"turns":18},{"damage":34,"enemies":"Donu and Deca","floor":51,"turns":8},{"damage":37,"enemies":"Shield and Spear","floor":55,"turns":5}],"seed_played":"4410431843145673366","potions_obtained":[{"floor":1.0,"key":"SteroidPotion"},{"floor":7.0,"key":"BlessingOfTheForge"},{"floor":10.0,"key":"Ancient Potion"},{"floor":11.0,"key":"FairyPotion"},{"floor":21.0,"key":"EssenceOfSteel"},{"floor":25.0,"key":"ColorlessPotion"},{"floor":28.0,"key":"FearPotion"},{"floor":30.0,"key":"SpeedPotion"},{"floor":31.0,"key":"Explosive Potion"},{"floor":33.0,"key":"Dexterity Potion"},{"floor":35.0,"key":"Swift Potion"},{"floor":37.0,"key":"FairyPotion"},{"floor":46.0,"key":"Dexterity Potion"},{"floor":48.0,"key":"BloodPotion"}],"is_trial":false,"path_per_floor":["M","?","?","M","?","R","M","E","T","M","M","E","$","M","R","B",null,"M","?","$","M","?","E","R","M","T","?","E","$","M","E","R","B",null,"M","$","M","M","?","R","M","E","T","M","?","E","R","E","R","B","B",null,"R","$","E"],"character_chosen":"IRONCLAD","items_purchased":["DollysMirror","Shrug It Off","Explosive Potion","EssenceOfSteel","Metallicize","Impervious"],"campfire_rested":1,"item_purchase_floors":[13,13,20,29,36,54],"current_hp_per_floor":[74,74,63,69,69,69,75,56,56,46,43,13,28,32,32,21,62,26,26,37,26,26,24,24,18,18,18,12,27,31,23,23,23,34,37,37,27,30,30,30,35,17,17,23,23,25,25,24,37,29,15,32,32,37,0,0],"gold":4,"neow_bonus":"THREE_ENEMY_KILL","is_daily":false,"chose_seed":false,"campfire_upgraded":6,"win_rate":0.0,"timestamp":1614074557,"path_taken":["M","?","?","M","?","R","M","E","T","M","M","E","$","?","R","BOSS","M","?","$","M","?","E","R","M","T","?","E","$","?","E","R","BOSS","M","$","M","M","?","R","M","E","T","?","?","E","R","E","R","BOSS","BOSS","R","$","E"],"items_purchased_type":["Relic","Card","Potion","Potion","Card","Card"],"build_version":"2020-12-22","purchased_purges":2,"victory":false,"max_hp_per_floor":[75,75,75,75,75,75,75,75,75,75,75,75,75,75,75,75,75,75,37,37,37,37,37,37,37,37,37,37,37,37,37,37,37,37,37,37,37,37,37,37,37,37,37,37,37,37,37,37,37,37,37,37,37,37,37,37],"relic_stats":{"Regal Pillow":2,"Centennial Puzzle":[6],"Torii":61,"counters":[28,150],"Mummified Hand":[141],"Ornamental Fan":[4],"MealTicket":46,"Art of War":[54],"Orichalcum":[12],"Question Card":4,"obtain_stats":[{"Regal Pillow":8,"NeowsBlessing":0,"Torii":9,"SacredBark":17,"Velvet Choker":34,"Orichalcum":46,"Question Card":42,"Burning Blood":0,"White Beast Statue":26,"Centennial Puzzle":48,"Mummified Hand":12,"DollysMirror":13,"Ornamental Fan":31,"MealTicket":2,"Art of War":28,"Bottled Lightning":23},{"Regal Pillow":4,"NeowsBlessing":0,"Torii":4,"SacredBark":9,"Velvet Choker":17,"Orichalcum":24,"Question Card":22,"Burning Blood":0,"White Beast Statue":13,"Centennial Puzzle":25,"Mummified Hand":7,"DollysMirror":7,"Ornamental Fan":16,"MealTicket":1,"Art of War":14,"Bottled Lightning":12},{"Regal Pillow":9,"NeowsBlessing":0,"Torii":9,"SacredBark":33,"Velvet Choker":75,"Orichalcum":112,"Question Card":101,"Burning Blood":0,"White Beast Statue":53,"Centennial Puzzle":119,"Mummified Hand":21,"DollysMirror":21,"Ornamental Fan":68,"MealTicket":1,"Art of War":59,"Bottled Lightning":47}],"Burning Blood":160},"card_choices":[{"not_picked":["Headbutt","Dropkick"],"picked":"Cleave","floor":1.0},{"not_picked":["Body Slam","Warcry"],"picked":"Cleave","floor":4.0},{"not_picked":["Clothesline","Heavy Blade"],"picked":"Spot Weakness","floor":7.0},{"not_picked":["Anger","Flex"],"picked":"Feel No Pain","floor":8.0},{"not_picked":["Body Slam","Havoc"],"picked":"Combust","floor":10.0},{"not_picked":["Thunderclap","Armaments"],"picked":"Battle Trance","floor":11.0},{"not_picked":["Anger","Infernal Blade"],"picked":"Juggernaut","floor":12.0},{"not_picked":["Spot Weakness","Clash","Perfected Strike"],"picked":"SKIP","floor":14.0},{"not_picked":["Impervious","Bludgeon"],"picked":"Juggernaut","floor":16.0},{"not_picked":["Heavy Blade","Pommel Strike"],"picked":"Warcry+1","floor":18.0},{"not_picked":["Anger+1","Clash"],"picked":"Warcry+1","floor":21.0},{"not_picked":["Perfected Strike","Inflame"],"picked":"Juggernaut","floor":23.0},{"not_picked":["Iron Wave","Clothesline","Anger"],"picked":"SKIP","floor":25.0},{"not_picked":["Wild Strike","Immolate"],"picked":"Shrug It Off","floor":28.0},{"not_picked":["Headbutt","Body Slam","Havoc"],"picked":"SKIP","floor":30.0},{"not_picked":["Perfected Strike","Anger","Cleave"],"picked":"SKIP","floor":31.0},{"not_picked":["Thunderclap","Body Slam+1"],"picked":"True Grit","floor":35.0},{"not_picked":["Dual Wield","Body Slam"],"picked":"Shockwave+1","floor":37.0},{"not_picked":["Cleave","Spot Weakness"],"picked":"Warcry+1","floor":38.0},{"not_picked":["Sword Boomerang","Uppercut"],"picked":"Shrug It Off","floor":41.0},{"not_picked":["Anger","Clash","Second Wind+1"],"picked":"SKIP","floor":42.0},{"not_picked":["Anger","Clash","Second Wind+1"],"picked":"SKIP","floor":42.0},{"not_picked":["Ghostly Armor","Clothesline+1","Warcry","Whirlwind"],"picked":"SKIP","floor":44.0},{"not_picked":["Shockwave","Body Slam+1","Cleave"],"picked":"Barricade","floor":46.0},{"not_picked":["Spot Weakness","Anger","Second Wind","Iron Wave+1"],"picked":"SKIP","floor":48.0},{"not_picked":["Spot Weakness","Anger","Second Wind","Iron Wave+1"],"picked":"SKIP","floor":48.0},{"not_picked":["Spot Weakness","Anger","Second Wind","Iron Wave+1"],"picked":"SKIP","floor":48.0}],"player_experience":1942395,"relics_obtained":[{"floor":8.0,"key":"Regal Pillow"},{"floor":9.0,"key":"Torii"},{"floor":12.0,"key":"Mummified Hand"},{"floor":23.0,"key":"Bottled Lightning"},{"floor":26.0,"key":"White Beast Statue"},{"floor":28.0,"key":"Art of War"},{"floor":31.0,"key":"Ornamental Fan"},{"floor":42.0,"key":"Question Card"},{"floor":46.0,"key":"Orichalcum"},{"floor":48.0,"key":"Centennial Puzzle"}],"event_choices":[{"damage_healed":0.0,"max_hp_gain":0.0,"max_hp_loss":0.0,"gold_gain":0.0,"event_name":"WeMeetAgain","player_choice":"Paid Gold","floor":2.0,"gold_loss":80.0,"damage_taken":0.0,"relics_obtained":["MealTicket"]},{"damage_healed":0.0,"max_hp_gain":0.0,"max_hp_loss":0.0,"gold_gain":75.0,"event_name":"World of Goop","player_choice":"Gather Gold","floor":3.0,"gold_loss":0.0,"damage_taken":11.0},{"damage_healed":0.0,"max_hp_gain":0.0,"max_hp_loss":0.0,"gold_gain":0.0,"event_name":"Liars Game","player_choice":"Ignored","floor":5.0,"gold_loss":0.0,"damage_taken":0.0},{"damage_healed":0.0,"max_hp_gain":0.0,"max_hp_loss":38.0,"gold_gain":0.0,"event_name":"Ghosts","player_choice":"Became a Ghost","floor":19.0,"gold_loss":0.0,"damage_taken":0.0,"cards_obtained":["Ghostly","Ghostly","Ghostly"]},{"damage_healed":0.0,"max_hp_gain":0.0,"max_hp_loss":0.0,"gold_gain":50.0,"event_name":"Nest","player_choice":"Stole From Cult","floor":22.0,"gold_loss":0.0,"damage_taken":0.0},{"cards_removed":["Strike_R"],"damage_healed":0.0,"max_hp_gain":0.0,"max_hp_loss":0.0,"gold_gain":0.0,"event_name":"Purifier","player_choice":"Purged","floor":39.0,"gold_loss":0.0,"damage_taken":0.0},{"damage_healed":0.0,"max_hp_gain":0.0,"max_hp_loss":0.0,"gold_gain":0.0,"event_name":"SensoryStone","player_choice":"Memory 1","floor":45.0,"gold_loss":0.0,"damage_taken":0.0}],"is_beta":false,"boss_relics":[{"not_picked":["Fusion Hammer","Ectoplasm"],"picked":"SacredBark"},{"not_picked":["Tiny House","Busted Crown"],"picked":"Velvet Choker"}],"items_purged_floors":[29,36],"is_endless":false,"potions_floor_spawned":[1,7,10,11,21,25,28,30,31,33,35,37,38,41,42,44,46,48],"killed_by":"Shield and Spear","ascension_level":20}}