{"host":"2fgwwnzqc97k7iys","time":1614111290,"event":{"mods":["BaseMod","Colored Map","Minty Spire (QoL Compilation)","Quick Restart","Relic Stats"],"gold_per_floor":[114,132,145,145,63,63,95,95,95,111,137,137,167,178,178,278,278,291,291,71,84,84,84,113,124,124,135,149,149,149,149],"floor_reached":30,"language":"ENG","playtime":10089,"items_purged":["SpiritShield"],"score":443,"play_id":"b564e2b1-6745-4503-a9bb-d64e8edf7cca","local_time":"20210223141450","is_ascension_mode":true,"campfire_choices":[{"data":"Eruption","floor":6,"key":"SMITH"},{"data":"MentalFortress","floor":8,"key":"SMITH"},{"data":"Devotion","floor":15,"key":"SMITH"},{"data":"FlurryOfBlows","floor":23,"key":"SMITH"},{"data":"Establishment","floor":29,"key":"SMITH"}],"circlet_count":0,"master_deck":["AscendersBane","Eruption+1","Vigilance","Vengeance","EmptyBody","Prostrate","MentalFortress+1","FlurryOfBlows+1","Adaptation","Devotion+1","Consecrate","CrushJoints","InnerPeace","Collect","Evaluate","Weave","Brilliance","EmptyMind","MentalFortress","BattleHymn+1","FearNoEvil","FlurryOfBlows","ThirdEye+1","Establishment+1"],"relics":["PureWater","Kunai","Bottled Flame","Centennial Puzzle","Pantograph","StoneCalendar","Pandora\u0027s Box","Toxic Egg 2","FossilizedHelix"],"acts_visited":["Exordium","TheCity"],"potions_floor_usage":[11,13,16,24,28,30],"damage_taken":[{"damage":0,"enemies":"2 Louse","floor":1,"turns":2},{"damage":0,"enemies":"Cultist","floor":2,"turns":3},{"damage":7,"enemies":"Small Slimes","floor":3,"turns":4},{"damage":2,"enemies":"Lagavulin","floor":7,"turns":9},{"damage":0,"enemies":"2 Fungi Beasts","floor":10,"turns":3},{"damage":16,"enemies":"Gremlin Nob","floor":11,"turns":4},{"damage":0,"enemies":"Lagavulin","floor":13,"turns":6},{"damage":0,"enemies":"Looter","floor":14,"turns":4},{"damage":23,"enemies":"The Guardian","floor":16,"turns":6},{"damage":8,"enemies":"Shell Parasite","floor":18,"turns":4},{"damage":1,"enemies":"Spheric Guardian","floor":21,"turns":3},{"damage":17,"enemies":"Book of Stabbing","floor":24,"turns":5},{"damage":7,"enemies":"Snake Plant","floor":25,"turns":4},{"damage":27,"enemies":"Chosen and Byrds","floor":27,"turns":6},{"damage":0,"enemies":"Centurion and Healer","floor":28,"turns":4},{"damage":10,"enemies":"Gremlin Leader","floor":30,"turns":2}],"seed_played":"-6492981932014757477","potions_obtained":[{"floor":1,"key":"PowerPotion"},{"floor":7,"key":"StancePotion"},{"floor":10,"key":"SpeedPotion"},{"floor":14,"key":"DuplicationPotion"},{"floor":18,"key":"StancePotion"},{"floor":25,"key":"LiquidMemories"},{"floor":28,"key":"BlessingOfTheForge"}],"is_trial":false,"path_per_floor":["M","M","M","?","$","R","E","R","T","M","E","?","E","M","R","B",null,"M","?","$","M","?","R","E","M","T","M","M","R","E"],"character_chosen":"WATCHER","items_purchased":["MentalFortress","BattleHymn","FearNoEvil"],"campfire_rested":0,"item_purchase_floors":[5,20,20],"current_hp_per_floor":[65,65,58,58,58,58,56,56,56,56,40,33,33,33,33,35,63,55,55,55,54,54,54,37,30,30,3,3,3,0,0],"gold":149,"neow_bonus":"REMOVE_CARD","is_daily":false,"chose_seed":false,"campfire_upgraded":5,"win_rate":0.0,"timestamp":1614111290,"path_taken":["M","M","M","?","?","R","E","R","T","?","E","?","E","M","R","BOSS","M","?","$","M","?","R","E","M","T","M","M","R","E"],"items_purchased_type":["Card","Card","Card"],"build_version":"2020-12-22","purchased_purges":1,"victory":false,"max_hp_per_floor":[72,72,72,72,72,72,72,72,72,72,72,72,72,72,72,72,72,72,72,72,72,72,72,72,72,72,72,72,72,72,72],"relic_stats":{"Centennial Puzzle":[18],"counters":[16,69],"Pantograph":25,"StoneCalendar":[0],"Pandora\u0027s Box":["InnerPeace","Collect","Evaluate","Weave","Brilliance","EmptyMind"],"Kunai":[30],"obtain_stats":[{"Bottled Flame":9,"Centennial Puzzle":11,"Pantograph":12,"StoneCalendar":13,"Pandora\u0027s Box":17,"Kunai":7,"PureWater":0,"Toxic Egg 2":24,"FossilizedHelix":26},{"Bottled Flame":4,"Centennial Puzzle":6,"Pantograph":6,"StoneCalendar":7,"Pandora\u0027s Box":9,"Kunai":4,"PureWater":0,"Toxic Egg 2":12,"FossilizedHelix":13},{"Bottled Flame":18,"Centennial Puzzle":25,"Pantograph":25,"StoneCalendar":31,"Pandora\u0027s Box":41,"Kunai":18,"PureWater":0,"Toxic Egg 2":53,"FossilizedHelix":57}]},"card_choices":[{"not_picked":["LikeWater","Crescendo"],"picked":"Vengeance","floor":1},{"not_picked":["FollowUp","Evaluate"],"picked":"EmptyBody","floor":2},{"not_picked":["WreathOfFlame","Evaluate"],"picked":"Prostrate","floor":3},{"not_picked":["Crescendo","FollowUp"],"picked":"FlurryOfBlows","floor":7},{"not_picked":["EmptyBody","FollowUp"],"picked":"Adaptation","floor":10},{"not_picked":["ForeignInfluence","Consecrate"],"picked":"Devotion","floor":11},{"not_picked":["WreathOfFlame","SashWhip"],"picked":"Consecrate","floor":13},{"not_picked":["FlyingSleeves","FollowUp"],"picked":"CrushJoints","floor":14},{"not_picked":["SashWhip","EmptyMind"],"picked":"MentalFortress","floor":18},{"not_picked":["ClearTheMind+1","ThirdEye","PathToVictory"],"picked":"SKIP","floor":21},{"not_picked":["Protect+1","SpiritShield+1","EmptyMind+1"],"picked":"SKIP","floor":24},{"not_picked":["CrushJoints","CutThroughFate"],"picked":"FlurryOfBlows","floor":25},{"not_picked":["FlurryOfBlows","ReachHeaven"],"picked":"ThirdEye+1","floor":27},{"not_picked":["EmptyFist","Consecrate"],"picked":"Establishment","floor":28}],"player_experience":643812,"relics_obtained":[{"floor":7,"key":"Kunai"},{"floor":9,"key":"Bottled Flame"},{"floor":11,"key":"Centennial Puzzle"},{"floor":13,"key":"StoneCalendar"},{"floor":24,"key":"Toxic Egg 2"},{"floor":26,"key":"FossilizedHelix"}],"event_choices":[{"damage_healed":0,"gold_gain":0,"cards_transformed":["Strike_P"],"player_choice":"Transformed","damage_taken":0,"max_hp_gain":0,"max_hp_loss":0,"event_name":"Transmorgrifier","floor":4,"gold_loss":0,"cards_obtained":["SpiritShield"]},{"damage_healed":0,"gold_gain":0,"player_choice":"Success","damage_taken":7,"relics_obtained":["Pantograph"],"max_hp_gain":0,"max_hp_loss":0,"event_name":"Scrap Ooze","floor":12,"gold_loss":0},{"damage_healed":0,"gold_gain":0,"player_choice":"Ignored","damage_taken":0,"max_hp_gain":0,"max_hp_loss":0,"event_name":"The Mausoleum","floor":19,"gold_loss":0},{"damage_healed":0,"gold_gain":0,"player_choice":"Upgraded","damage_taken":0,"max_hp_gain":0,"max_hp_loss":0,"event_name":"Upgrade Shrine","floor":22,"gold_loss":0,"cards_upgraded":["BattleHymn"]}],"is_beta":false,"boss_relics":[{"not_picked":["Cursed Key","Runic Dome"],"picked":"Pandora\u0027s Box"}],"items_purged_floors":[20],"is_endless":false,"potions_floor_spawned":[1,7,10,14,18,25,28],"killed_by":"Gremlin Leader","ascension_level":10}}