{"host":"i3w38rq1z4slkels","time":1614072280,"event":{"mods":["2.2 Compatiblity","Act Like it!","BaseMod","Better Match","Better Vampires","BetterRewards","Conspire","Downfall","Minty Spire (QoL Compilation)","Rare Cards Sparkle","Replay The Spire","StSLib"],"gold_per_floor":[0,10,24,24,41,41,64,64,64,91,110,128,28,40,59,59,59,59],"floor_reached":16,"language":"ENG","playtime":780,"items_purged":[],"score":120,"play_id":"e7edc79a-5a18-453c-b2de-a4b15cec086c","local_time":"20210223162440","is_ascension_mode":true,"campfire_choices":[{"floor":1,"key":"RECALL"},{"data":"bronze:Replicate","floor":6,"key":"SMITH"},{"data":"bronze:Defend","floor":9,"key":"SMITH"},{"data":"bronze:Strike","floor":13,"key":"SMITH"}],"circlet_count":0,"master_deck":["bronze:Strike","bronze:Strike","bronze:Strike+1","bronze:Defend+1","bronze:Defend","bronze:Defend","bronze:Replicate+1","bronze:Goto","bronze:Optimize","bronze:ChildClass","bronze:InfiniteBeams"],"relics":["bronze:BronzeCore","bronze:BronzeIdol","ReplayTheSpireMod:Ring of Challenge","Replay:Accelerometer","downfall:HeartBlessingRed"],"acts_visited":["Exordium"],"potions_floor_usage":[11,16],"damage_taken":[{"damage":0,"enemies":"conspire:RoseBush","floor":2,"turns":6},{"damage":1,"enemies":"Cultist","floor":3,"turns":3},{"damage":4,"enemies":"Small Slimes","floor":5,"turns":3},{"damage":19,"enemies":"Lagavulin","floor":10,"turns":5},{"damage":9,"enemies":"conspire:2 RoseBushes","floor":11,"turns":8},{"damage":12,"enemies":"Lots of Slimes","floor":12,"turns":5},{"damage":11,"enemies":"downfall:LooterAlt","floor":14,"turns":3},{"damage":5,"enemies":"2 Fungi Beasts","floor":15,"turns":3},{"damage":10,"enemies":"WA_ARCHETYPE_RETAIN","floor":16,"turns":6}],"seed_played":"-6160632561609741040","potions_obtained":[{"floor":3,"key":"SpeedPotion"},{"floor":10,"key":"Weak Potion"},{"floor":15,"key":"SkillPotion"}],"is_trial":false,"path_per_floor":["R","M","M","?","M","R","T","?","R","E","M","M","R","M","M","B"],"character_chosen":"THE_AUTOMATON","items_purchased":[],"campfire_rested":0,"item_purchase_floors":[],"current_hp_per_floor":[70,70,69,69,65,65,65,65,65,46,37,25,25,14,9,0,0,0],"gold":59,"neow_bonus":"REMOVE_TWO","is_daily":false,"chose_seed":false,"campfire_upgraded":3,"win_rate":0.0,"timestamp":1614072280,"path_taken":["R","M","M","?","M","R","T","?","R","E","M","M","R","M","M","BOSS"],"items_purchased_type":[],"build_version":"2020-12-22","purchased_purges":0,"victory":false,"max_hp_per_floor":[70,70,70,70,70,70,70,70,70,70,70,70,70,70,70,70,70,70],"card_choices":[{"not_picked":["bronze:Invalidate","bronze:Frontload","bronze:DarkDash"],"picked":"SKIP","floor":2},{"not_picked":["bronze:DelayedGuard","bronze:ForceShield"],"picked":"bronze:Optimize","floor":3},{"not_picked":["bronze:Allocate","bronze:Safeguard","bronze:Branch"],"picked":"SKIP","floor":5},{"not_picked":["bronze:BronzeOrb","bronze:CutThrough","bronze:Safeguard"],"picked":"SKIP","floor":10},{"not_picked":["bronze:WhirlingStrike","bronze:DarkDash","bronze:Fortify"],"picked":"SKIP","floor":11},{"not_picked":["bronze:DarkDash","bronze:Frontload","bronze:Optimize"],"picked":"SKIP","floor":12},{"not_picked":["bronze:Refactor","bronze:Deprecate"],"picked":"bronze:ChildClass","floor":14},{"not_picked":["bronze:WildBeam","bronze:Terminator"],"picked":"bronze:InfiniteBeams","floor":15}],"player_experience":514160,"relics_obtained":[{"floor":7,"key":"bronze:BronzeIdol"},{"floor":8,"key":"ReplayTheSpireMod:Ring of Challenge"},{"floor":10,"key":"Replay:Accelerometer"}],"event_choices":[],"is_beta":false,"boss_relics":[],"items_purged_floors":[],"is_endless":false,"potions_floor_spawned":[3,10,15],"killed_by":"WA_ARCHETYPE_RETAIN","ascension_level":3}}