{"host":"avjwtc49fhlk6kym","time":1614104606,"event":{"mods":["AchievementEnabler","BaseMod","Better Match","Better Note","Better Third Choice","Colored Map","Colored Powertips","Displayed Cursed Tome","Highlight Path","Minty Spire (QoL Compilation)","Permanent Neow","Quick Restart","StSLib"],"gold_per_floor":[117,117,117,48,11,40,56,56,124,140,157,157,173,189,189,189,189],"floor_reached":16,"language":"ENG","playtime":466,"items_purged":[],"score":112,"play_id":"b0c441d0-3d44-4ca0-ae6a-0b61063f4ce1","local_time":"20210223132326","is_ascension_mode":true,"campfire_choices":[{"floor":8,"key":"REST"},{"data":"BattleHymn","floor":12,"key":"SMITH"},{"data":"Consecrate","floor":15,"key":"SMITH"}],"circlet_count":0,"master_deck":["Strike_P","Strike_P","Strike_P","Strike_P","Defend_P","Defend_P","Defend_P","Defend_P","Eruption+1","Vigilance","BowlingBash","BattleHymn+1","InnerPeace","FollowUp","Prostrate","Protect","Swivel","Consecrate+1"],"relics":["PureWater","Blood Vial","Meat on the Bone","Peace Pipe","Ancient Tea Set","StrikeDummy"],"acts_visited":["Exordium"],"potions_floor_usage":[11,13,14],"damage_taken":[{"damage":0,"enemies":"Small Slimes","floor":1,"turns":2},{"damage":22,"enemies":"Lagavulin","floor":6,"turns":5},{"damage":12,"enemies":"Jaw Worm","floor":7,"turns":3},{"damage":0,"enemies":"Cultist","floor":10,"turns":3},{"damage":11,"enemies":"Blue Slaver","floor":11,"turns":4},{"damage":0,"enemies":"3 Louse","floor":13,"turns":2},{"damage":0,"enemies":"Large Slime","floor":14,"turns":3},{"damage":60,"enemies":"The Guardian","floor":16,"turns":9}],"seed_played":"-6625060551631764605","potions_obtained":[{"floor":7,"key":"SpeedPotion"},{"floor":11,"key":"DistilledChaos"},{"floor":13,"key":"Swift Potion"}],"is_trial":false,"path_per_floor":["M","?","T","?","$","E","M","R","T","M","M","R","M","M","R","B"],"character_chosen":"WATCHER","items_purchased":["BattleHymn"],"campfire_rested":1,"item_purchase_floors":[5],"current_hp_per_floor":[72,72,72,72,72,50,40,61,61,63,54,54,56,58,58,0,0],"gold":189,"neow_bonus":"RANDOM_COMMON_RELIC","is_daily":false,"chose_seed":false,"campfire_upgraded":2,"win_rate":0.0,"timestamp":1614104606,"path_taken":["M","?","?","?","$","E","M","R","T","?","M","R","M","M","R","BOSS"],"items_purchased_type":["Card"],"build_version":"2020-12-22","purchased_purges":0,"victory":false,"max_hp_per_floor":[72,72,72,72,72,72,72,72,72,72,72,72,72,72,72,72,72],"card_choices":[{"not_picked":["FlyingSleeves","CarveReality"],"picked":"BowlingBash","floor":1},{"not_picked":["Protect","EmptyBody"],"picked":"InnerPeace","floor":6},{"not_picked":["CutThroughFate","EmptyBody"],"picked":"FollowUp","floor":7},{"not_picked":["CutThroughFate","EmptyFist"],"picked":"Prostrate","floor":10},{"not_picked":["EmptyMind","Wish"],"picked":"Protect","floor":11},{"not_picked":["MentalFortress","CarveReality"],"picked":"Swivel","floor":13},{"not_picked":["BattleHymn","FollowUp"],"picked":"Consecrate","floor":14}],"player_experience":465441,"relics_obtained":[{"floor":3,"key":"Meat on the Bone"},{"floor":6,"key":"Ancient Tea Set"},{"floor":9,"key":"StrikeDummy"}],"event_choices":[{"damage_healed":0,"gold_gain":0,"player_choice":"Grow","damage_taken":0,"max_hp_gain":0,"max_hp_loss":0,"event_name":"Living Wall","floor":2,"gold_loss":0,"cards_upgraded":["Eruption"]},{"damage_healed":0,"gold_gain":0,"player_choice":"Paid Gold","damage_taken":0,"relics_obtained":["Peace Pipe"],"max_hp_gain":0,"max_hp_loss":0,"event_name":"WeMeetAgain","floor":4,"gold_loss":69}],"is_beta":false,"boss_relics":[],"items_purged_floors":[],"is_endless":false,"potions_floor_spawned":[7,11,13],"killed_by":"The Guardian","ascension_level":2}}