{"host":"dl909bjyolgrn2uw","time":1614044220,"event":{"mods":["2.2 Compatiblity","AchievementEnabler","BaseMod","Bestiary","Better Altar","Better Note","Better Sensory Stone","Better Skull","Better Vampires","Better-Laid Plans","Colored Powertips","Conspire","Curses Come First","Disable Question Mark Monsters","Displayed Cursed Tome","Downfall","Emptier Cage","Minty Spire (QoL Compilation)","Morshu Shopkeeper","Permanent Neow","Quick Restart","Rare Cards Sparkle","Relic Stats","Shop Mod","Spicy Shops","StSLib","SuperFastMode","Transform Curses"],"gold_per_floor":[99,111,121,21,21,47,47,66,77,110,110,130,280,308,318,423,423,423,434,446,456,65,77,154,180,180,196,196,231,31,51,61,158,158,158,169,189,201,201,201,201,214,214,241,141,175,175,175,195,197,197,231,84,84,84,84],"floor_reached":57,"language":"ENG","playtime":5820,"items_purged":["downfall:Icky"],"score":1342,"play_id":"09b8f50d-7bb3-4f13-992f-e6be3948dcd7","local_time":"20210222193700","is_ascension_mode":true,"campfire_choices":[{"data":"Guardian:TwinSlam","floor":1.0,"key":"SMITH"},{"data":"Guardian:DonusPower","floor":11.0,"key":"SMITH"},{"data":"Guardian:BaubleBeam","floor":18.0,"key":"SMITH"},{"floor":26.0,"key":"RECALL"},{"floor":30.0,"key":"REST"},{"data":"Guardian:TemporalShield","floor":35.0,"key":"SMITH"},{"floor":45.0,"key":"REST"},{"data":"Guardian:ConstructionForm","floor":47.0,"key":"SMITH"},{"data":"1","floor":54.0,"key":"LIFT"}],"circlet_count":0,"master_deck":["Guardian:Strike_Guardian","Guardian:Defend_Guardian","Guardian:Defend_Guardian","Guardian:Defend_Guardian","Guardian:Defend_Guardian","Guardian:CurlUp","Guardian:TwinSlam+1","Ghostly","Guardian:Clone","Guardian:DonusPower+1","Guardian:Recover","Guardian:TemporalShield+1","Guardian:BaubleBeam+1","Guardian:ShieldSpikes+1","Guardian:TemporalShield+1","Guardian:Clone","Guardian:TimeBomb+1","Guardian:FastForward+1","Guardian:TemporalShield+1","Guardian:ShieldCharger+1","Guardian:ConstructionForm+1","Guardian:Preprogram+1","Guardian:PolyBeam+1","Guardian:ChargeCore+1","expansioncontent:Chronoboost","expansioncontent:Chronoboost","expansioncontent:Hexaburn","Guardian:Preprogram+1","Guardian:TimeSifter","Guardian:FloatingOrbs+1","Guardian:DonusPower+1"],"relics":["Empty Cage","downfall:ShatteredFragment","Juzu Bracelet","Bag of Preparation","Akabeko","Odd Mushroom","SlaversCollar","Toolbox","Centennial Puzzle","Toxic Egg 2","Matryoshka","Question Card","downfall:HeartBlessingRed","downfall:HeartBlessingGreen","bronze:MakeshiftBattery","WarpedTongs","Guardian:PickAxe","conspire:Flyswatter","Pear","Girya","downfall:HeartBlessingBlue","Strawberry","Mummified Hand","Medical Kit"],"acts_visited":["Exordium","TheCity","TheBeyond","TheEnding"],"potions_floor_usage":[56,56,56],"damage_taken":[{"damage":1.0,"enemies":"Jaw Worm","floor":2.0,"turns":4.0},{"damage":0.0,"enemies":"Small Slimes","floor":3.0,"turns":4.0},{"damage":16.0,"enemies":"Gremlin Nob","floor":6.0,"turns":5.0},{"damage":0.0,"enemies":"2 Louse","floor":8.0,"turns":3.0},{"damage":4.0,"enemies":"Exordium Wildlife","floor":9.0,"turns":3.0},{"damage":8.0,"enemies":"Lagavulin","floor":10.0,"turns":5.0},{"damage":0.0,"enemies":"downfall:LooterAlt","floor":12.0,"turns":3.0},{"damage":1.0,"enemies":"The Mushroom Lair","floor":14.0,"turns":4.0},{"damage":0.0,"enemies":"Lots of Slimes","floor":15.0,"turns":4.0},{"damage":14.0,"enemies":"DF_ARCHETYPE_STREAMLINE","floor":16.0,"turns":6.0},{"damage":4.0,"enemies":"conspire:FuzzyDice","floor":19.0,"turns":4.0},{"damage":0.0,"enemies":"Shell Parasite","floor":20.0,"turns":5.0},{"damage":2.0,"enemies":"Snake Plant","floor":21.0,"turns":5.0},{"damage":0.0,"enemies":"downfall:FleeingMerchant","floor":22.0,"turns":4.0},{"damage":1.0,"enemies":"conspire:HollyBat","floor":23.0,"turns":7.0},{"damage":10.0,"enemies":"Book of Stabbing","floor":25.0,"turns":5.0},{"damage":8.0,"enemies":"Shelled Parasite and Fungi","floor":27.0,"turns":4.0},{"damage":5.0,"enemies":"Slavers","floor":29.0,"turns":5.0},{"damage":4.0,"enemies":"Snake Plant","floor":31.0,"turns":3.0},{"damage":0.0,"enemies":"Centurion and Healer","floor":32.0,"turns":5.0},{"damage":17.0,"enemies":"WA_ARCHETYPE_CALM","floor":33.0,"turns":9.0},{"damage":5.0,"enemies":"3 Darklings","floor":36.0,"turns":6.0},{"damage":4.0,"enemies":"Orb Walker","floor":37.0,"turns":3.0},{"damage":0.0,"enemies":"4 Shapes","floor":38.0,"turns":6.0},{"damage":8.0,"enemies":"Writhing Mass","floor":42.0,"turns":7.0},{"damage":16.0,"enemies":"Giant Head","floor":44.0,"turns":7.0},{"damage":12.0,"enemies":"Reptomancer","floor":46.0,"turns":5.0},{"damage":0.0,"enemies":"Maw","floor":49.0,"turns":6.0},{"damage":0.0,"enemies":"IC_BLOCK_ARCHETYPE","floor":50.0,"turns":9.0},{"damage":0.0,"enemies":"downfall:CharBossMerchant","floor":52.0,"turns":7.0},{"damage":0.0,"enemies":"downfall:NeowBoss","floor":55.0,"turns":8.0},{"damage":6,"enemies":"downfall:NeowBossFinal","floor":56,"turns":8}],"seed_played":"-1613521637968525387","potions_obtained":[{"floor":6.0,"key":"Fire Potion"},{"floor":8.0,"key":"DuplicationPotion"},{"floor":12.0,"key":"AttackPotion"},{"floor":15.0,"key":"SteroidPotion"},{"floor":16.0,"key":"Guardian:DefensiveModePotion"},{"floor":19.0,"key":"LiquidMemories"},{"floor":29.0,"key":"Strength Potion"},{"floor":31.0,"key":"PowerPotion"},{"floor":33.0,"key":"Weak Potion"},{"floor":44.0,"key":"Block Potion"},{"floor":46.0,"key":"DistilledChaos"},{"floor":49.0,"key":"DuplicationPotion"}],"is_trial":false,"path_per_floor":["R","M","M","?","?","E","T","M","M","E","R","M","?","?","M","B",null,"R","M","M","M","$","M","T","E","R","M","?","E","R","M","M","B",null,"R","M","M","M","?","T","T","M","?","E","R","E","R","?","M","B",null,"E","$","R","B","B",null],"character_chosen":"GUARDIAN","items_purchased":["Toolbox","Centennial Puzzle","Medical Kit"],"campfire_rested":2,"item_purchase_floors":[22,22,53],"current_hp_per_floor":[80,79,79,79,55,39,39,39,35,27,27,27,27,26,26,12,80,80,76,76,74,74,73,73,63,63,55,54,49,73,69,69,52,80,80,75,71,71,71,71,81,73,63,47,87,82,82,82,82,82,107,107,107,107,107,101],"gold":84,"neow_bonus":"BOSS_RELIC","is_daily":false,"chose_seed":false,"campfire_upgraded":5,"win_rate":0.0,"timestamp":1614044220,"path_taken":["R","M","M","?","?","E","T","M","M","E","R","M","?","?","M","BOSS","R","M","M","M","$","M","T","E","R","M","?","E","R","M","M","BOSS","R","M","M","M","?","?","T","M","?","E","R","E","R","?","M","BOSS","E","$","R","BOSS","BOSS"],"items_purchased_type":["Relic","Relic","Relic"],"build_version":"2020-12-22","purchased_purges":1,"victory":true,"max_hp_per_floor":[80,80,80,80,80,80,80,80,80,80,80,80,80,80,80,80,80,80,80,80,80,80,80,80,80,80,80,80,80,80,80,80,80,80,80,80,80,80,80,80,90,90,90,90,100,107,107,107,107,107,107,107,107,107,107,107],"relic_stats":{"Centennial Puzzle":[36],"counters":[32,168],"Mummified Hand":[18],"Juzu Bracelet":2,"Bag of Preparation":[58],"Question Card":14,"Medical Kit":[7],"obtain_stats":[{"downfall:HeartBlessingGreen":30,"Juzu Bracelet":6,"Bag of Preparation":7,"Empty Cage":0,"Guardian:PickAxe":40,"Centennial Puzzle":22,"Matryoshka":25,"downfall:HeartBlessingBlue":45,"Mummified Hand":52,"Strawberry":46,"Toolbox":22,"Toxic Egg 2":24,"Girya":44,"downfall:ShatteredFragment":5,"Pear":41,"downfall:HeartBlessingRed":30,"Guardian:ModeShifter":0,"Odd Mushroom":14,"Question Card":29,"Medical Kit":53,"Akabeko":10,"WarpedTongs":39,"SlaversCollar":17,"bronze:MakeshiftBattery":34,"conspire:Flyswatter":41},{"downfall:HeartBlessingGreen":18,"Juzu Bracelet":3,"Bag of Preparation":3,"Empty Cage":0,"Guardian:PickAxe":24,"Centennial Puzzle":14,"Matryoshka":16,"downfall:HeartBlessingBlue":26,"Mummified Hand":30,"Strawberry":27,"Toolbox":14,"Toxic Egg 2":15,"Girya":26,"downfall:ShatteredFragment":2,"Pear":24,"downfall:HeartBlessingRed":18,"Guardian:ModeShifter":0,"Odd Mushroom":8,"Question Card":18,"Medical Kit":30,"Akabeko":6,"WarpedTongs":24,"SlaversCollar":10,"bronze:MakeshiftBattery":21,"conspire:Flyswatter":24},{"downfall:HeartBlessingGreen":79,"Juzu Bracelet":13,"Bag of Preparation":13,"Empty Cage":0,"Guardian:PickAxe":111,"Centennial Puzzle":59,"Matryoshka":71,"downfall:HeartBlessingBlue":125,"Mummified Hand":152,"Strawberry":130,"Toolbox":59,"Toxic Egg 2":66,"Girya":125,"downfall:ShatteredFragment":8,"Pear":111,"downfall:HeartBlessingRed":79,"Guardian:ModeShifter":0,"Odd Mushroom":31,"Question Card":79,"Medical Kit":152,"Akabeko":24,"WarpedTongs":111,"SlaversCollar":41,"bronze:MakeshiftBattery":96,"conspire:Flyswatter":111}],"WarpedTongs":[57]},"card_choices":[{"not_picked":["Guardian:CrystalBeam","Guardian:MultiBeam","Guardian:Gem_Cyan"],"picked":"SKIP","floor":2.0},{"not_picked":["Guardian:Suspension","Guardian:RollAttack"],"picked":"Guardian:Gem_Fragmented","floor":3.0},{"not_picked":["Guardian:Planning","Guardian:Orbwalk"],"picked":"Guardian:Clone","floor":6.0},{"not_picked":["Guardian:VentSteam","Guardian:Repulse"],"picked":"Guardian:DonusPower","floor":8.0},{"not_picked":["Guardian:Incinerate","Guardian:Planning"],"picked":"Guardian:Recover","floor":9.0},{"not_picked":["Guardian:VentSteam","Guardian:ShieldCharger"],"picked":"Guardian:Gem_Purple","floor":10.0},{"not_picked":["Guardian:PiercingHide","Guardian:GuardianWhirl"],"picked":"Guardian:Gem_White","floor":12.0},{"not_picked":["Guardian:RefractedBeam","Guardian:PrimingBeam"],"picked":"Guardian:TemporalShield","floor":14.0},{"not_picked":["Guardian:VentSteam","Guardian:Suspension","Guardian:TemporalShield"],"picked":"SKIP","floor":15.0},{"not_picked":["Guardian:HyperBeam_Guardian","Guardian:FastForward"],"picked":"Guardian:BaubleBeam","floor":16.0},{"not_picked":["Guardian:Gem_Red","Guardian:Reroute"],"picked":"Guardian:ShieldSpikes+1","floor":19.0},{"not_picked":["Guardian:TimeCapacitor","Guardian:Gem_Yellow"],"picked":"Guardian:TemporalShield+1","floor":20.0},{"not_picked":["Guardian:RollAttack","Guardian:TemporalStrike","Guardian:Gem_Blue"],"picked":"SKIP","floor":21.0},{"not_picked":["Guardian:TimeCapacitor","Guardian:Planning+1"],"picked":"Guardian:Clone","floor":22.0},{"not_picked":["Guardian:WalkerClaw","Guardian:Recover","Guardian:Repulse"],"picked":"SKIP","floor":23.0},{"not_picked":["Guardian:Gem_Green","Guardian:GuardianWhirl"],"picked":"Guardian:Gem_Crimson","floor":25.0},{"not_picked":["Guardian:SpikerProtocol","Guardian:RollAttack"],"picked":"Guardian:TimeBomb+1","floor":27.0},{"not_picked":["Guardian:Gem_Fragmented","Guardian:GuardianWhirl"],"picked":"Guardian:FastForward+1","floor":29.0},{"not_picked":["Guardian:Gem_Red","Guardian:Incinerate","Guardian:VentSteam+1"],"picked":"Guardian:TemporalShield+1","floor":31.0},{"not_picked":["Guardian:RefractedBeam","Guardian:WalkerClaw","Guardian:GuardianWhirl"],"picked":"Guardian:ShieldCharger+1","floor":32.0},{"not_picked":["Guardian:HyperBeam_Guardian","Guardian:ExploitGems+1","Guardian:SphericShield+1"],"picked":"Guardian:ConstructionForm","floor":33.0},{"not_picked":["Guardian:PrismaticBeam","Guardian:CrystalBeam+1","Guardian:BronzeArmor+1"],"picked":"Guardian:Preprogram+1","floor":36.0},{"not_picked":["Guardian:BronzeOrb","Guardian:VentSteam+1","Guardian:Gem_Cyan","Guardian:BodySlam+1"],"picked":"SKIP","floor":37.0},{"not_picked":["Guardian:Suspension+1","Guardian:TemporalStrike","Guardian:PiercingHide+1"],"picked":"Guardian:PolyBeam+1","floor":38.0},{"not_picked":["Guardian:PrimingBeam","Guardian:VentSteam+1","Guardian:ShieldCharger+1"],"picked":"Guardian:ChargeCore+1","floor":42.0},{"not_picked":["expansioncontent:PrepareCrush","expansioncontent:LastStand"],"picked":"expansioncontent:Chronoboost","floor":43.0},{"not_picked":["expansioncontent:AwakenDeath","expansioncontent:LastStand"],"picked":"expansioncontent:Chronoboost","floor":43.0},{"not_picked":["expansioncontent:HyperBeam","expansioncontent:LastStand"],"picked":"expansioncontent:Hexaburn","floor":43.0},{"not_picked":["Guardian:Harden+1","Guardian:Gem_Cyan","Guardian:PrismaticBarrier+1"],"picked":"Guardian:Preprogram+1","floor":44.0},{"not_picked":["Guardian:Gem_Green","Guardian:SentryBeam","Guardian:WalkerClaw+1"],"picked":"Guardian:TimeSifter","floor":46.0},{"not_picked":["Guardian:ShieldCharger+1","Guardian:PrimingBeam+1","Guardian:Clone+1"],"picked":"Guardian:FloatingOrbs+1","floor":49.0},{"not_picked":["Guardian:ShieldCharger+1","Guardian:Reroute","Guardian:TemporalStrike+1"],"picked":"Guardian:DonusPower+1","floor":52.0}],"player_experience":516591,"relics_obtained":[{"floor":6.0,"key":"Juzu Bracelet"},{"floor":7.0,"key":"Bag of Preparation"},{"floor":10.0,"key":"Akabeko"},{"floor":14.0,"key":"Odd Mushroom"},{"floor":24.0,"key":"Toxic Egg 2"},{"floor":25.0,"key":"Matryoshka"},{"floor":29.0,"key":"Question Card"},{"floor":40.0,"key":"Guardian:PickAxe"},{"floor":41.0,"key":"conspire:Flyswatter"},{"floor":41.0,"key":"Pear"},{"floor":44.0,"key":"Girya"},{"floor":46.0,"key":"Strawberry"},{"floor":52.0,"key":"Mummified Hand"}],"event_choices":[{"damage_healed":0.0,"max_hp_gain":0.0,"max_hp_loss":0.0,"gold_gain":0.0,"event_name":"conspire:LoneGhost","player_choice":"Argue","floor":4.0,"gold_loss":0.0,"damage_taken":0.0},{"damage_healed":0.0,"max_hp_gain":0.0,"max_hp_loss":0.0,"gold_gain":0.0,"event_name":"Mushrooms","player_choice":"Fought Mushrooms","floor":14.0,"gold_loss":0.0,"damage_taken":0.0},{"damage_healed":0.0,"max_hp_gain":0.0,"max_hp_loss":0.0,"gold_gain":0.0,"event_name":"betterSkull:BetterSkull","player_choice":"","floor":28.0,"gold_loss":0.0,"damage_taken":1.0,"cards_upgraded":[],"relics_obtained":[]}],"is_beta":false,"boss_relics":[{"not_picked":["Runic Dome","conspire:SeveredTorchhead"],"picked":"SlaversCollar"},{"not_picked":["Pandora\u0027s Box","conspire:SpecialSausage"],"picked":"bronze:MakeshiftBattery"}],"items_purged_floors":[22],"is_endless":false,"potions_floor_spawned":[6,8,12,15,16,19,23,27,29,31,33,37,44,46,49],"ascension_level":1}}