{"host":"sw6p9u0oh417cx03","time":1614083966,"event":{"mods":["AchievementEnabler","Act Like it!","BaseMod","CapriCore","DeckTracker","Highlight Path","Minty Spire (QoL Compilation)","Quick Restart","StSLib"],"gold_per_floor":[14,14,26,43,43,43,43,43,97,97,113,123,139,157,157,229,229,244,263,111,127,27,27,27,27],"floor_reached":24,"language":"ZHS","playtime":997,"items_purged":["Strike_G","Strike_G+1"],"score":314,"play_id":"30dc7cdf-db12-4af2-abfd-2c61e04cd7d9","local_time":"20210223203926","is_ascension_mode":true,"campfire_choices":[{"data":"Blade Dance","floor":6.0,"key":"SMITH"},{"data":"Neutralize","floor":8.0,"key":"SMITH"},{"data":"Riddle With Holes","floor":15.0,"key":"SMITH"},{"data":"Accuracy","floor":23.0,"key":"SMITH"}],"circlet_count":0,"master_deck":["AscendersBane","Strike_G+1","Defend_G","Defend_G","Defend_G","Defend_G","Survivor","Neutralize+1","Backflip","Blade Dance+1","Footwork","Riddle With Holes+1","Adrenaline","Concentrate+1","Accuracy+1"],"relics":["Ring of the Snake","InkBottle","Centennial Puzzle","Runic Pyramid"],"acts_visited":["Exordium","TheCity"],"potions_floor_usage":[],"damage_taken":[{"damage":0.0,"enemies":"Small Slimes","floor":1.0,"turns":5.0},{"damage":10.0,"enemies":"Cultist","floor":3.0,"turns":5.0},{"damage":4.0,"enemies":"2 Louse","floor":4.0,"turns":3.0},{"damage":0.0,"enemies":"Blue Slaver","floor":11.0,"turns":4.0},{"damage":1.0,"enemies":"Large Slime","floor":12.0,"turns":6.0},{"damage":2.0,"enemies":"3 Louse","floor":13.0,"turns":3.0},{"damage":2.0,"enemies":"2 Fungi Beasts","floor":14.0,"turns":3.0},{"damage":49.0,"enemies":"Hexaghost","floor":16.0,"turns":12.0},{"damage":0.0,"enemies":"3 Byrds","floor":18.0,"turns":5.0},{"damage":0.0,"enemies":"Chosen","floor":19.0,"turns":3.0},{"damage":6.0,"enemies":"Centurion and Healer","floor":21.0,"turns":3.0},{"damage":0,"enemies":"Slavers","floor":24,"turns":1}],"seed_played":"-4882205056261558674","potions_obtained":[{"floor":1.0,"key":"SmokeBomb"},{"floor":11.0,"key":"Regen Potion"},{"floor":12.0,"key":"Regen Potion"},{"floor":21.0,"key":"LiquidBronze"}],"is_trial":false,"path_per_floor":["M","?","M","M","?","R","T","R","T","?","M","M","M","M","R","B",null,"M","M","$","M","$","R","E"],"character_chosen":"THE_SILENT","items_purchased":["Accuracy"],"campfire_rested":0,"item_purchase_floors":[20],"current_hp_per_floor":[63,63,53,49,35,35,35,35,35,35,35,34,32,30,30,34,61,61,61,61,55,55,55,55,55],"gold":27,"neow_bonus":"REMOVE_TWO","is_daily":false,"chose_seed":false,"campfire_upgraded":4,"win_rate":0.0,"timestamp":1614083966,"path_taken":["M","?","?","M","?","R","?","R","T","?","M","M","M","M","R","BOSS","M","M","$","M","$","R","E"],"items_purchased_type":["Card"],"build_version":"2020-12-22","purchased_purges":2,"victory":false,"max_hp_per_floor":[70,70,70,70,70,70,70,70,70,70,70,70,70,70,70,70,70,70,70,70,70,70,70,70,70],"card_choices":[{"not_picked":["Catalyst","Cloak And Dagger"],"picked":"Backflip","floor":1.0},{"not_picked":["Accuracy","PiercingWail"],"picked":"Blade Dance","floor":3.0},{"not_picked":["Quick Slash","Dagger Throw","PiercingWail"],"picked":"SKIP","floor":4.0},{"not_picked":["Bane","PiercingWail","Flying Knee"],"picked":"SKIP","floor":11.0},{"not_picked":["Distraction","Deflect","Glass Knife"],"picked":"SKIP","floor":12.0},{"not_picked":["Concentrate","Heel Hook"],"picked":"Footwork","floor":13.0},{"not_picked":["Underhanded Strike","PiercingWail"],"picked":"Riddle With Holes","floor":14.0},{"not_picked":["Malaise","Night Terror"],"picked":"Adrenaline","floor":16.0},{"not_picked":["Finisher+1","Outmaneuver"],"picked":"Concentrate+1","floor":18.0},{"not_picked":["Poisoned Stab","Quick Slash","Backstab"],"picked":"SKIP","floor":19.0},{"not_picked":["Malaise","Backflip","Masterful Stab"],"picked":"SKIP","floor":21.0}],"player_experience":315639,"relics_obtained":[{"floor":7.0,"key":"InkBottle"},{"floor":9.0,"key":"Centennial Puzzle"}],"event_choices":[{"cards_removed":["Defend_G"],"damage_healed":0.0,"max_hp_gain":0.0,"max_hp_loss":0.0,"gold_gain":0.0,"event_name":"Bonfire Elementals","player_choice":"Offered Basic","floor":2.0,"gold_loss":0.0,"damage_taken":0.0},{"damage_healed":0.0,"max_hp_gain":0.0,"max_hp_loss":0.0,"gold_gain":0.0,"event_name":"Shining Light","player_choice":"Entered Light","floor":5.0,"gold_loss":0.0,"damage_taken":14.0,"cards_upgraded":["Strike_G","Strike_G"]},{"damage_healed":0.0,"max_hp_gain":0.0,"max_hp_loss":0.0,"gold_gain":0.0,"event_name":"Dead Adventurer","player_choice":"Searched \u00270\u0027 times","floor":10.0,"gold_loss":0.0,"damage_taken":0.0}],"is_beta":false,"boss_relics":[{"not_picked":["Empty Cage","Snecko Eye"],"picked":"Runic Pyramid"}],"items_purged_floors":[20,22],"is_endless":false,"potions_floor_spawned":[1,11,12,21],"killed_by":"Slavers","ascension_level":13}}