{"host":"gm50ke85n5jz306u","time":1614099513,"event":{"mods":["AchievementEnabler","AlwaysNeverKeys","Aspiration","BaseMod","Bestiary","Better Altar","Better Match","Better Note","Better Sensory Stone","Better Skull","Better Third Choice","Better Vampires","Better-Laid Plans","BetterRewards","Colored Powertips","Curses Come First","DNKmod","Defuse TimeMaze Blight","Disable Question Mark Monsters","Displayed Cursed Tome","Downfall","Emptier Cage","Extra Virgin Snecko Oil","Filter the Spire","Friendly Minions","Gremlin Skip","Hermit","Hubris","Hyrulean Relics","Ironclad Rager","Jorbs\u0027s Wanderer Trilogy","Koishi","Lobotomy","Marisa????????","Marked Mod","Minty Spire (QoL Compilation)","Permanent Neow","Poor People Problems","Quick Restart","Reimu??????","Relic Filter Mod","Relic Sorter","Remilia??????","Remove Card Discount Mod","Reorder Act Four","Replay The Spire","Shop Mod","StSLib","Synergy Search","Td1madao Mod","The Administrix","The Animator","The Blue Laboratory","The Bug Knight","The Construct","The Cursed","The Disciple","The Hierophant","The Necromancer","The Runesmith","The Senshi","The Servant 0.9.4","Thieving Mod","Transform Curses","WarShipGirlsR/????R mod","Youmu??????"],"gold_per_floor":[10015,10029,10040,10059,9168,9168,9168,9168,9168,9188,9188,8736,8752,8762,8762,8864,8864,8874,8254,8269,8284,7675,7675,7702,7702,7702,7715,7732,7744,7778,7778,7778,7901,7901,7939,7939,7979,8051,8085,8085,8085,8085,8094,8094,7372,7372,7398,7439,7439,7475],"floor_reached":51,"language":"ENG","playtime":2998,"items_purged":["champ:ShieldThrow","champ:Taunt","champ:Execute","champ:Strike","champ:Strike","champ:Strike","champ:Strike","champ:Defend","champ:Defend","Delirium","champ:Defend","champ:Defend"],"score":760,"play_id":"830ce1c5-37dd-422d-b6fe-6514bd4220db","local_time":"20210223175833","is_ascension_mode":true,"campfire_choices":[{"data":"champ:CheapShot","floor":6.0,"key":"SMITH"},{"data":"champ:CalledShot","floor":11.0,"key":"SMITH"},{"data":"champ:CalledShot","floor":15.0,"key":"SMITH"},{"data":"champ:RageSigil","floor":23.0,"key":"SMITH"},{"data":"Dramatic Entrance","floor":25.0,"key":"SMITH"},{"data":"champ:Shatter","floor":32.0,"key":"SMITH"},{"data":"champ:AdrenalArmor","floor":40,"key":"SMITH"},{"data":"champ:FocusedBerserking","floor":42,"key":"SMITH"},{"data":"champ:FanOfKnives","floor":44,"key":"SMITH"},{"data":"champ:FanOfKnives","floor":49,"key":"SMITH"}],"circlet_count":0,"master_deck":["champ:CalledShot+1","champ:CalledShot+1","champ:FanOfKnives+1","champ:FocusedBerserking+1","champ:CheapShot+1","champ:Shatter+1","champ:EnGarde","champ:Endure+1","champ:RageSigil+1","champ:BerserkerStyle+1","champ:FanOfKnives+1","Dramatic Entrance+1","champ:Shatter+1","champ:CalledShot+1","champ:GladiatorForm+1","champ:AdrenalArmor+1","Wraith","champ:Shatter+1","champ:EnGarde","champ:Shatter","champ:LastStand+1","champ:LastStand+1"],"relics":["champ:ChampionCrown","hubris:DeckOfHolding","Kunai","Replay:Bandana","Happy Flower","Cursed Key","Sozu","Ice Cream","CaptainsWheel","Medical Kit","hubris:Potato","ClockworkSouvenir","Quantum Egg","Du-Vu Doll","MerchantsRug","Singing Bowl","aspiration:StickyExplosives_weak","Frozen Egg 2","Strawberry","CeramicFish","Bottled Flame"],"acts_visited":["Exordium","TheCity","TheBeyond"],"potions_floor_usage":[],"damage_taken":[{"damage":26.0,"enemies":"Jaw Worm","floor":1.0,"turns":4.0},{"damage":1.0,"enemies":"2 Louse","floor":2.0,"turns":3.0},{"damage":0.0,"enemies":"Small Slimes","floor":3.0,"turns":3.0},{"damage":19.0,"enemies":"2 Fungi Beasts","floor":4.0,"turns":3.0},{"damage":14.0,"enemies":"Blue Slaver","floor":10.0,"turns":6.0},{"damage":10.0,"enemies":"Looter","floor":13.0,"turns":4.0},{"damage":13.0,"enemies":"3 Louse","floor":14.0,"turns":4.0},{"damage":62.0,"enemies":"Fading Forest","floor":16.0,"turns":11.0},{"damage":20.0,"enemies":"Shell Parasite","floor":18.0,"turns":5.0},{"damage":25.0,"enemies":"3 Byrds","floor":20.0,"turns":3.0},{"damage":52.0,"enemies":"Centurion and Healer","floor":21.0,"turns":5.0},{"damage":30.0,"enemies":"Slavers","floor":24.0,"turns":3.0},{"damage":50.0,"enemies":"Snake Plant","floor":27.0,"turns":4.0},{"damage":30.0,"enemies":"3 Cultists","floor":28.0,"turns":3.0},{"damage":49.0,"enemies":"Cultist and Chosen","floor":29.0,"turns":4.0},{"damage":70.0,"enemies":"HollowMod:Nosk","floor":30.0,"turns":7.0},{"damage":129.0,"enemies":"hubris:MusketHawk","floor":33.0,"turns":9.0},{"damage":41.0,"enemies":"Orb Walker","floor":35.0,"turns":3.0},{"damage":37,"enemies":"3 Shapes","floor":37,"turns":3},{"damage":77,"enemies":"Mind Bloom Boss Battle","floor":38,"turns":5},{"damage":0,"enemies":"Sphere and 2 Shapes","floor":47,"turns":2},{"damage":11,"enemies":"4 Shapes","floor":48,"turns":2},{"damage":30,"enemies":"Donu and Deca","floor":50,"turns":7}],"seed_played":"-2105595404105183065","potions_obtained":[{"floor":3.0,"key":"blueLaboratory:BubblePotion"},{"floor":10.0,"key":"MagicPotion:ReiMu"},{"floor":12.0,"key":"FairyPotion"},{"floor":12.0,"key":"blueLaboratory:AbyssPotion"},{"floor":12.0,"key":"Milkshake"},{"floor":12.0,"key":"LifebloodPotion"},{"floor":12.0,"key":"blueLaboratory:CorrosionFlask"}],"is_trial":false,"path_per_floor":["M","M","M","M","$","R","?","?","T","M","R","$","M","M","R","B",null,"M","$","M","M","$","R","E","R","T","M","M","M","E","?","R","B",null,"M","?","M","?","$","R","?","R","T","R","$","?","M","M","R","B",null],"character_chosen":"THE_CHAMP","items_purchased":["Frozen Egg 2","Ice Cream","MerchantsRug","champ:FocusedBerserking","champ:CheapShot","aspiration:StickyExplosives_weak","Cauldron","champ:Shatter","Happy Flower","ClockworkSouvenir","hubris:CrystalStatue","champ:Endure+1","Singing Bowl","Medical Kit","champ:BerserkerStyle+1","champ:FanOfKnives","Dramatic Entrance","CeramicFish","Bottled Flame","CaptainsWheel","hubris:DeckOfHolding","champ:EnGarde","champ:Shatter","champ:LastStand+1"],"campfire_rested":0,"item_purchase_floors":[5,5,5,5,5,12,12,12,19,19,19,19,22,22,22,22,22,39,39,45,45,45,45,45],"current_hp_per_floor":[84,83,83,74,74,74,79,79,79,70,70,70,70,67,67,70,102,102,102,97,90,90,90,90,90,90,82,82,84,77,77,77,77,100,94,94,78,45,45,45,45,45,45,45,45,45,75,108,108,114],"gold":7475,"neow_bonus":"ONE_RANDOM_RARE_CARD","is_daily":false,"chose_seed":false,"campfire_upgraded":10,"win_rate":0.0,"timestamp":1614099513,"path_taken":["M","M","M","M","$","R","?","?","T","M","R","$","M","M","R","BOSS","M","$","M","M","$","R","E","R","T","M","M","M","E","?","R","BOSS","M","?","M","?","$","R","?","R","T","R","$","?","M","?","R","BOSS"],"items_purchased_type":["Relic","Relic","Relic","Card","Card","Relic","Relic","Card","Relic","Relic","Relic","Card","Relic","Relic","Card","Card","Card","Relic","Relic","Relic","Relic","Card","Card","Card"],"build_version":"2020-12-22","purchased_purges":12,"victory":true,"max_hp_per_floor":[90,90,90,90,90,90,95,102,102,102,102,102,102,102,102,102,102,102,102,102,102,102,102,104,104,104,104,106,108,108,108,108,108,108,108,108,108,110,110,110,110,110,110,110,110,110,112,114,114,114],"card_choices":[{"not_picked":["champ:DeathBlow","champ:DefensiveShout","champ:ArenaPreparation"],"picked":"SKIP","floor":1.0},{"not_picked":["champ:TornadoPunch","champ:PreciseThrust"],"picked":"champ:CalledShot","floor":2.0},{"not_picked":["champ:ShieldSigil","champ:BerserkersShout"],"picked":"champ:CalledShot","floor":3.0},{"not_picked":["champ:EnGarde","champ:DefensiveShout"],"picked":"champ:FanOfKnives","floor":4.0},{"not_picked":["champ:PreemptiveStrike","champ:GutPunch","champ:CalledShot"],"picked":"SKIP","floor":10.0},{"not_picked":["champ:Parry","champ:PerfectedStrike"],"picked":"champ:EnGarde","floor":13.0},{"not_picked":["champ:FlashCut","champ:Backstep","champ:TornadoPunch"],"picked":"SKIP","floor":14.0},{"not_picked":["champ:HeartStrike","champ:StanceDance","champ:DefensiveShout+1"],"picked":"SKIP","floor":18.0},{"not_picked":["champ:PreciseThrust","champ:RecklessLeap"],"picked":"champ:RageSigil","floor":20.0},{"not_picked":["champ:RisingSlash","champ:BladeFlurry+1","champ:HeartStrike"],"picked":"SKIP","floor":21.0},{"not_picked":["champ:DefensiveShout","champ:BerserkersShout","champ:RecklessLeap"],"picked":"Singing Bowl","floor":24.0},{"not_picked":["champ:ViciousMockery","champ:FalseCounter"],"picked":"champ:Shatter+1","floor":27.0},{"not_picked":["champ:HeartStrike","champ:StanceDance","champ:CrookedStrike"],"picked":"Singing Bowl","floor":28.0},{"not_picked":["champ:SetATrap","champ:Devastate","champ:DeathBlow"],"picked":"Singing Bowl","floor":29.0},{"not_picked":["champ:Parry","champ:CrownThrow+1"],"picked":"champ:CalledShot+1","floor":30.0},{"not_picked":["champ:SteelEdge","champ:HoldFirm"],"picked":"champ:GladiatorForm+1","floor":33.0},{"not_picked":["champ:TornadoPunch","champ:DefensiveShout+1"],"picked":"champ:AdrenalArmor","floor":35.0},{"not_picked":["champ:GutPunch+1","champ:FancyFootwork+1"],"picked":"champ:Shatter+1","floor":37},{"not_picked":["champ:FancyFootwork","champ:BladeFlurry","champ:BerserkersShout"],"picked":"Singing Bowl","floor":38},{"not_picked":["champ:ShieldSigil+1","champ:CrownThrow+1","champ:PerfectedStrike"],"picked":"Singing Bowl","floor":47},{"not_picked":["champ:DeathBlow+1","champ:DefensiveStyle+1","champ:Duel"],"picked":"Singing Bowl","floor":48}],"player_experience":430055,"relics_obtained":[{"floor":24.0,"key":"Du-Vu Doll"},{"floor":26.0,"key":"Quantum Egg"},{"floor":30.0,"key":"Replay:Bandana"},{"floor":38,"key":"hubris:Potato"},{"floor":43,"key":"Kunai"}],"event_choices":[{"damage_healed":0.0,"max_hp_gain":5.0,"max_hp_loss":0.0,"gold_gain":0.0,"event_name":"Big Fish","player_choice":"Donut","floor":7.0,"gold_loss":0.0,"damage_taken":0.0},{"damage_healed":0.0,"max_hp_gain":0.0,"max_hp_loss":0.0,"gold_gain":0.0,"event_name":"betterThird:BetterScrap","player_choice":"Relic ","floor":8.0,"gold_loss":0.0,"damage_taken":7.0,"cards_obtained":["BootSequence"]},{"damage_healed":0.0,"max_hp_gain":0.0,"max_hp_loss":0.0,"gold_gain":0.0,"event_name":"betterNote:BetterNote","player_choice":"Ignored","floor":31.0,"gold_loss":0.0,"damage_taken":0.0,"cards_obtained":["Apotheosis"]},{"damage_healed":0.0,"max_hp_gain":0.0,"max_hp_loss":0.0,"gold_gain":0.0,"event_name":"OrinTheCat","player_choice":"Ignored","floor":36.0,"gold_loss":0.0,"damage_taken":0.0},{"damage_healed":0,"gold_gain":0,"player_choice":"Fight","damage_taken":0,"max_hp_gain":0,"max_hp_loss":0,"event_name":"MindBloom","floor":38,"gold_loss":0},{"damage_healed":0,"gold_gain":0,"player_choice":"Ignored","damage_taken":0,"max_hp_gain":0,"max_hp_loss":0,"event_name":"Mysterious Sphere","floor":41,"gold_loss":0},{"damage_healed":0,"gold_gain":0,"player_choice":"Bought 0 Potions","damage_taken":0,"max_hp_gain":0,"max_hp_loss":0,"event_name":"The Woman in Blue","floor":46,"gold_loss":0}],"is_beta":false,"boss_relics":[{"not_picked":["Runic Dome","Replay:Ancient Bell"],"picked":"Sozu"},{"not_picked":["Calling Bell","aspiration:SilentSkillbook"],"picked":"Replay:Grab Bag"},{"not_picked":["hubris:VirtuousBlindfold","hubris:RunicObelisk"],"picked":"hubris:TerracottaHorce"},{"not_picked":["aspiration:FutureDiary","ReplayTheSpireMod:DimensionalGlitch"],"picked":"Cursed Key"},{"not_picked":["Ring of Chaos","Snecko Eye"],"picked":"SlaversCollar"}],"items_purged_floors":[5,5,5,5,5,12,12,19,19,45,45,45],"is_endless":false,"potions_floor_spawned":[3,10,13,14,18,20,30,33,47,48],"ascension_level":1}}