{"host":"5bsc0nab6whpyrbj","time":1614042853,"event":{"mods":["BaseMod","Highlight Path","Minty Spire (QoL Compilation)"],"gold_per_floor":[414,414,425,442,442,442,228,228,276,295,313,313,327,2,2,133,133,158,158,73,73,0,0,0,0,0,14,29,47,146,146,146],"floor_reached":31,"language":"ENG","playtime":968,"items_purged":[],"score":225,"play_id":"b2b3f211-677d-44c2-a19f-e835a8e026b9","local_time":"20210222201413","is_ascension_mode":false,"campfire_choices":[{"data":"Static Discharge","floor":6,"key":"SMITH"},{"data":"Capacitor","floor":8,"key":"SMITH"},{"floor":12,"key":"REST"},{"floor":15,"key":"REST"},{"floor":23,"key":"REST"}],"circlet_count":0,"master_deck":["Strike_B","Strike_B","Strike_B","Strike_B","Defend_B","Defend_B","Defend_B","Defend_B","Zap","Dualcast","Tempest","Gash","Static Discharge+1","Injury","Static Discharge+1","Capacitor+1","Lockon","Capacitor","Tempest","Loop","Turbo"],"relics":["Cracked Core","Old Coin","Golden Idol","DollysMirror","Juzu Bracelet","Question Card","SlaversCollar","Torii","Happy Flower","PreservedInsect"],"acts_visited":["Exordium","TheCity"],"potions_floor_usage":[13,29,29,31,31],"damage_taken":[{"damage":7,"enemies":"Small Slimes","floor":1,"turns":3},{"damage":7,"enemies":"2 Louse","floor":3,"turns":2},{"damage":6,"enemies":"Jaw Worm","floor":4,"turns":2},{"damage":10,"enemies":"Looter","floor":10,"turns":2},{"damage":13,"enemies":"Lots of Slimes","floor":11,"turns":2},{"damage":24,"enemies":"Exordium Thugs","floor":13,"turns":3},{"damage":54,"enemies":"Slime Boss","floor":16,"turns":8},{"damage":30,"enemies":"Shell Parasite","floor":18,"turns":3},{"damage":20,"enemies":"Spheric Guardian","floor":27,"turns":3},{"damage":21,"enemies":"Snake Plant","floor":28,"turns":3},{"damage":28,"enemies":"Centurion and Healer","floor":29,"turns":6},{"damage":8,"enemies":"3 Cultists","floor":31,"turns":2}],"seed_played":"-9112035727408104379","potions_obtained":[{"floor":3,"key":"Weak Potion"},{"floor":4,"key":"EssenceOfSteel"},{"floor":11,"key":"Weak Potion"},{"floor":18,"key":"Block Potion"},{"floor":29,"key":"SteroidPotion"}],"is_trial":false,"path_per_floor":["M","?","M","M","?","R","$","R","T","M","M","R","M","$","R","B",null,"M","?","?","$","?","R","T","?","T","M","M","M","?","M"],"character_chosen":"DEFECT","items_purchased":["DollysMirror","Capacitor","Question Card","Capacitor"],"campfire_rested":3,"item_purchase_floors":[7,7,14,14],"current_hp_per_floor":[68,73,66,60,60,60,60,60,60,50,37,61,37,37,61,7,80,50,50,50,50,50,74,74,74,74,54,33,5,5,0,0],"gold":146,"neow_bonus":"ONE_RARE_RELIC","is_daily":false,"chose_seed":false,"campfire_upgraded":2,"win_rate":0.0,"timestamp":1614042853,"path_taken":["M","?","M","M","?","R","$","R","T","M","M","R","M","?","R","BOSS","M","?","?","$","?","R","?","?","T","M","M","M","?","M"],"items_purchased_type":["Relic","Card","Relic","Card"],"build_version":"2020-12-22","purchased_purges":0,"victory":false,"max_hp_per_floor":[75,80,80,80,80,80,80,80,80,80,80,80,80,80,80,80,80,80,80,80,80,80,80,80,80,80,80,80,80,80,80,80],"card_choices":[{"not_picked":["Conserve Battery","Hologram"],"picked":"Tempest","floor":1},{"not_picked":["Steam","Beam Cell"],"picked":"Gash","floor":3},{"not_picked":["Darkness","Sweeping Beam"],"picked":"Static Discharge","floor":4},{"not_picked":["Cold Snap","Conserve Battery","Hologram"],"picked":"SKIP","floor":10},{"not_picked":["Rebound","Heatsinks","All For One"],"picked":"SKIP","floor":11},{"not_picked":["Gash","Leap"],"picked":"Lockon","floor":13},{"not_picked":["Steam+1","Hologram+1","Conserve Battery","Compile Driver+1"],"picked":"SKIP","floor":18},{"not_picked":["Coolheaded+1","Hologram","Gash"],"picked":"Tempest","floor":27},{"not_picked":["Steam","Cold Snap","Heatsinks"],"picked":"Loop","floor":28},{"not_picked":["Glacier+1","Aggregate","Doom and Gloom+1"],"picked":"Turbo","floor":29}],"player_experience":108956,"relics_obtained":[{"floor":9,"key":"Juzu Bracelet"},{"floor":24,"key":"Happy Flower"},{"floor":26,"key":"PreservedInsect"}],"event_choices":[{"damage_healed":0,"gold_gain":0,"player_choice":"Donut","damage_taken":0,"max_hp_gain":5,"max_hp_loss":0,"event_name":"Big Fish","floor":2,"gold_loss":0},{"damage_healed":0,"gold_gain":0,"player_choice":"Take Wound","damage_taken":0,"relics_obtained":["Golden Idol"],"max_hp_gain":0,"max_hp_loss":0,"event_name":"Golden Idol","floor":5,"gold_loss":0,"cards_obtained":["Injury"]},{"damage_healed":0,"gold_gain":0,"player_choice":"Bought 0 Potions","damage_taken":0,"max_hp_gain":0,"max_hp_loss":0,"event_name":"The Woman in Blue","floor":19,"gold_loss":0},{"damage_healed":0,"gold_gain":0,"player_choice":"Obtained Relic","damage_taken":0,"relics_obtained":["Torii"],"max_hp_gain":0,"max_hp_loss":0,"event_name":"Addict","floor":20,"gold_loss":85},{"damage_healed":0,"gold_gain":0,"player_choice":"Paid Fearfully","damage_taken":0,"max_hp_gain":0,"max_hp_loss":0,"event_name":"Masked Bandits","floor":22,"gold_loss":73},{"cards_removed":["Writhe"],"damage_healed":0,"gold_gain":0,"player_choice":"Elegance","damage_taken":0,"max_hp_gain":0,"max_hp_loss":0,"event_name":"Back to Basics","floor":25,"gold_loss":0},{"damage_healed":0,"gold_gain":99,"player_choice":"Stole From Cult","damage_taken":0,"max_hp_gain":0,"max_hp_loss":0,"event_name":"Nest","floor":30,"gold_loss":0}],"is_beta":false,"boss_relics":[{"not_picked":["Fusion Hammer","FrozenCore"],"picked":"SlaversCollar"}],"items_purged_floors":[],"is_endless":false,"potions_floor_spawned":[3,4,11,18,29],"killed_by":"3 Cultists","ascension_level":0}}