{"host":"8u7tvcybuv0u72fd","time":1614057206,"event":{"mods":["BaseMod","BetterRewards","Colored Map","Colored Powertips","Minty Spire (QoL Compilation)","Quick Restart","Shop Mod"],"gold_per_floor":[138,188,218,250,282,282,367,367,367,367,367,367,137,232,232,355,355,396,433,360,425,425,425,221,305,329,380,380,90,90,128,128,258,258,303,316,106,119,119,119,149,149,174,53,78,78,78,78,78,103,103,103,0,52,52],"floor_reached":56,"language":"ENG","playtime":2665,"items_purged":["Strike_R","Defend_R"],"score":1840,"play_id":"856c2b53-f1da-429e-a8fa-9022f594eaf5","local_time":"20210223001326","is_ascension_mode":false,"campfire_choices":[{"data":"Bash","floor":6.0,"key":"SMITH"},{"data":"Body Slam","floor":8.0,"key":"SMITH"},{"data":"HandOfGreed","floor":10.0,"key":"SMITH"},{"data":"Shrug It Off","floor":15.0,"key":"SMITH"},{"data":"Barricade","floor":23.0,"key":"SMITH"},{"data":"Uppercut","floor":28.0,"key":"SMITH"},{"data":"Iron Wave","floor":30.0,"key":"SMITH"},{"data":"Metallicize","floor":32.0,"key":"SMITH"},{"data":"Juggernaut","floor":40.0,"key":"SMITH"},{"data":"True Grit","floor":42.0,"key":"SMITH"},{"data":"Impervious","floor":46.0,"key":"SMITH"},{"floor":49.0,"key":"RECALL"},{"floor":52,"key":"DIG"}],"circlet_count":0,"master_deck":["Strike_R+1","Strike_R+1","Strike_R","Strike_R","Defend_R","Defend_R","Defend_R","Bash+1","HandOfGreed+1","Shrug It Off+1","Iron Wave+1","Metallicize+1","Body Slam+1","Barricade+1","Uppercut+1","Juggernaut+1","CurseOfTheBell","Impervious+1","True Grit+1","Headbutt"],"relics":["Burning Blood","Bird Faced Urn","Calipers","Happy Flower","Mummified Hand","Kunai","Bronze Scales","Medical Kit","Anchor","Coffee Dripper","Enchiridion","TheAbacus","Sundial","Red Skull","Oddly Smooth Stone","Shovel","Turnip","PreservedInsect","ClockworkSouvenir","Boot","Shuriken","Thread and Needle","White Beast Statue","MerchantsRug","Spirit Poop","Juzu Bracelet","Potion Belt","Strawberry","Pen Nib","Blue Candle","Toy Ornithopter","Charon\u0027s Ashes","Bag of Preparation"],"acts_visited":["Exordium","TheCity","TheBeyond","TheEnding"],"potions_floor_usage":[55,55,55,55],"damage_taken":[{"damage":1.0,"enemies":"Cultist","floor":1.0,"turns":3.0},{"damage":0.0,"enemies":"Small Slimes","floor":2.0,"turns":4.0},{"damage":1.0,"enemies":"Jaw Worm","floor":3.0,"turns":3.0},{"damage":2.0,"enemies":"Exordium Thugs","floor":4.0,"turns":2.0},{"damage":0.0,"enemies":"Blue Slaver","floor":5.0,"turns":5.0},{"damage":7.0,"enemies":"3 Sentries","floor":7.0,"turns":11.0},{"damage":0.0,"enemies":"Gremlin Gang","floor":14.0,"turns":6.0},{"damage":5.0,"enemies":"The Guardian","floor":16.0,"turns":7.0},{"damage":0.0,"enemies":"Chosen","floor":18.0,"turns":3.0},{"damage":0.0,"enemies":"Spheric Guardian","floor":19.0,"turns":6.0},{"damage":3.0,"enemies":"3 Cultists","floor":21.0,"turns":6.0},{"damage":16.0,"enemies":"Slavers","floor":25.0,"turns":5.0},{"damage":0.0,"enemies":"Gremlin Leader","floor":27.0,"turns":5.0},{"damage":0.0,"enemies":"Centurion and Healer","floor":31.0,"turns":4.0},{"damage":0.0,"enemies":"Automaton","floor":33.0,"turns":6.0},{"damage":0.0,"enemies":"3 Shapes","floor":35.0,"turns":6.0},{"damage":4.0,"enemies":"3 Darklings","floor":36.0,"turns":6.0},{"damage":0.0,"enemies":"Writhing Mass","floor":38.0,"turns":3.0},{"damage":0.0,"enemies":"Nemesis","floor":41.0,"turns":4.0},{"damage":0.0,"enemies":"Reptomancer","floor":45.0,"turns":4.0},{"damage":26.0,"enemies":"Time Eater","floor":50.0,"turns":8.0},{"damage":2,"enemies":"Shield and Spear","floor":54,"turns":5},{"damage":1,"enemies":"The Heart","floor":55,"turns":6}],"seed_played":"5115479704489094249","potions_obtained":[{"floor":2.0,"key":"FearPotion"},{"floor":3.0,"key":"Weak Potion"},{"floor":14.0,"key":"Block Potion"},{"floor":21.0,"key":"ColorlessPotion"},{"floor":33.0,"key":"LiquidMemories"},{"floor":36.0,"key":"Fruit Juice"},{"floor":38.0,"key":"LiquidBronze"}],"is_trial":false,"path_per_floor":["M","M","M","M","M","R","E","R","T","R","?","?","$","M","R","B",null,"M","M","$","M","?","R","$","E","T","E","R","$","R","M","R","B",null,"M","M","$","M","?","R","E","R","T","$","E","R","?","?","R","B",null,"R","$","E","B",null],"character_chosen":"IRONCLAD","items_purchased":["Membership Card","HandOfGreed","Shrug It Off","BloodPotion","DuplicationPotion","Happy Flower","Mummified Hand","Kunai","Bronze Scales","Medical Kit","Anchor","Whetstone","TheAbacus","Sundial","Turnip","PreservedInsect","ClockworkSouvenir","White Beast Statue","Swift Potion","MerchantsRug","True Grit","ColorlessPotion","FearPotion","Strawberry","HeartOfIron","Toy Ornithopter","Charon\u0027s Ashes"],"campfire_rested":0,"item_purchase_floors":[0,0,0,0,0,0,0,0,13,13,13,20,24,24,29,29,29,37,37,37,37,44,44,44,53,53,53],"current_hp_per_floor":[37,43,64,70,78,78,79,79,79,79,84,76,76,84,84,85,85,85,85,85,85,69,69,69,65,65,75,75,75,75,85,85,85,85,85,90,90,90,87,87,87,87,87,94,94,94,94,94,94,76,94,94,94,94,94],"gold":52,"neow_bonus":"","is_daily":false,"chose_seed":false,"campfire_upgraded":11,"win_rate":0.0,"timestamp":1614057206,"path_taken":["M","M","M","M","M","R","E","R","T","R","?","?","$","M","R","BOSS","M","?","?","?","?","R","$","E","T","E","R","?","R","M","R","BOSS","M","M","$","M","?","R","E","R","T","$","E","R","?","?","R","BOSS","R","$","E","BOSS"],"items_purchased_type":["Relic","Card","Card","Potion","Potion","Relic","Relic","Relic","Relic","Relic","Relic","Relic","Relic","Relic","Relic","Relic","Relic","Relic","Potion","Relic","Card","Potion","Potion","Relic","Potion","Relic","Relic"],"build_version":"2020-12-22","purchased_purges":2,"victory":true,"max_hp_per_floor":[80,80,80,80,80,80,80,80,80,80,85,85,85,85,85,85,85,85,85,85,85,85,85,85,85,85,85,85,85,85,85,85,85,85,85,90,90,90,87,87,87,87,87,94,94,94,94,94,94,94,94,94,94,94,94],"card_choices":[{"not_picked":["Reckless Charge","Infernal Blade"],"picked":"Iron Wave","floor":1.0},{"not_picked":["Twin Strike","Perfected Strike","Second Wind"],"picked":"SKIP","floor":2.0},{"not_picked":["Clothesline","Infernal Blade"],"picked":"Metallicize","floor":3.0},{"not_picked":["Shrug It Off","Perfected Strike","Exhume"],"picked":"SKIP","floor":4.0},{"not_picked":["Rupture","True Grit","Searing Blow"],"picked":"SKIP","floor":5.0},{"not_picked":["Headbutt","Armaments"],"picked":"Body Slam","floor":7.0},{"not_picked":["True Grit","Warcry","Rupture"],"picked":"SKIP","floor":14.0},{"not_picked":["Reaper","Exhume"],"picked":"Barricade","floor":16.0},{"not_picked":["Metallicize","Havoc","Wild Strike"],"picked":"SKIP","floor":18.0},{"not_picked":["Dropkick","Shrug It Off+1","Searing Blow+1"],"picked":"SKIP","floor":19.0},{"not_picked":["Ghostly Armor+1","Burning Pact","Rampage"],"picked":"SKIP","floor":21.0},{"not_picked":["Heavy Blade","Clash"],"picked":"Uppercut","floor":25.0},{"not_picked":["Warcry","Perfected Strike+1","Exhume"],"picked":"SKIP","floor":27.0},{"not_picked":["Heavy Blade","Iron Wave+1","Warcry+1"],"picked":"SKIP","floor":31.0},{"not_picked":["Immolate","Bludgeon"],"picked":"Juggernaut","floor":33.0},{"not_picked":["Clothesline","Armaments+1","Flex"],"picked":"SKIP","floor":35.0},{"not_picked":["Twin Strike+1","Thunderclap+1"],"picked":"Impervious","floor":36.0},{"not_picked":["Perfected Strike","Clash+1"],"picked":"Headbutt","floor":38.0},{"not_picked":["Reckless Charge","Shockwave+1","Infernal Blade+1"],"picked":"SKIP","floor":41.0},{"not_picked":["Flex+1","Fiend Fire","Flame Barrier"],"picked":"SKIP","floor":45.0},{"not_picked":["Pummel","Clash","Second Wind+1"],"picked":"SKIP","floor":54}],"player_experience":1545117,"relics_obtained":[{"floor":7.0,"key":"Regal Pillow"},{"floor":22.0,"key":"Enchiridion"},{"floor":25.0,"key":"Red Skull"},{"floor":26.0,"key":"Oddly Smooth Stone"},{"floor":27.0,"key":"Shovel"},{"floor":34.0,"key":"Boot"},{"floor":34.0,"key":"Shuriken"},{"floor":34.0,"key":"Thread and Needle"},{"floor":41.0,"key":"Juzu Bracelet"},{"floor":43.0,"key":"Potion Belt"},{"floor":45.0,"key":"Pen Nib"},{"floor":52,"key":"Blue Candle"},{"floor":54,"key":"Bag of Preparation"}],"event_choices":[{"damage_healed":0.0,"max_hp_gain":5.0,"max_hp_loss":0.0,"gold_gain":0.0,"event_name":"Big Fish","player_choice":"Donut","floor":11.0,"gold_loss":0.0,"damage_taken":0.0},{"damage_healed":0.0,"max_hp_gain":0.0,"max_hp_loss":0.0,"gold_gain":0.0,"event_name":"Wheel of Change","player_choice":"Damaged","floor":12.0,"gold_loss":0.0,"damage_taken":8.0},{"damage_healed":0.0,"max_hp_gain":0.0,"max_hp_loss":0.0,"gold_gain":0.0,"event_name":"Cursed Tome","player_choice":"Obtained Book","floor":22.0,"gold_loss":0.0,"damage_taken":16.0},{"cards_removed":["Parasite"],"damage_healed":0.0,"max_hp_gain":0.0,"max_hp_loss":0.0,"gold_gain":0.0,"event_name":"Bonfire Elementals","player_choice":"Offered Curse","floor":39.0,"gold_loss":0.0,"damage_taken":0.0,"relics_obtained":["Spirit Poop"]},{"damage_healed":0.0,"max_hp_gain":0.0,"max_hp_loss":0.0,"gold_gain":0.0,"event_name":"SensoryStone","player_choice":"Memory 1","floor":47.0,"gold_loss":0.0,"damage_taken":0.0},{"damage_healed":0.0,"max_hp_gain":0.0,"max_hp_loss":0.0,"gold_gain":0.0,"event_name":"Duplicator","player_choice":"Ignored","floor":48.0,"gold_loss":0.0,"damage_taken":0.0}],"is_beta":false,"boss_relics":[{"not_picked":["SacredBark","Ectoplasm"],"picked":"Coffee Dripper"},{"not_picked":["Empty Cage","Busted Crown"],"picked":"Calling Bell"}],"items_purged_floors":[0,0],"is_endless":false,"potions_floor_spawned":[2,3,14,16,18,19,21,33,36,38,41,45,54],"ascension_level":0}}