{"host":"c64dsqyrqv0ei9yn","time":1614095209,"event":{"mods":["Act Like it!","Arknights","BaseMod","Bestiary","CapriCore","Chen","Colored Map","Colored Powertips","Curses Come First","Hermit","Koishi","LagranYue(ùfäiòNÅEåé)","MarisaÅiñ∂âJÅ@ñÇóùçπÅj","Minty Spire (QoL Compilation)","Prisma Mod","Random Character Button","ReimuÅiîé??öÎÅj","RemiliaÅiÂQïƒ‰ª?Åj","StSLib","The Administrix","The Alterego","The Immortal","The Marked","The Saiyan","The Senshi","The Servant 0.9.4","The Wild Card","TheSwordswoman","Waifu the Spire","WarShipGirlsR/??è≠èóR mod","slay the spire mod where everything is the same but ironclad has a cowboy hat"],"gold_per_floor":[116,116,132,150,160,160,186,186,210,285,285,107,121,133,133,238,238,273,248,248,248,105,105,105],"floor_reached":23,"language":"ENG","playtime":1359,"items_purged":[],"score":191,"play_id":"a7e7d936-7e44-4e03-9d52-d427013d4a02","local_time":"20210223154649","is_ascension_mode":false,"campfire_choices":[{"data":"hermit:Manifest","floor":6,"key":"SMITH"},{"floor":8,"key":"REST"},{"floor":15,"key":"REST"}],"circlet_count":0,"master_deck":["hermit:Strike_Hermit+1","hermit:Strike_Hermit+1","hermit:Strike_Hermit+1","hermit:Strike_Hermit+1","hermit:Defend_Hermit+1","hermit:Defend_Hermit+1","hermit:Defend_Hermit+1","hermit:Defend_Hermit+1","hermit:Snapshot","hermit:Covet","hermit:PistolWhip+1","hermit:Deadeye","hermit:Manifest+1","hermit:Coalescence+1","hermit:LowProfile","hermit:HighCaliber","hermit:EyeOfTheStorm","hermit:Shortfuse","hermit:GhostlyPresence","hermit:DeadOrAlive","hermit:GoldenBullet","hermit:Showdown+1"],"relics":["hermit:Momento","Anchor","Blood Vial","RedLine:ReiMu","Molten Egg 2","PreservedInsect"],"acts_visited":["Exordium","TheCity"],"potions_floor_usage":[5,18],"damage_taken":[{"damage":0,"enemies":"2 Louse","floor":1,"turns":3},{"damage":0,"enemies":"Small Slimes","floor":3,"turns":3},{"damage":1,"enemies":"Jaw Worm","floor":4,"turns":2},{"damage":13,"enemies":"Gremlin Gang","floor":5,"turns":4},{"damage":20,"enemies":"Gremlin Nob","floor":7,"turns":4},{"damage":0,"enemies":"3 Louse","floor":13,"turns":3},{"damage":0,"enemies":"Exordium Wildlife","floor":14,"turns":3},{"damage":56,"enemies":"Slime Boss","floor":16,"turns":15},{"damage":7,"enemies":"3 Byrds","floor":18,"turns":8},{"damage":18,"enemies":"2 Thieves","floor":19,"turns":5},{"damage":102,"enemies":"Book of Stabbing","floor":23,"turns":6}],"seed_played":"3216083352089036717","potions_obtained":[{"floor":0,"key":"MagicPotion:ReiMu"},{"floor":0,"key":"FairyPotion"},{"floor":0,"key":"GrandPatriotsElixir:ReiMu"},{"floor":5,"key":"SkillPotion"},{"floor":18,"key":"Dexterity Potion"}],"is_trial":false,"path_per_floor":["M","?","M","M","M","R","E","R","T","?","?","$","M","M","R","B",null,"M","M","?","T","$","E"],"character_chosen":"HERMIT","items_purchased":["hermit:HighCaliber","hermit:EyeOfTheStorm","hermit:Shortfuse","PreservedInsect"],"campfire_rested":2,"item_purchase_floors":[12,12,12,22],"current_hp_per_floor":[75,68,68,67,54,54,34,56,56,45,45,45,47,49,71,17,75,68,52,52,52,52,0,0],"gold":105,"neow_bonus":"THREE_SMALL_POTIONS","is_daily":false,"chose_seed":false,"campfire_upgraded":1,"win_rate":0.0,"timestamp":1614095209,"path_taken":["M","?","M","M","M","R","E","R","T","?","?","$","?","M","R","BOSS","M","M","?","?","$","E"],"items_purchased_type":["Card","Card","Card","Relic"],"build_version":"2020-12-22","purchased_purges":0,"victory":false,"max_hp_per_floor":[75,75,75,75,75,75,75,75,75,75,75,75,75,75,75,75,75,75,75,75,75,75,75,75],"card_choices":[{"not_picked":["hermit:WideOpen","hermit:TrackingShot"],"picked":"hermit:PistolWhip","floor":1},{"not_picked":["hermit:Misfire","hermit:Feint"],"picked":"hermit:Deadeye","floor":3},{"not_picked":["hermit:Cheat","hermit:Roulette"],"picked":"hermit:Manifest","floor":4},{"not_picked":["hermit:ShadowCloak","hermit:ItchyTrigger"],"picked":"hermit:Coalescence","floor":5},{"not_picked":["hermit:HighNoon","hermit:HoleUp"],"picked":"hermit:LowProfile","floor":7},{"not_picked":["hermit:HoleUp","hermit:Snipe"],"picked":"hermit:GhostlyPresence","floor":13},{"not_picked":["hermit:Coalescence","hermit:Dive","hermit:BlackWind"],"picked":"SKIP","floor":14},{"not_picked":["hermit:Adapt","hermit:HighNoon"],"picked":"hermit:DeadOrAlive","floor":16},{"not_picked":["hermit:Brawl","hermit:LowProfile"],"picked":"hermit:GoldenBullet","floor":18},{"not_picked":["hermit:FlashPowder","hermit:Desperado"],"picked":"hermit:Showdown+1","floor":19}],"player_experience":167900,"relics_obtained":[{"floor":7,"key":"Anchor"},{"floor":9,"key":"Blood Vial"},{"floor":21,"key":"Molten Egg 2"}],"event_choices":[{"damage_healed":0,"gold_gain":75,"player_choice":"Gather Gold","damage_taken":11,"max_hp_gain":0,"max_hp_loss":0,"event_name":"World of Goop","floor":10,"gold_loss":0},{"damage_healed":0,"gold_gain":0,"player_choice":"Forge","damage_taken":0,"max_hp_gain":0,"max_hp_loss":0,"event_name":"Accursed Blacksmith","floor":11,"gold_loss":0,"cards_upgraded":["hermit:Coalescence"]},{"damage_healed":0,"gold_gain":0,"player_choice":"Simplicity","damage_taken":0,"max_hp_gain":0,"max_hp_loss":0,"event_name":"Back to Basics","floor":20,"gold_loss":0,"cards_upgraded":["hermit:Strike_Hermit","hermit:Strike_Hermit","hermit:Strike_Hermit","hermit:Strike_Hermit","hermit:Defend_Hermit","hermit:Defend_Hermit","hermit:Defend_Hermit","hermit:Defend_Hermit"]}],"is_beta":false,"boss_relics":[{"not_picked":["Empty Cage","hermit:DentedPlate"],"picked":"RedLine:ReiMu"}],"items_purged_floors":[],"is_endless":false,"potions_floor_spawned":[3,5,13,14,18],"killed_by":"Book of Stabbing","ascension_level":0}}