{"host":"f0gpob8hq9vgebej","time":1614080241,"event":{"mods":["AchievementEnabler","BaseMod","Minty Spire (QoL Compilation)","Quick Restart","SuperFastMode"],"gold_per_floor":[119,130,144,158,173,173,98,148,196,214,225,255,255,255,255,255,255],"floor_reached":16,"language":"KOR","playtime":318,"items_purged":["Regret"],"score":174,"play_id":"50d2a6e9-be33-4d26-9063-9e19f5651032","local_time":"20210223203721","is_ascension_mode":true,"campfire_choices":[{"floor":6.0,"key":"REST"},{"data":"Bullet Time","floor":13,"key":"SMITH"},{"floor":15,"key":"REST"}],"circlet_count":0,"master_deck":["AscendersBane","Strike_G","Strike_G","Strike_G","Strike_G","Strike_G","Defend_G","Defend_G","Defend_G","Defend_G","Defend_G","Survivor","Neutralize","Backflip","Crippling Poison","Predator","Blade Dance","Backstab","Bullet Time+1","Poisoned Stab","Choke"],"relics":["Ring of the Snake","Unceasing Top","Bronze Scales","Odd Mushroom"],"acts_visited":[],"potions_floor_usage":[],"damage_taken":[{"damage":6.0,"enemies":"Cultist","floor":1.0,"turns":5.0},{"damage":11.0,"enemies":"Small Slimes","floor":2.0,"turns":4.0},{"damage":4.0,"enemies":"2 Louse","floor":3.0,"turns":3.0},{"damage":7.0,"enemies":"2 Fungi Beasts","floor":4.0,"turns":7.0},{"damage":15.0,"enemies":"Large Slime","floor":5.0,"turns":6.0},{"damage":1.0,"enemies":"3 Louse","floor":10.0,"turns":3.0},{"damage":12,"enemies":"Exordium Wildlife","floor":11,"turns":4},{"damage":11,"enemies":"The Mushroom Lair","floor":12,"turns":3},{"damage":0,"enemies":"Slime Boss","floor":16,"turns":1}],"seed_played":"-4422144679132985726","potions_obtained":[{"floor":1.0,"key":"Ancient Potion"},{"floor":3.0,"key":"FearPotion"}],"is_trial":false,"path_per_floor":["M","M","M","M","M","R","$","?","T","M","M","?","R","?","R","B"],"character_chosen":"THE_SILENT","items_purchased":[],"campfire_rested":2,"item_purchase_floors":[],"current_hp_per_floor":[53,42,38,31,16,35,35,35,35,34,22,11,11,11,30,30,30],"gold":255,"neow_bonus":"ONE_RARE_RELIC","is_daily":false,"chose_seed":false,"campfire_upgraded":1,"win_rate":0.0,"timestamp":1614080241,"path_taken":["M","?","M","M","M","R","$","?","T","M","?","?","R","?","R","BOSS"],"items_purchased_type":[],"build_version":"2020-12-22","purchased_purges":1,"victory":false,"max_hp_per_floor":[66,66,66,66,66,66,66,66,66,66,66,66,66,66,66,66,66],"card_choices":[{"not_picked":["Sucker Punch","Dodge and Roll"],"picked":"Backflip","floor":1.0},{"not_picked":["Bane","Acrobatics"],"picked":"Crippling Poison","floor":2.0},{"not_picked":["Cloak And Dagger","Bane"],"picked":"Predator","floor":3.0},{"not_picked":["Flying Knee","Deadly Poison"],"picked":"Blade Dance","floor":4.0},{"not_picked":["Prepared","Dagger Spray"],"picked":"Backstab","floor":5.0},{"not_picked":["Flying Knee","Riddle With Holes"],"picked":"Bullet Time","floor":10.0},{"not_picked":["Setup","Reflex"],"picked":"Poisoned Stab","floor":11},{"not_picked":["Bane","All Out Attack"],"picked":"Choke","floor":12}],"player_experience":396847,"relics_obtained":[{"floor":9.0,"key":"Bronze Scales"},{"floor":12,"key":"Odd Mushroom"}],"event_choices":[{"damage_healed":0.0,"max_hp_gain":0.0,"max_hp_loss":0.0,"gold_gain":50.0,"event_name":"Golden Shrine","player_choice":"Pray","floor":8.0,"gold_loss":0.0,"damage_taken":0.0},{"damage_healed":0,"gold_gain":0,"player_choice":"Fought Mushrooms","damage_taken":0,"max_hp_gain":0,"max_hp_loss":0,"event_name":"Mushrooms","floor":12,"gold_loss":0},{"damage_healed":0,"gold_gain":0,"player_choice":"Ignored","damage_taken":0,"max_hp_gain":0,"max_hp_loss":0,"event_name":"Golden Idol","floor":14,"gold_loss":0}],"is_beta":false,"boss_relics":[],"items_purged_floors":[7],"is_endless":false,"potions_floor_spawned":[1,3,11],"killed_by":"Slime Boss","ascension_level":17}}