{"host":"szp1d6dso4pv7ddl","time":1614060812,"event":{"mods":["AchievementEnabler","Alarm Clock","BaseMod","Bestiary","Block Reminder","Colored Map","Colored Powertips","Curses Come First","Dark Map","Displayed Cursed Tome","Highlight Path","Minty Spire (QoL Compilation)","Permanent Neow","Quick Restart","Relic Sorter","Relic Stats","StSLib","Synergy Search"],"gold_per_floor":[115,115,133,150,164,164,199,199,199,219,233,61,61,80,80,157,157,177,77,77,91,109,109,127,127,127,146,146,173,173,173],"floor_reached":30,"language":"ENG","playtime":2062,"items_purged":["Strike_G"],"score":508,"play_id":"0d55ee39-9e01-4fcc-bef4-fa38024fd5ef","local_time":"20210222221332","is_ascension_mode":true,"campfire_choices":[{"data":"Accuracy","floor":6.0,"key":"SMITH"},{"data":"Envenom","floor":13.0,"key":"SMITH"},{"floor":15.0,"key":"REST"},{"floor":23.0,"key":"REST"},{"floor":25.0,"key":"REST"},{"floor":28.0,"key":"REST"}],"circlet_count":0,"master_deck":["AscendersBane","Strike_G+1","Strike_G","Strike_G","Defend_G","Defend_G","Defend_G","Defend_G","Defend_G","Survivor","Neutralize+1","Storm of Steel+1","Dagger Spray","Acrobatics","Sucker Punch","Accuracy+1","Expertise","Prepared","Crippling Poison","Envenom+1","Acrobatics","Adrenaline","Backflip","Prepared","Phantasmal Killer","Backflip","After Image","Accuracy"],"relics":["Ring of the Snake","The Specimen","StrikeDummy","Calipers","Orrery","Empty Cage","Whetstone","White Beast Statue"],"acts_visited":["Exordium","TheCity"],"potions_floor_usage":[],"damage_taken":[{"damage":2.0,"enemies":"Jaw Worm","floor":1.0,"turns":4.0},{"damage":0.0,"enemies":"2 Louse","floor":3.0,"turns":3.0},{"damage":1.0,"enemies":"Cultist","floor":4.0,"turns":4.0},{"damage":7.0,"enemies":"3 Louse","floor":5.0,"turns":3.0},{"damage":12.0,"enemies":"Lagavulin","floor":7.0,"turns":6.0},{"damage":0.0,"enemies":"Exordium Wildlife","floor":10.0,"turns":2.0},{"damage":8.0,"enemies":"Large Slime","floor":11.0,"turns":3.0},{"damage":21.0,"enemies":"Lots of Slimes","floor":14.0,"turns":3.0},{"damage":23.0,"enemies":"Slime Boss","floor":16.0,"turns":6.0},{"damage":28.0,"enemies":"Shell Parasite","floor":18.0,"turns":4.0},{"damage":0.0,"enemies":"3 Byrds","floor":21.0,"turns":3.0},{"damage":7.0,"enemies":"Centurion and Healer","floor":22.0,"turns":5.0},{"damage":9.0,"enemies":"3 Cultists","floor":24.0,"turns":5.0},{"damage":31.0,"enemies":"Shelled Parasite and Fungi","floor":27.0,"turns":6.0},{"damage":31.0,"enemies":"Slavers","floor":29.0,"turns":6.0},{"damage":5,"enemies":"Snake Plant","floor":30,"turns":1}],"seed_played":"5352488663605847416","potions_obtained":[{"floor":4.0,"key":"AttackPotion"},{"floor":10.0,"key":"Weak Potion"},{"floor":16.0,"key":"LiquidBronze"},{"floor":21.0,"key":"DuplicationPotion"},{"floor":22.0,"key":"DuplicationPotion"}],"is_trial":false,"path_per_floor":["M","?","M","M","M","R","E","?","T","M","M","$","R","M","R","B",null,"M","$","?","M","M","R","M","R","T","M","R","E","M"],"character_chosen":"THE_SILENT","items_purchased":["Orrery","Backflip"],"campfire_rested":4,"item_purchase_floors":[12,19],"current_hp_per_floor":[57,57,57,56,49,49,37,37,37,37,29,29,29,8,27,4,51,23,23,23,23,16,35,26,45,45,14,33,2,0,0],"gold":173,"neow_bonus":"THREE_RARE_CARDS","is_daily":false,"chose_seed":false,"campfire_upgraded":2,"win_rate":0.0,"timestamp":1614060812,"path_taken":["M","?","M","M","M","R","E","?","T","M","M","$","R","M","R","BOSS","M","?","?","M","M","R","M","R","T","?","R","E","M"],"items_purchased_type":["Relic","Card"],"build_version":"2020-12-22","purchased_purges":1,"victory":false,"max_hp_per_floor":[66,66,66,66,66,66,66,66,66,66,66,66,66,66,66,66,66,66,66,66,66,66,66,66,66,66,66,66,66,66,66],"relic_stats":{"counters":[16,64],"Whetstone":["Neutralize","Strike_G"],"obtain_stats":[{"Calipers":9,"The Specimen":7,"Orrery":12,"Whetstone":26,"StrikeDummy":8,"Empty Cage":17,"White Beast Statue":29,"Ring of the Snake":0},{"Calipers":5,"The Specimen":5,"Orrery":7,"Whetstone":13,"StrikeDummy":5,"Empty Cage":9,"White Beast Statue":15,"Ring of the Snake":0},{"Calipers":20,"The Specimen":20,"Orrery":25,"Whetstone":51,"StrikeDummy":20,"Empty Cage":34,"White Beast Statue":63,"Ring of the Snake":0}],"Ring of the Snake":[32]},"card_choices":[{"not_picked":["A Thousand Cuts","Envenom"],"picked":"Storm of Steel","floor":0.0},{"not_picked":["Eviscerate","Bane"],"picked":"Dagger Spray","floor":1.0},{"not_picked":["Flying Knee","Dagger Spray"],"picked":"Acrobatics","floor":3.0},{"not_picked":["Outmaneuver","Slice"],"picked":"Sucker Punch","floor":4.0},{"not_picked":["Escape Plan","Catalyst"],"picked":"Accuracy","floor":5.0},{"not_picked":["PiercingWail","Dodge and Roll"],"picked":"Expertise","floor":7.0},{"not_picked":["Quick Slash","Poisoned Stab"],"picked":"Prepared","floor":10.0},{"not_picked":["Slice","Bane"],"picked":"Crippling Poison","floor":11.0},{"not_picked":["Flying Knee","Deflect"],"picked":"Envenom","floor":12.0},{"not_picked":["Blade Dance","Grand Finale"],"picked":"Acrobatics","floor":12.0},{"not_picked":["Cloak And Dagger","Blur"],"picked":"Adrenaline","floor":12.0},{"not_picked":["Setup","Deflect"],"picked":"Backflip","floor":12.0},{"not_picked":["Finisher","Slice"],"picked":"Prepared","floor":12.0},{"not_picked":["Bane","Deflect","Flying Knee"],"picked":"SKIP","floor":14.0},{"not_picked":["Grand Finale","Venomology"],"picked":"Phantasmal Killer","floor":16.0},{"not_picked":["Dagger Spray","Blade Dance","Deadly Poison"],"picked":"SKIP","floor":18.0},{"not_picked":["Dagger Throw","Prepared","Slice"],"picked":"SKIP","floor":21.0},{"not_picked":["Underhanded Strike+1","Prepared"],"picked":"After Image","floor":22.0},{"not_picked":["Dodge and Roll","Deadly Poison","Underhanded Strike"],"picked":"SKIP","floor":24.0},{"not_picked":["Dagger Spray","Outmaneuver","Poisoned Stab"],"picked":"SKIP","floor":27.0},{"not_picked":["Dash","Backstab"],"picked":"Accuracy","floor":29.0}],"player_experience":1650595,"relics_obtained":[{"floor":7.0,"key":"The Specimen"},{"floor":9.0,"key":"Calipers"},{"floor":26.0,"key":"Whetstone"},{"floor":29.0,"key":"White Beast Statue"}],"event_choices":[{"damage_healed":0.0,"max_hp_gain":0.0,"max_hp_loss":0.0,"gold_gain":0.0,"event_name":"Living Wall","player_choice":"Grow","floor":2.0,"gold_loss":0.0,"damage_taken":0.0,"cards_upgraded":["Storm of Steel"]},{"damage_healed":0.0,"max_hp_gain":0.0,"max_hp_loss":0.0,"gold_gain":0.0,"event_name":"WeMeetAgain","player_choice":"Gave Potion","floor":8.0,"gold_loss":0.0,"damage_taken":0.0,"relics_obtained":["StrikeDummy"]},{"damage_healed":0.0,"max_hp_gain":0.0,"max_hp_loss":0.0,"gold_gain":0.0,"event_name":"Cursed Tome","player_choice":"Ignored","floor":20.0,"gold_loss":0.0,"damage_taken":0.0}],"is_beta":false,"boss_relics":[{"not_picked":["Astrolabe","Cursed Key"],"picked":"Empty Cage"}],"items_purged_floors":[19],"is_endless":false,"potions_floor_spawned":[4,10,16,21,22],"killed_by":"Snake Plant","ascension_level":20}}