{"host":"roto7j7840a50pxh","time":1614045937,"event":{"mods":["Act Like it!","BaseMod","Better Altar","Better Note","Better Sensory Stone","Better Skull","Better Third Choice","BetterRewards","Colored Map","Colored Powertips","Downfall","Hermit","Highlight Path","Hubris","Infinite Spire","Minty Spire (QoL Compilation)","Replay The Spire","Robot Space Explorer","Shade Mod","Spicy Shops","StSLib","The Construct","The Cursed","The Dragon Tamer","The Hierophant","The Necromancer","The Runesmith","The Servant 0.9.4","TheVacant"],"gold_per_floor":[118,135,145,29,41,41,58,69,69,98,113,113,143,156,156,230,280,292,305,172,222,239,239,253,253,305,319,319,348,268,183,183,183,183],"floor_reached":33,"language":"ENG","playtime":1558,"items_purged":[],"score":548,"play_id":"fd2662eb-0188-4d4e-9a1b-766eddb4387f","local_time":"20210222210537","is_ascension_mode":true,"campfire_choices":[{"data":"Barrage","floor":6.0,"key":"SMITH"},{"data":"Go for the Eyes","floor":12.0,"key":"SMITH"},{"floor":15.0,"key":"REST"},{"floor":23.0,"key":"REST"},{"floor":25.0,"key":"REST"},{"floor":28.0,"key":"REST"},{"data":"Defragment","floor":32.0,"key":"SMITH"}],"circlet_count":0,"master_deck":["AscendersBane","Strike_B","Strike_B","Strike_B","Strike_B","Defend_B","Defend_B","Defend_B","Defend_B","Zap","Dualcast","Barrage+1","Genetic Algorithm","Auto Shields","Cold Snap","Steam","Go for the Eyes","Leap","Ball Lightning","Sunder","Go for the Eyes+1","Ball Lightning","Go for the Eyes+1","Amplify","Rebound","Gash","Beam Cell","Static Discharge","Doom and Gloom","Sweeping Beam+1","Defragment","Gash","Defragment+1","FTL"],"relics":["Cracked Core","NeowsBlessing","Kunai","Thread and Needle","InkBottle","Tiny House","DataDisk","Pocketwatch","Blood Vial"],"acts_visited":[],"potions_floor_usage":[33,33],"damage_taken":[{"damage":0.0,"enemies":"Small Slimes","floor":1.0,"turns":1.0},{"damage":0.0,"enemies":"Cultist","floor":2.0,"turns":1.0},{"damage":0.0,"enemies":"2 Louse","floor":3.0,"turns":1.0},{"damage":10.0,"enemies":"Lots of Slimes","floor":5.0,"turns":5.0},{"damage":3.0,"enemies":"2 Fungi Beasts","floor":7.0,"turns":4.0},{"damage":4.0,"enemies":"Large Slime","floor":8.0,"turns":6.0},{"damage":4.0,"enemies":"3 Sentries","floor":10.0,"turns":9.0},{"damage":1.0,"enemies":"Red Slaver","floor":11.0,"turns":4.0},{"damage":30.0,"enemies":"Gremlin Nob","floor":13.0,"turns":5.0},{"damage":0.0,"enemies":"2 Fungi Beasts","floor":14.0,"turns":3.0},{"damage":3.0,"enemies":"The Guardian","floor":16.0,"turns":11.0},{"damage":17.0,"enemies":"Shell Parasite","floor":18.0,"turns":5.0},{"damage":4.0,"enemies":"Spheric Guardian","floor":19.0,"turns":6.0},{"damage":40.0,"enemies":"3 Cultists","floor":22.0,"turns":6.0},{"damage":8.0,"enemies":"Chosen and Byrds","floor":24.0,"turns":5.0},{"damage":26.0,"enemies":"Snecko","floor":27.0,"turns":6.0},{"damage":38.0,"enemies":"Gremlin Leader","floor":29.0,"turns":7.0},{"damage":34,"enemies":"Automaton","floor":33,"turns":10}],"seed_played":"8965888164026952016","potions_obtained":[{"floor":2.0,"key":"Fire Potion"},{"floor":5.0,"key":"Fruit Juice"},{"floor":7.0,"key":"SpeedPotion"},{"floor":14.0,"key":"DistilledChaos"},{"floor":17.0,"key":"LiquidMemories"},{"floor":22.0,"key":"SkillPotion"},{"floor":24.0,"key":"Regen Potion"},{"floor":29.0,"key":"SpeedPotion"}],"is_trial":false,"path_per_floor":["M","M","M","$","M","R","M","M","T","E","M","R","E","M","R","B",null,"M","M","$","?","M","R","M","R","T","M","R","E","$","?","R","B"],"character_chosen":"DEFECT","items_purchased":["Cold Snap","Steam","Static Discharge","Doom and Gloom","FTL"],"campfire_rested":4,"item_purchase_floors":[4,4,20,20,30],"current_hp_per_floor":[64,64,64,64,59,59,56,52,52,48,47,47,17,17,39,36,71,54,50,50,50,10,34,26,50,50,24,48,25,25,25,25,0,0],"gold":183,"neow_bonus":"THREE_ENEMY_KILL","is_daily":false,"chose_seed":false,"campfire_upgraded":3,"win_rate":0.0,"timestamp":1614045937,"path_taken":["M","M","M","$","M","R","M","M","T","E","M","R","E","M","R","BOSS","M","M","$","?","M","R","M","R","T","?","R","E","$","?","R","BOSS"],"items_purchased_type":["Card","Card","Card","Card","Card"],"build_version":"2020-12-22","purchased_purges":0,"victory":false,"max_hp_per_floor":[71,71,71,71,76,76,76,76,76,76,76,76,76,76,76,76,81,81,81,81,81,81,81,81,81,81,81,81,81,81,81,81,81,81],"card_choices":[{"not_picked":["Reprogram","Recycle"],"picked":"Barrage","floor":1.0},{"not_picked":["Cold Snap","Go for the Eyes"],"picked":"Genetic Algorithm","floor":2.0},{"not_picked":["Hello World","Hologram"],"picked":"Auto Shields","floor":3.0},{"not_picked":["Leap","Compile Driver"],"picked":"Go for the Eyes","floor":5.0},{"not_picked":["Stack","Rebound"],"picked":"Leap","floor":7.0},{"not_picked":["Redo","Rebound"],"picked":"Ball Lightning","floor":8.0},{"not_picked":["Reprogram","Reboot"],"picked":"Sunder","floor":10.0},{"not_picked":["Genetic Algorithm","Gash"],"picked":"Go for the Eyes","floor":11.0},{"not_picked":["Rebound","Conserve Battery"],"picked":"Ball Lightning","floor":13.0},{"not_picked":["Hologram","Compile Driver"],"picked":"Go for the Eyes","floor":14.0},{"not_picked":["Meteor Strike","Echo Form"],"picked":"Amplify","floor":16.0},{"not_picked":["Cold Snap","Sweeping Beam"],"picked":"Rebound","floor":17.0},{"not_picked":["Conserve Battery","Redo"],"picked":"Gash","floor":18.0},{"not_picked":["Skim","Tempest"],"picked":"Beam Cell","floor":19.0},{"not_picked":["Redo","Coolheaded"],"picked":"Sweeping Beam+1","floor":22.0},{"not_picked":["Hologram","Barrage"],"picked":"Defragment","floor":24.0},{"not_picked":["Self Repair","Creative AI"],"picked":"Gash","floor":27.0},{"not_picked":["Auto Shields","Doom and Gloom"],"picked":"Defragment","floor":29.0}],"player_experience":1992474,"relics_obtained":[{"floor":9.0,"key":"Kunai"},{"floor":10.0,"key":"Thread and Needle"},{"floor":13.0,"key":"InkBottle"},{"floor":26.0,"key":"DataDisk"},{"floor":29.0,"key":"Pocketwatch"}],"event_choices":[{"damage_healed":0.0,"max_hp_gain":0.0,"max_hp_loss":0.0,"gold_gain":50.0,"event_name":"Golden Shrine","player_choice":"Pray","floor":21.0,"gold_loss":0.0,"damage_taken":0.0},{"damage_healed":0.0,"max_hp_gain":0.0,"max_hp_loss":0.0,"gold_gain":0.0,"event_name":"Addict","player_choice":"Obtained Relic","floor":31.0,"gold_loss":85.0,"damage_taken":0.0,"relics_obtained":["Blood Vial"]}],"is_beta":false,"boss_relics":[{"not_picked":["SacredBark","Snecko Eye"],"picked":"Tiny House"}],"items_purged_floors":[],"is_endless":false,"potions_floor_spawned":[2,5,7,14,22,24,29],"killed_by":"Automaton","ascension_level":19}}