{"host":"bx54wbx1b8s5cm4v","time":1614039684,"event":{"mods":["BaseMod","GifTheSpireLib","Hubris","Minty Spire (QoL Compilation)","StSLib"],"gold_per_floor":[116,86,102,27,47,76,76,76,76,76,102,102,131,143,143,246,246,257,257,270,270,270,270,302,302,370,370,404,93,110,137,137,137,137],"floor_reached":33,"language":"ENG","playtime":1172,"items_purged":["Defend_G","hubris:SlightOfHand"],"score":396,"play_id":"5be8aa0a-1a47-41ad-9ccb-a0ee7538288a","local_time":"20210222212124","is_ascension_mode":true,"campfire_choices":[{"data":"Sadistic Nature","floor":10,"key":"SMITH"},{"data":"Backflip","floor":12,"key":"SMITH"},{"floor":15,"key":"REST"},{"data":"Bullet Time","floor":23,"key":"SMITH"},{"floor":25,"key":"REST"},{"floor":27,"key":"REST"},{"floor":32,"key":"REST"}],"circlet_count":0,"master_deck":["Strike_G","Strike_G","Strike_G","Strike_G","Strike_G","Defend_G","Defend_G","Defend_G","Defend_G","Survivor+1","Neutralize","Sadistic Nature+1","Poisoned Stab","Deadly Poison","Bouncing Flask+1","Backflip+1","Eviscerate","Bullet Time+1","Burst","Poisoned Stab","Bouncing Flask","Necronomicurse","Dagger Throw","All Out Attack+1","Master of Strategy","Underhanded Strike","Predator"],"relics":["Ring of the Snake","Nunchaku","Matryoshka","Tough Bandages","Ninja Scroll","hubris:Stopwatch","Necronomicon","Thread and Needle","Oddly Smooth Stone","Letter Opener","hubris:MysteriousPyramids","hubris:DeckOfHolding"],"acts_visited":["Exordium","TheCity"],"potions_floor_usage":[3,11,11,18,24,31,33],"damage_taken":[{"damage":1,"enemies":"Cultist","floor":1,"turns":4},{"damage":2,"enemies":"Jaw Worm","floor":3,"turns":4},{"damage":0,"enemies":"2 Louse","floor":5,"turns":3},{"damage":17,"enemies":"Lagavulin","floor":6,"turns":4},{"damage":7,"enemies":"Gremlin Nob","floor":11,"turns":3},{"damage":15,"enemies":"Lagavulin","floor":13,"turns":5},{"damage":8,"enemies":"Large Slime","floor":14,"turns":3},{"damage":10,"enemies":"Hexaghost","floor":16,"turns":6},{"damage":5,"enemies":"3 Byrds","floor":18,"turns":4},{"damage":20,"enemies":"2 Thieves","floor":20,"turns":3},{"damage":33,"enemies":"Gremlin Leader","floor":24,"turns":5},{"damage":26,"enemies":"Book of Stabbing","floor":28,"turns":4},{"damage":1,"enemies":"Centurion and Healer","floor":30,"turns":2},{"damage":0,"enemies":"Gremlin Leader","floor":31,"turns":3},{"damage":41,"enemies":"Automaton","floor":33,"turns":6}],"seed_played":"4143773613085805040","potions_obtained":[{"floor":2,"key":"Fruit Juice"},{"floor":2,"key":"EntropicBrew"},{"floor":3,"key":"CunningPotion"},{"floor":11,"key":"ColorlessPotion"},{"floor":18,"key":"Strength Potion"},{"floor":28,"key":"SpeedPotion"}],"is_trial":false,"path_per_floor":["M","?","M","$","M","E","?","?","T","R","E","R","E","M","R","B",null,"M","?","M","?","?","R","E","R","T","R","E","$","M","E","R","B"],"character_chosen":"THE_SILENT","items_purchased":["Master of Strategy","Underhanded Strike"],"campfire_rested":4,"item_purchase_floors":[29,29],"current_hp_per_floor":[48,48,51,51,51,34,19,44,44,44,37,37,22,14,36,26,75,70,70,50,34,34,34,1,23,23,45,19,19,18,18,40,0,0],"gold":137,"neow_bonus":"RANDOM_COLORLESS_2","is_daily":false,"chose_seed":false,"campfire_upgraded":3,"win_rate":0.0,"timestamp":1614039684,"path_taken":["M","?","M","?","?","E","?","?","T","R","E","R","E","M","R","BOSS","M","?","M","?","?","R","E","R","T","R","E","$","M","E","R","BOSS"],"items_purchased_type":["Card","Card"],"build_version":"2020-12-22","purchased_purges":2,"victory":false,"max_hp_per_floor":[70,70,75,75,75,75,75,75,75,75,75,75,75,75,75,75,75,75,75,75,75,75,75,75,75,75,75,75,75,75,75,75,75,75],"card_choices":[{"not_picked":["Thinking Ahead","The Bomb"],"picked":"Sadistic Nature","floor":0},{"not_picked":["Dagger Throw","Bane"],"picked":"Poisoned Stab","floor":1},{"not_picked":["PiercingWail","Quick Slash"],"picked":"Deadly Poison","floor":3},{"not_picked":["Sucker Punch","Bane"],"picked":"Bouncing Flask","floor":5},{"not_picked":["Quick Slash","Flying Knee"],"picked":"Backflip","floor":6},{"not_picked":["Dash","Endless Agony"],"picked":"Eviscerate","floor":11},{"not_picked":["Dodge and Roll","Distraction"],"picked":"Bullet Time","floor":13},{"not_picked":["Blade Dance","hubris:TrickCloak"],"picked":"hubris:SlightOfHand","floor":14},{"not_picked":["Bullet Time","After Image"],"picked":"Burst","floor":16},{"not_picked":["Dagger Throw+1","Predator"],"picked":"Poisoned Stab","floor":18},{"not_picked":["Slice","Skewer"],"picked":"Bouncing Flask","floor":20},{"not_picked":["Heel Hook","Bouncing Flask"],"picked":"Dagger Throw","floor":24},{"not_picked":["Slice","Outmaneuver"],"picked":"All Out Attack+1","floor":28},{"not_picked":["Prepared","hubris:Counter"],"picked":"Predator","floor":30},{"not_picked":["hubris:TrickCloak","Slice","Quick Slash"],"picked":"SKIP","floor":31}],"player_experience":54946,"relics_obtained":[{"floor":6,"key":"Nunchaku"},{"floor":9,"key":"Matryoshka"},{"floor":11,"key":"Tough Bandages"},{"floor":13,"key":"Ninja Scroll"},{"floor":21,"key":"Necronomicon"},{"floor":24,"key":"Thread and Needle"},{"floor":26,"key":"Oddly Smooth Stone"},{"floor":26,"key":"Letter Opener"},{"floor":28,"key":"hubris:MysteriousPyramids"},{"floor":31,"key":"hubris:DeckOfHolding"}],"event_choices":[{"damage_healed":0,"gold_gain":0,"player_choice":"Bought 2 Potions","damage_taken":0,"max_hp_gain":0,"max_hp_loss":0,"event_name":"The Woman in Blue","floor":2,"gold_loss":0},{"damage_healed":0,"gold_gain":0,"player_choice":"Entered Light","damage_taken":15,"max_hp_gain":0,"max_hp_loss":0,"event_name":"Shining Light","floor":7,"gold_loss":0,"cards_upgraded":["Survivor","Bouncing Flask"]},{"damage_healed":25,"gold_gain":0,"player_choice":"Banana","damage_taken":0,"max_hp_gain":0,"max_hp_loss":0,"event_name":"Big Fish","floor":8,"gold_loss":0},{"damage_healed":0,"gold_gain":0,"player_choice":"Ignored","damage_taken":0,"max_hp_gain":0,"max_hp_loss":0,"event_name":"Vampires","floor":19,"gold_loss":0},{"damage_healed":0,"gold_gain":0,"player_choice":"Obtained Book","damage_taken":16,"max_hp_gain":0,"max_hp_loss":0,"event_name":"Cursed Tome","floor":21,"gold_loss":0},{"damage_healed":0,"gold_gain":0,"player_choice":"Ignored","damage_taken":0,"max_hp_gain":0,"max_hp_loss":0,"event_name":"Ghosts","floor":22,"gold_loss":0}],"is_beta":false,"boss_relics":[{"not_picked":["Coffee Dripper","hubris:BlackHole"],"picked":"hubris:Stopwatch"}],"items_purged_floors":[4,29],"is_endless":false,"potions_floor_spawned":[3,11,14,16,18,28],"killed_by":"Automaton","ascension_level":3}}