{"host":"359hz4210ybch7ku","time":1614061052,"event":{"mods":["BaseMod","Block Reminder","Colored Map","Colored Powertips","Highlight Path","Minty Spire (QoL Compilation)","Slay the Relics Exporter","StSLib"],"gold_per_floor":[115,65,65,65,84,115,131,19,19,30,48,81,81,112,112,211,211,222,70,89,99,14,47,47,47],"floor_reached":24,"language":"ENG","playtime":1595,"items_purged":[],"score":326,"play_id":"6652bd25-76a8-42a1-a66f-b2c0cb2a8993","local_time":"20210222221732","is_ascension_mode":true,"campfire_choices":[{"data":"Footwork","floor":13,"key":"SMITH"},{"data":"Finisher","floor":15,"key":"SMITH"}],"circlet_count":0,"master_deck":["Strike_G+1","Strike_G+1","Strike_G+1","Defend_G","Defend_G","Defend_G","Defend_G","Defend_G+1","Survivor","Neutralize","Poisoned Stab","Footwork+1","Leg Sweep","Blur","Finisher+1","Poisoned Stab","Backflip","Acrobatics","Poisoned Stab","Leg Sweep","Footwork","Footwork","Blade Dance"],"relics":["Ring of the Snake","NeowsBlessing","Ninja Scroll","Whetstone","MealTicket","Eternal Feather","Pear","Empty Cage","Anchor","The Specimen","Molten Egg 2"],"acts_visited":["Exordium","TheCity"],"potions_floor_usage":[14,14,14,14,18,18,23,23],"damage_taken":[{"damage":0,"enemies":"Jaw Worm","floor":1,"turns":1},{"damage":0,"enemies":"2 Louse","floor":5,"turns":1},{"damage":0,"enemies":"Lagavulin","floor":6,"turns":1},{"damage":0,"enemies":"Cultist","floor":7,"turns":3},{"damage":7,"enemies":"3 Louse","floor":10,"turns":2},{"damage":1,"enemies":"Looter","floor":11,"turns":3},{"damage":19,"enemies":"3 Sentries","floor":12,"turns":7},{"damage":7,"enemies":"Lagavulin","floor":14,"turns":8},{"damage":4,"enemies":"The Guardian","floor":16,"turns":11},{"damage":0,"enemies":"2 Thieves","floor":18,"turns":4},{"damage":6,"enemies":"3 Byrds","floor":20,"turns":6},{"damage":7,"enemies":"Snecko","floor":21,"turns":9},{"damage":79,"enemies":"Slavers","floor":23,"turns":16},{"damage":6,"enemies":"Chosen and Byrds","floor":24,"turns":8}],"seed_played":"-3655906782283342234","potions_obtained":[{"floor":7,"key":"Dexterity Potion"},{"floor":10,"key":"SteroidPotion"},{"floor":11,"key":"EntropicBrew"},{"floor":14,"key":"AttackPotion"},{"floor":21,"key":"Regen Potion"}],"is_trial":false,"path_per_floor":["M","?","?","?","M","E","M","$","T","M","M","E","R","E","R","B",null,"M","$","M","M","?","E","M"],"character_chosen":"THE_SILENT","items_purchased":["Finisher","Infinite Blades","Anchor"],"campfire_rested":0,"item_purchase_floors":[8,8,19],"current_hp_per_floor":[70,70,56,44,44,44,44,44,44,37,36,17,29,32,44,40,70,70,80,74,67,67,3,0,0],"gold":47,"neow_bonus":"THREE_ENEMY_KILL","is_daily":false,"chose_seed":false,"campfire_upgraded":2,"win_rate":0.0,"timestamp":1614061052,"path_taken":["M","?","?","?","M","E","M","?","T","?","M","E","R","E","R","BOSS","M","$","?","M","?","E","M"],"items_purchased_type":["Card","Card","Relic"],"build_version":"2020-12-22","purchased_purges":0,"victory":false,"max_hp_per_floor":[70,70,70,70,70,70,70,70,70,70,70,70,70,80,80,80,80,80,80,80,80,80,80,80,80],"card_choices":[{"not_picked":["Deflect","Dagger Spray"],"picked":"Poisoned Stab","floor":1},{"not_picked":["Dagger Spray","Dash"],"picked":"Footwork","floor":5},{"not_picked":["Terror","A Thousand Cuts"],"picked":"Leg Sweep","floor":6},{"not_picked":["Footwork","Flying Knee"],"picked":"Blur","floor":7},{"not_picked":["Deadly Poison","Dodge and Roll"],"picked":"Poisoned Stab","floor":10},{"not_picked":["Prepared","Slice"],"picked":"Backflip","floor":11},{"not_picked":["Bane","Die Die Die"],"picked":"Acrobatics","floor":12},{"not_picked":["All Out Attack","PiercingWail"],"picked":"Poisoned Stab","floor":14},{"not_picked":["Expertise","Dagger Throw"],"picked":"Leg Sweep","floor":18},{"not_picked":["Expertise","Prepared"],"picked":"Footwork","floor":20},{"not_picked":["Dagger Spray","Flechettes"],"picked":"Footwork","floor":21},{"not_picked":["Storm of Steel","Riddle With Holes+1"],"picked":"Blade Dance","floor":23}],"player_experience":348412,"relics_obtained":[{"floor":6,"key":"Whetstone"},{"floor":9,"key":"MealTicket"},{"floor":12,"key":"Eternal Feather"},{"floor":14,"key":"Pear"},{"floor":23,"key":"Molten Egg 2"}],"event_choices":[{"cards_removed":["Strike_G"],"damage_healed":0,"gold_gain":0,"player_choice":"Card Removal","damage_taken":0,"max_hp_gain":0,"max_hp_loss":0,"event_name":"The Cleric","floor":2,"gold_loss":50},{"damage_healed":0,"gold_gain":0,"player_choice":"Entered Light","damage_taken":14,"max_hp_gain":0,"max_hp_loss":0,"event_name":"Shining Light","floor":3,"gold_loss":0,"cards_upgraded":["Defend_G","Strike_G"]},{"damage_healed":0,"gold_gain":0,"player_choice":"Success","damage_taken":12,"relics_obtained":["Ninja Scroll"],"max_hp_gain":0,"max_hp_loss":0,"event_name":"Scrap Ooze","floor":4,"gold_loss":0},{"damage_healed":0,"gold_gain":0,"player_choice":"Obtained Relic","damage_taken":0,"relics_obtained":["The Specimen"],"max_hp_gain":0,"max_hp_loss":0,"event_name":"Addict","floor":22,"gold_loss":85}],"is_beta":false,"boss_relics":[{"not_picked":["Sozu","Snecko Eye"],"picked":"Empty Cage"}],"items_purged_floors":[],"is_endless":false,"potions_floor_spawned":[7,10,11,12,14,21],"killed_by":"Chosen and Byrds","ascension_level":5}}