{"host":"kw3n9x3mpxk65n60","time":1614063216,"event":{"mods":["BaseMod","Colored Map","Colored Powertips","Downfall","GifTheSpireLib","Hubris","Minty Spire (QoL Compilation)","Replay The Spire","StSLib","The Jungle"],"gold_per_floor":[99,113,125,138,138,200,269,297,312,212,231,242,261,294,312,312,312,312],"floor_reached":16,"language":"ENG","playtime":1374,"items_purged":[],"score":141,"play_id":"4e6726e4-3dc1-49c0-9e7d-8dc8f368d387","local_time":"20210222225336","is_ascension_mode":false,"campfire_choices":[{"floor":10,"key":"REST"}],"circlet_count":0,"master_deck":["sneckomod:Strike","sneckomod:Strike","sneckomod:Strike","sneckomod:Defend","sneckomod:Defend","sneckomod:Defend","sneckomod:TailWhip","sneckomod:SnekBite","sneckomod:Unknown","hexamod:WildfireWeapon","sneckomod:DiceBlock","sneckomod:UnendingSupply","sneckomod:MasterEye","sneckomod:DiceBoulder","sneckomod:UnknownExhaust","sneckomod:Nope","sneckomod:UnknownUncommonPower","sneckomod:UnknownX","sneckomod:DefensiveFlair","sneckomod:UnknownRarePower","sneckomod:Unknown1Cost"],"relics":["sneckomod:SneckoSoul","downfall:ShatteredFragment","The Courier","Darkstone Periapt","downfall:HeartBlessingBlue","Gremlin Food"],"acts_visited":["Exordium"],"potions_floor_usage":[8,14,14,16],"damage_taken":[{"damage":2,"enemies":"2 Louse","floor":2,"turns":3},{"damage":0,"enemies":"Cultist","floor":3,"turns":3},{"damage":5,"enemies":"Small Slimes","floor":4,"turns":3},{"damage":32,"enemies":"Lagavulin Event","floor":6,"turns":6},{"damage":14,"enemies":"Gremlin Nob","floor":8,"turns":3},{"damage":12,"enemies":"Exordium Wildlife","floor":9,"turns":3},{"damage":17,"enemies":"Exordium Thugs","floor":11,"turns":4},{"damage":12,"enemies":"Blue Slaver","floor":12,"turns":3},{"damage":11,"enemies":"Red Slaver","floor":13,"turns":3},{"damage":12,"enemies":"3 Sentries","floor":14,"turns":6},{"damage":8,"enemies":"downfall:LooterAlt","floor":15,"turns":3},{"damage":3,"enemies":"IC_STATUS_ARCHETYPE","floor":16,"turns":1}],"seed_played":"5642868799582088313","potions_obtained":[{"floor":3,"key":"GamblersBrew"},{"floor":6,"key":"SteroidPotion"},{"floor":9,"key":"Dexterity Potion"},{"floor":11,"key":"Explosive Potion"}],"is_trial":false,"path_per_floor":["R","M","M","M","?","?","T","E","M","R","M","M","M","E","M","B"],"character_chosen":"THE_SNECKO","items_purchased":[],"campfire_rested":1,"item_purchase_floors":[],"current_hp_per_floor":[99,97,97,92,71,39,39,25,13,55,38,26,15,10,2,0,0,0],"gold":312,"neow_bonus":"TEN_PERCENT_HP_BONUS","is_daily":false,"chose_seed":false,"campfire_upgraded":0,"win_rate":0.0,"timestamp":1614063216,"path_taken":["R","M","M","M","?","?","T","E","M","R","M","M","M","E","M","BOSS"],"items_purchased_type":[],"build_version":"2020-12-22","purchased_purges":0,"victory":false,"max_hp_per_floor":[99,99,99,99,99,99,99,99,99,109,109,109,109,109,109,109,109,109],"card_choices":[{"not_picked":["sneckomod:IronFang","sneckomod:UnknownCommonAttack"],"picked":"sneckomod:DiceBlock","floor":2},{"not_picked":["sneckomod:DiceCrush","sneckomod:UnknownUncommonAttack"],"picked":"sneckomod:UnendingSupply","floor":3},{"not_picked":["sneckomod:UnknownBlock","sneckomod:QuickMove"],"picked":"sneckomod:MasterEye","floor":4},{"not_picked":["sneckomod:DiceBlock","sneckomod:Mudshield"],"picked":"sneckomod:DiceBoulder","floor":6},{"not_picked":["sneckomod:Unknown1Cost","sneckomod:Mudshield"],"picked":"sneckomod:UnknownExhaust","floor":8},{"not_picked":["sneckomod:UnknownWeak","sneckomod:DefensiveFlair"],"picked":"sneckomod:Nope","floor":9},{"not_picked":["sneckomod:UnknownCommonSkill","sneckomod:Nope"],"picked":"sneckomod:UnknownUncommonPower","floor":11},{"not_picked":["sneckomod:UnknownCommonAttack","sneckomod:SoulRoll"],"picked":"sneckomod:UnknownX","floor":12},{"not_picked":["sneckomod:UnknownCommonAttack","sneckomod:RainOfDice"],"picked":"sneckomod:DefensiveFlair","floor":13},{"not_picked":["sneckomod:UnknownCommonAttack","sneckomod:DiceBlock"],"picked":"sneckomod:UnknownRarePower","floor":14},{"not_picked":["sneckomod:SoulRoll","sneckomod:UnendingSupply"],"picked":"sneckomod:Unknown1Cost","floor":15}],"player_experience":320325,"relics_obtained":[{"floor":6,"key":"The Courier"},{"floor":8,"key":"Darkstone Periapt"},{"floor":14,"key":"Gremlin Food"}],"event_choices":[],"is_beta":false,"boss_relics":[],"items_purged_floors":[],"is_endless":false,"potions_floor_spawned":[3,6,9,11,13],"killed_by":"IC_STATUS_ARCHETYPE","ascension_level":0}}