{"host":"0r455zfix56tawas","time":1614097598,"event":{"mods":["AlwaysNeverKeys","BaseMod","Colored Powertips","Downfall","Highlight Path","Minty Spire (QoL Compilation)","Permanent Neow","StSLib","The Necromancer","The Servant 0.9.4"],"gold_per_floor":[99,117,127,37,51,67,90,90,104,104,118,118,118,152,172,172,172],"floor_reached":16,"language":"ENG","playtime":758,"items_purged":["Strike_W"],"score":104,"play_id":"b15719d8-5f6d-418f-8ef1-82e7e9120f71","local_time":"20210223172638","is_ascension_mode":false,"campfire_choices":[{"data":"Toxic_Smoke_Screen","floor":1,"key":"SMITH"},{"data":"Bones_to_Steel","floor":8,"key":"SMITH"},{"data":"Summon_Undead","floor":10,"key":"SMITH"},{"data":"Blood_for_Blood","floor":13,"key":"SMITH"}],"circlet_count":0,"master_deck":["Strike_W","Strike_W","Defend_W","Defend_W","Defend_W","Defend_W","Negative_Energy_Arrows","Bone_Wall","Toxic_Smoke_Screen+1","Bones_to_Steel+1","Blood_for_Blood+1","Summon_Undead+1","Bone_Armor","Siphon_Strength"],"relics":["Vampire_Amulet","Art of War","Bag of Preparation","Tiny Chest"],"acts_visited":["Exordium"],"potions_floor_usage":[11,14],"damage_taken":[{"damage":0,"enemies":"Cultist","floor":2,"turns":4},{"damage":1,"enemies":"Small Slimes","floor":3,"turns":4},{"damage":2,"enemies":"downfall:FleeingMerchant","floor":4,"turns":4},{"damage":0,"enemies":"Jaw Worm","floor":5,"turns":7},{"damage":3,"enemies":"3 Louse","floor":6,"turns":6},{"damage":6,"enemies":"Exordium Thugs","floor":9,"turns":9},{"damage":0,"enemies":"Gremlin Gang","floor":11,"turns":6},{"damage":43,"enemies":"Gremlin Nob","floor":14,"turns":6},{"damage":0,"enemies":"Blue Slaver","floor":15,"turns":5},{"damage":47,"enemies":"DF_ARCHETYPE_STREAMLINE","floor":16,"turns":14}],"seed_played":"-2546700392622665410","potions_obtained":[{"floor":5,"key":"BlessingOfTheForge"},{"floor":6,"key":"DuplicationPotion"},{"floor":9,"key":"Ancient Potion"},{"floor":14,"key":"LiquidBronze"},{"floor":15,"key":"SpeedPotion"}],"is_trial":false,"path_per_floor":["R","M","M","$","M","M","T","R","M","R","M","?","R","E","M","B"],"character_chosen":"NECROMANCER","items_purchased":[],"campfire_rested":0,"item_purchase_floors":[],"current_hp_per_floor":[75,75,75,73,75,75,75,75,73,73,75,72,72,31,33,0,0],"gold":172,"neow_bonus":"TRANSFORM_CARD","is_daily":false,"chose_seed":false,"campfire_upgraded":4,"win_rate":0.0,"timestamp":1614097598,"path_taken":["R","M","M","?","M","M","T","R","?","R","M","?","R","E","M","BOSS"],"items_purchased_type":[],"build_version":"2020-12-22","purchased_purges":1,"victory":false,"max_hp_per_floor":[75,75,75,75,75,75,75,75,75,75,75,75,75,75,75,75,75],"card_choices":[{"not_picked":["Negative_Energy_Mist","Deaths_Shadow"],"picked":"Bones_to_Steel","floor":2},{"not_picked":["Blood_Whip","Acid_Javelin"],"picked":"Blood_for_Blood","floor":3},{"not_picked":["Toxic_Smoke_Screen","Necromantic_Selection","Flesh_Made_Foul"],"picked":"SKIP","floor":4},{"not_picked":["Negative_Energy_Sphere","Bone_Spikes"],"picked":"Summon_Undead","floor":5},{"not_picked":["Blood_Whip","Blood_Magic"],"picked":"Bone_Armor","floor":6},{"not_picked":["Consume_Illness","Death_Coil","Shackles_Of_Pain"],"picked":"SKIP","floor":9},{"not_picked":["Vampiric_Strike","Bone_Bullets","Spectral_Walk"],"picked":"SKIP","floor":11},{"not_picked":["Death_Knell","Scare","Negative_Energy_Bomb"],"picked":"SKIP","floor":14},{"not_picked":["Spectral_Armor","Death_Coil"],"picked":"Siphon_Strength","floor":15}],"player_experience":1020549,"relics_obtained":[{"floor":7,"key":"Art of War"},{"floor":14,"key":"Tiny Chest"}],"event_choices":[{"damage_healed":0,"gold_gain":0,"player_choice":"Success","damage_taken":3,"relics_obtained":["Bag of Preparation"],"max_hp_gain":0,"max_hp_loss":0,"event_name":"Scrap Ooze","floor":12,"gold_loss":0}],"is_beta":false,"boss_relics":[],"items_purged_floors":[4],"is_endless":false,"potions_floor_spawned":[5,6,9,14,15],"killed_by":"DF_ARCHETYPE_STREAMLINE","ascension_level":0}}