{"host":"xnjcin1g6gswdgtt","time":1614044670,"event":{"mods":["2.2 Compatiblity","Act Like it!","Arknights","Aspiration","Astrologer","BaseMod","Beaked The Cultist","Better Altar","Better Match","Better Note","Better Sensory Stone","Better Skull","Better Third Choice","Better Vampires","BetterRewards","Bossed Relics","Card Forge","CatGirl Mod","ChefMod","Colored Map","Colored Powertips","Conspire","Dota2Spire","Downfall","Duelist Mod","Elementarium","Energized Spire","Friendly Minions","Gold Saver","Gremlin Mod","GungeonMod","Hero for Fun","Highlight Path","Hubris","Jedi Mod","JesterMod","Marisa????????","Marked Mod","Menagerie","Minty Spire (QoL Compilation)","Pale of the Ancients","QueenMod","Quick Restart","Rare Cards Sparkle","Relic Stats","Reliquary","Replay The Spire","Robot Space Explorer","Ruina","Shade Mod","Shapeshifter Mod","Shop Mod","Small Relic Pack","Smile Girya","Spicy Shops","StSLib","The Alterego","The Animator","The Blue Laboratory","The Clintock","The Construct","The Cursed","The Death Knight","The Disciple","The Dragon Tamer","The Forsaken","The Hierophant","The Marked","The Mystic","The Necromancer","The Poker Player","The Runesmith","The Saiyan","The Servant 0.9.4","The Showman","The Wild Card","TheBandit","TheSwordswoman","TheVacant","Trackpad","Yuri Mod","??????REMEMod"],"gold_per_floor":[1273,1288,1126,1126,1138,1167,1179,1190,1190,1219,924,943,958,970,970,1065,1065,1081,436,436,449,449,479,479,524,524,524,542,560,579,600,615,615,617,732,732,749,749,771,390,390,425,425,280,280,280,299,319,339,351,351,353,365,377,377,351,351,383,383,630,630,630],"floor_reached":63,"language":"ENG","playtime":3346,"items_purged":[],"score":1523,"play_id":"b0f67588-109a-4aa9-b56c-b8a2ce39d27b","local_time":"20210222194430","is_ascension_mode":false,"campfire_choices":[{"floor":15.0,"key":"RECALL"},{"floor":24.0,"key":"REST"},{"floor":27.0,"key":"REST"},{"floor":33.0,"key":"REST"},{"floor":43,"key":"REST"},{"floor":51,"key":"REST"},{"floor":57,"key":"REST"},{"floor":59,"key":"REST"}],"circlet_count":0,"master_deck":["Strike_Y+1","Defend_Y+1","Hop+1","Wear_Disguise+1","Consecutive_Normal_Punch+1","Serious_Punch+1","Slap+1","Side_Hop+1","Get_Hopes_Up+1","Toss_Stone+1","ruina:BlindRage+1","Ignore+1","Yawn+1","Normal_Punch+1","Hip_Strike+1","Do_Nothing+1","Wraith","Terrifying_Presence+1"],"relics":["Cape","Hammer of Thor","Seething Fire","Anvil of the Gods","REME_ComplimentaryCards","m_BronzeBlood","DemoMod:GlassGuonStoneRelic","conspire:TreasureMap","jesterMod:MirrorMask","Dota2Spire:RefresherOrb","Sozu","aspiration:RitualDagger","jedi:Pinwheel","Replay:Bandana","hubris:TenFootPole","MerchantsRug","InkBottle","Dota2Spire:Vanguard","DemoMod:PartiallyEatenCheese","DemoMod:ResourcefulSack","REME_DuelDisc","DemoMod:RatBoots","Dota2Spire:BattleFury","hubris:DisguiseKit","hubris:Towel","reliquary:ExpiredCoupon","DemoMod:MeatBun","jedi:heavyjacket","relicPack:OneForAll","paleoftheancients:Timepiece","paleoftheancients:KeyRelic","Mercury Hourglass","paleoftheancients:SoulOfTheCollector","Ring of Fury","ReplayTheSpireMod:Ring of Collecting","jedi:windupbox","jedi:ominousloannote"],"acts_visited":["Exordium","ruina:Briah","DemoMod:Maze","TheBeyond","paleoftheancients:PaleOfTheAncients"],"potions_floor_usage":[],"damage_taken":[{"damage":0.0,"enemies":"Jaw Worm","floor":1.0,"turns":1.0},{"damage":0.0,"enemies":"Cultist","floor":2.0,"turns":1.0},{"damage":0.0,"enemies":"Small Slimes","floor":5.0,"turns":2.0},{"damage":0.0,"enemies":"3 Sentries","floor":6.0,"turns":5.0},{"damage":0.0,"enemies":"3 Louse","floor":7.0,"turns":4.0},{"damage":0.0,"enemies":"Blue Slaver","floor":8.0,"turns":1.0},{"damage":0.0,"enemies":"Gremlin Nob","floor":10.0,"turns":1.0},{"damage":0.0,"enemies":"Red Slaver","floor":12.0,"turns":2.0},{"damage":0.0,"enemies":"2 Fungi Beasts","floor":13.0,"turns":1.0},{"damage":0.0,"enemies":"Exordium Wildlife","floor":14.0,"turns":2.0},{"damage":0.0,"enemies":"Hexaghost","floor":16.0,"turns":1.0},{"damage":0.0,"enemies":"ruina:3_Bats","floor":18.0,"turns":3.0},{"damage":0.0,"enemies":"ruina:Nosferatu","floor":21.0,"turns":1.0},{"damage":0.0,"enemies":"ruina:RoadHome","floor":23.0,"turns":1.0},{"damage":0.0,"enemies":"ruina:Mountain","floor":25.0,"turns":3.0},{"damage":0.0,"enemies":"DemoMod:Red_and_blue_shotgun_kin","floor":28.0,"turns":1.0},{"damage":0.0,"enemies":"DemoMod:Veteran_shot_gun_kin_and_bullet_kin","floor":29.0,"turns":1.0},{"damage":0.0,"enemies":"DemoMod:Red_and_blue_shotgun_kin_with_gunsinger","floor":30.0,"turns":1.0},{"damage":0.0,"enemies":"DemoMod:Veteran_shot_gun_kin_and_red_shotgun_kin_with_gunsinger","floor":31.0,"turns":1.0},{"damage":0.0,"enemies":"DemoMod:Veteran_shot_gun_kin_and_blue_shotgun_kin","floor":32.0,"turns":1.0},{"damage":0.0,"enemies":"DemoMod:ResourcefulRat","floor":34.0,"turns":2.0},{"damage":0.0,"enemies":"DemoMod:ResourcefulRat","floor":35.0,"turns":5.0},{"damage":0.0,"enemies":"3 Darklings","floor":37.0,"turns":1.0},{"damage":0.0,"enemies":"Orb Walker","floor":39.0,"turns":1.0},{"damage":0,"enemies":"Reptomancer","floor":42,"turns":1},{"damage":0,"enemies":"3 Darklings","floor":47,"turns":1},{"damage":0,"enemies":"4 Shapes","floor":48,"turns":1},{"damage":0,"enemies":"Transient","floor":49,"turns":1},{"damage":0,"enemies":"Sphere and 2 Shapes","floor":50,"turns":1},{"damage":0,"enemies":"Replay:Hell Engine","floor":52,"turns":1},{"damage":0,"enemies":"Replay:Hell Engine","floor":53,"turns":1},{"damage":0,"enemies":"Replay:Hell Engine","floor":54,"turns":1},{"damage":0,"enemies":"Replay:Hell Engine","floor":58,"turns":1},{"damage":0,"enemies":"paleoftheancients:N","floor":62,"turns":2}],"seed_played":"1783689440261385228","potions_obtained":[{"floor":1.0,"key":"jedi:StrikingPotion"},{"floor":5.0,"key":"Regen Potion"},{"floor":12.0,"key":"blueLaboratory:BottleOfRum"},{"floor":14.0,"key":"jedi:wingpotion"}],"is_trial":false,"path_per_floor":["M","M","$","?","M","E","M","M","T","E","$","M","M","M","R","B",null,"M","$","?","M","?","E","R","E","T","R","M","M","M","M","M","R","B","B",null,"M","?","M","$","?","E","R","$","T","?","M","M","M","M","R","B","M","M","?","$","R","M","R","$","?","B",null],"character_chosen":"OPM","items_purchased":["DemoMod:GnawedKey","Ignore","conspire:TreasureMap","jesterMod:MirrorMask","jedi:Pinwheel","Replay:Bandana","Toss_Stone","hubris:TenFootPole","MerchantsRug","ruina:BlindRage","Dota2Spire:BattleFury","hubris:DisguiseKit","DemoMod:MeatBun","jedi:windupbox","jedi:ominousloannote","Terrifying_Presence"],"campfire_rested":7,"item_purchase_floors":[3,3,11,11,19,19,19,19,19,19,40,40,44,56,60,60],"current_hp_per_floor":[999,999,999,999,999,999,999,999,999,999,999,999,999,999,999,999,999,999,999,999,999,999,999,999,999,999,999,999,999,999,999,999,999,999,999,999,999,999,999,999,999,999,999,999,999,999,999,999,999,999,999,1048,1048,1048,1048,1048,1048,1048,1048,1048,1048,1048],"gold":630,"neow_bonus":"NOSTALGIA","is_daily":false,"chose_seed":false,"campfire_upgraded":0,"win_rate":0.0,"timestamp":1614044670,"path_taken":["M","M","$","?","?","E","M","M","T","E","$","M","M","M","R","BOSS","M","$","?","?","?","E","R","E","T","R","M","M","M","M","M","R","BOSS","BOSS","M","?","M","$","?","E","R","?","T","?","M","?","?","M","R","BOSS","M","M","?","$","R","M","R","$","?","BOSS"],"items_purchased_type":["Relic","Card","Relic","Relic","Relic","Relic","Card","Relic","Relic","Card","Relic","Relic","Relic","Relic","Relic","Card"],"build_version":"2020-12-22","purchased_purges":0,"victory":true,"max_hp_per_floor":[999,999,999,999,999,999,999,999,999,999,999,999,999,999,999,999,999,999,999,999,999,999,999,999,999,999,999,999,999,999,999,999,999,999,999,999,999,999,999,999,999,999,999,999,999,999,999,999,999,999,999,1048,1048,1048,1048,1048,1048,1048,1048,1048,1048,1048],"relic_stats":{"Sozu":8,"counters":[34,54],"obtain_stats":[{"Hammer of Thor":0,"DemoMod:GlassGuonStoneRelic":1,"Dota2Spire:RefresherOrb":17,"Dota2Spire:Vanguard":25,"REME_DuelDisc":36,"jedi:Pinwheel":19,"jesterMod:MirrorMask":11,"Sozu":17,"relicPack:OneForAll":46,"Replay:Bandana":19,"Honey Jar":36,"reliquary:Buckler":10,"DemoMod:GnawedKey":3,"InkBottle":23,"MerchantsRug":19,"hubris:DisguiseKit":40,"conspire:TreasureMap":11,"paleoftheancients:KeyRelic":52,"aspiration:Nostalgia":0,"DemoMod:MemoryAlloy":6,"Replay:Grab Bag":17,"DemoMod:PartiallyEatenCheese":36,"Dota2Spire:BattleFury":40,"DemoMod:RatBoots":36,"Seething Fire":0,"Cape":0,"hubris:Towel":41,"Mercury Hourglass":52,"paleoftheancients:Timepiece":52,"jedi:windupbox":56,"reliquary:ExpiredCoupon":42,"jedi:heavyjacket":45,"Anvil of the Gods":0,"DemoMod:MeatBun":44,"jedi:ominousloannote":60,"ReplayTheSpireMod:Ring of Collecting":55,"Ring of Fury":55,"m_BronzeBlood":0,"hubris:TenFootPole":19,"aspiration:RitualDagger":17,"DemoMod:ResourcefulSack":36,"paleoftheancients:SoulOfTheCollector":53,"REME_ComplimentaryCards":0},{"Hammer of Thor":0,"DemoMod:GlassGuonStoneRelic":1,"Dota2Spire:RefresherOrb":11,"Dota2Spire:Vanguard":15,"REME_DuelDisc":22,"jedi:Pinwheel":12,"jesterMod:MirrorMask":7,"Sozu":11,"relicPack:OneForAll":25,"Replay:Bandana":12,"Honey Jar":22,"reliquary:Buckler":7,"DemoMod:GnawedKey":2,"InkBottle":14,"MerchantsRug":12,"hubris:DisguiseKit":24,"conspire:TreasureMap":7,"paleoftheancients:KeyRelic":30,"aspiration:Nostalgia":0,"DemoMod:MemoryAlloy":4,"Replay:Grab Bag":11,"DemoMod:PartiallyEatenCheese":22,"Dota2Spire:BattleFury":24,"DemoMod:RatBoots":22,"Seething Fire":0,"Cape":0,"hubris:Towel":24,"Mercury Hourglass":30,"paleoftheancients:Timepiece":30,"jedi:windupbox":32,"reliquary:ExpiredCoupon":25,"jedi:heavyjacket":25,"Anvil of the Gods":0,"DemoMod:MeatBun":25,"jedi:ominousloannote":33,"ReplayTheSpireMod:Ring of Collecting":32,"Ring of Fury":32,"m_BronzeBlood":0,"hubris:TenFootPole":12,"aspiration:RitualDagger":11,"DemoMod:ResourcefulSack":22,"paleoftheancients:SoulOfTheCollector":31,"REME_ComplimentaryCards":0},{"Hammer of Thor":0,"DemoMod:GlassGuonStoneRelic":1,"Dota2Spire:RefresherOrb":21,"Dota2Spire:Vanguard":29,"REME_DuelDisc":41,"jedi:Pinwheel":24,"jesterMod:MirrorMask":15,"Sozu":21,"relicPack:OneForAll":44,"Replay:Bandana":24,"Honey Jar":41,"reliquary:Buckler":15,"DemoMod:GnawedKey":2,"InkBottle":26,"MerchantsRug":24,"hubris:DisguiseKit":43,"conspire:TreasureMap":15,"paleoftheancients:KeyRelic":49,"aspiration:Nostalgia":0,"DemoMod:MemoryAlloy":9,"Replay:Grab Bag":21,"DemoMod:PartiallyEatenCheese":41,"Dota2Spire:BattleFury":43,"DemoMod:RatBoots":41,"Seething Fire":0,"Cape":0,"hubris:Towel":43,"Mercury Hourglass":49,"paleoftheancients:Timepiece":49,"jedi:windupbox":51,"reliquary:ExpiredCoupon":44,"jedi:heavyjacket":44,"Anvil of the Gods":0,"DemoMod:MeatBun":44,"jedi:ominousloannote":52,"ReplayTheSpireMod:Ring of Collecting":51,"Ring of Fury":51,"m_BronzeBlood":0,"hubris:TenFootPole":24,"aspiration:RitualDagger":21,"DemoMod:ResourcefulSack":41,"paleoftheancients:SoulOfTheCollector":50,"REME_ComplimentaryCards":0}],"InkBottle":[6],"Mercury Hourglass":[26]},"card_choices":[{"not_picked":["Ghostly Armor","bronze:Shield"],"picked":"Hop","floor":1.0},{"not_picked":["Shrug It Off","Side_Hop"],"picked":"Yawn","floor":2.0},{"not_picked":["Body Slam","bronze:BuggyMess"],"picked":"Do_Nothing","floor":5.0},{"not_picked":["Fire Breathing","bronze:BuggyMess"],"picked":"Wear_Disguise","floor":6.0},{"not_picked":["ReplayReversal","Ignore"],"picked":"Consecutive_Normal_Punch","floor":7.0},{"not_picked":["Shrug It Off","bronze:ItsAFeature"],"picked":"Serious_Punch","floor":8.0},{"not_picked":["Consecutive_Normal_Punch","bronze:Shield","bronze:ShipIt"],"picked":"SKIP","floor":10.0},{"not_picked":["Hop","Metallicize"],"picked":"Slap","floor":12.0},{"not_picked":["Wild Strike","Slap"],"picked":"Side_Hop","floor":13.0},{"not_picked":["bronze:BuggyMess","Yawn","Hop"],"picked":"SKIP","floor":14.0},{"not_picked":["Juggernaut","Serious_Punch"],"picked":"Get_Hopes_Up","floor":16.0},{"not_picked":["Side_Hop","Wear_Disguise+1","Do_Nothing"],"picked":"SKIP","floor":18.0},{"not_picked":["Slap+1","Hop"],"picked":"Ignore","floor":21.0},{"not_picked":["Get_Hopes_Up","Wear_Disguise"],"picked":"Yawn+1","floor":23.0},{"not_picked":["Toss_Stone+1","Side_Hop","Ignore+1"],"picked":"SKIP","floor":25.0},{"not_picked":["Yawn+1","Hop"],"picked":"Normal_Punch+1","floor":28.0},{"not_picked":["Yawn","Hop","Ignore"],"picked":"SKIP","floor":29.0},{"not_picked":["Side_Hop+1","Wear_Disguise","Yawn"],"picked":"SKIP","floor":30.0},{"not_picked":["Ignore","Yawn+1","Side_Hop"],"picked":"SKIP","floor":31.0},{"not_picked":["Side_Hop+1","Yawn","Slap"],"picked":"SKIP","floor":32.0},{"not_picked":["Get_Hopes_Up","Terrifying_Presence"],"picked":"Hip_Strike","floor":35.0},{"not_picked":["Yawn","Toss_Stone+1"],"picked":"Consecutive_Normal_Punch+1","floor":36.0},{"not_picked":["Normal_Punch+1","Ignore+1","Consecutive_Normal_Punch+1"],"picked":"Do_Nothing","floor":37.0},{"not_picked":["Side_Hop+1","Yawn+1","Slap"],"picked":"Ignore","floor":39.0},{"not_picked":["Toss_Stone+1","Wild Strike","Body Slam","yuri:ReactiveMadness"],"picked":"bronze:Turbo","floor":42},{"not_picked":["bronze:Shield","ReplayReversal+1","bronze:BugBarrage","Body Slam+1"],"picked":"yuri:BookRed","floor":47},{"not_picked":["bronze:Turbo","Wild Strike","bronze:Shield+1","bronze:BugBarrage+1"],"picked":"yuri:DebugCard","floor":48},{"not_picked":["Flame Barrier","bronze:BuggyMess+1","bronze:Repulsor+1","Juggernaut"],"picked":"yuri:BookRed","floor":49},{"not_picked":["bronze:Shield","Shrug It Off","bronze:ItsAFeature","ReplayTheSpireMod:Stacked"],"picked":"yuri:CalmingAura","floor":50},{"not_picked":["Wear_Disguise","Consecutive_Normal_Punch+1","Ignore","yuri:Stare"],"picked":"Side_Hop+1","floor":53},{"not_picked":["Normal_Punch+1","Yawn","Slap+1","yuri:yuriQuickStrike"],"picked":"Hop","floor":54},{"not_picked":["Slap+1","Hop+1","Yawn+1","yuri:RepairCode"],"picked":"SKIP","floor":58}],"player_experience":221146,"relics_obtained":[{"floor":6.0,"key":"DemoMod:MemoryAlloy"},{"floor":10.0,"key":"reliquary:Buckler"},{"floor":23.0,"key":"InkBottle"},{"floor":25.0,"key":"Dota2Spire:Vanguard"},{"floor":36.0,"key":"DemoMod:PartiallyEatenCheese"},{"floor":36.0,"key":"DemoMod:ResourcefulSack"},{"floor":36.0,"key":"Honey Jar"},{"floor":36.0,"key":"REME_DuelDisc"},{"floor":36.0,"key":"DemoMod:RatBoots"},{"floor":42,"key":"reliquary:ExpiredCoupon"},{"floor":45,"key":"jedi:heavyjacket"},{"floor":53,"key":"paleoftheancients:SoulOfTheCollector"},{"floor":54,"key":"paleoftheancients:SoulOfTheWatcher"},{"floor":55,"key":"Ring of Fury"},{"floor":55,"key":"ReplayTheSpireMod:Ring of Collecting"},{"floor":58,"key":"paleoftheancients:SoulOfTheBandit"}],"event_choices":[{"damage_healed":0.0,"max_hp_gain":0.0,"max_hp_loss":0.0,"gold_gain":0.0,"event_name":"betterNote:BetterNote","player_choice":"Ignored","floor":4.0,"gold_loss":0.0,"damage_taken":0.0,"cards_obtained":["theMarked:Defend"]},{"damage_healed":0.0,"max_hp_gain":0.0,"max_hp_loss":0.0,"gold_gain":0.0,"event_name":"OrinTheCat","player_choice":"Ignored","floor":38.0,"gold_loss":0.0,"damage_taken":0.0}],"is_beta":false,"boss_relics":[{"not_picked":["hubris:BlackHole","reliquary:ThirdArm"],"picked":"Replay:Grab Bag"},{"not_picked":["bronze:MakeshiftBattery","trackpad:Coffee"],"picked":"Dota2Spire:RefresherOrb"},{"not_picked":["energizedSpire:HugeHouse","ReplayTheSpireMod:Onyx Gauntlets"],"picked":"Sozu"},{"not_picked":["beaked:SacredDeck","Replay:Drink Me"],"picked":"aspiration:RitualDagger"},{"not_picked":[]}],"items_purged_floors":[],"is_endless":false,"potions_floor_spawned":[1,5,12,13,14,16,21,25,29,30,31,47,49,53],"ascension_level":0}}