{"host":"qx22gp6oc7p3276t","time":1614113110,"event":{"mods":["AchievementEnabler","BaseMod","Colored Map","Colored Powertips","Minty Spire (QoL Compilation)","Relic Sorter","StSLib","UnlockEverythingMod"],"gold_per_floor":[12,23,39,5,15,15,46,46,72,72,22,22,22,73,73,169,169,186,186,96,21,33,64,64,94,94,127,145,145,145],"floor_reached":29,"language":"ENG","playtime":1508,"items_purged":[],"score":397,"play_id":"99e28cad-64ac-4e61-ad3c-9d9eca3ac9c8","local_time":"20210223214510","is_ascension_mode":true,"campfire_choices":[{"data":"Blasphemy","floor":6.0,"key":"SMITH"},{"data":"Eruption","floor":13.0,"key":"SMITH"},{"floor":15.0,"key":"REST"},{"data":"Ragnarok","floor":24.0,"key":"SMITH"}],"circlet_count":0,"master_deck":["Strike_P+1","Defend_P+1","Defend_P+1","Eruption+1","Vigilance","Ragnarok+1","Judgement","EmptyFist","FearNoEvil","FlurryOfBlows","Conclude","Blasphemy+1","Alpha","SashWhip","Ghostly","Ghostly","Ghostly","Ghostly","Ghostly","Fasting2","LikeWater+1","Regret"],"relics":["PureWater","Juzu Bracelet","Bag of Preparation","Dream Catcher","Cursed Key","Damaru","Ancient Tea Set","Molten Egg 2","Shuriken"],"acts_visited":["Exordium","TheCity"],"potions_floor_usage":[],"damage_taken":[{"damage":1.0,"enemies":"Cultist","floor":1.0,"turns":3.0},{"damage":0.0,"enemies":"Small Slimes","floor":2.0,"turns":1.0},{"damage":0.0,"enemies":"Jaw Worm","floor":3.0,"turns":3.0},{"damage":6.0,"enemies":"Exordium Wildlife","floor":5.0,"turns":2.0},{"damage":18.0,"enemies":"Lagavulin","floor":7.0,"turns":4.0},{"damage":0.0,"enemies":"Slime Boss","floor":16.0,"turns":5.0},{"damage":28.0,"enemies":"Shell Parasite","floor":18.0,"turns":4.0},{"damage":16.0,"enemies":"3 Byrds","floor":22.0,"turns":4.0},{"damage":2.0,"enemies":"Book of Stabbing","floor":23.0,"turns":6.0},{"damage":0.0,"enemies":"Gremlin Leader","floor":25.0,"turns":2.0},{"damage":4.0,"enemies":"Book of Stabbing","floor":27.0,"turns":4.0},{"damage":0.0,"enemies":"Snake Plant","floor":28.0,"turns":2.0},{"damage":16,"enemies":"Slavers","floor":29,"turns":4}],"seed_played":"5344733756283042610","potions_obtained":[{"floor":3.0,"key":"BottledMiracle"},{"floor":5.0,"key":"CultistPotion"},{"floor":16.0,"key":"SteroidPotion"},{"floor":18.0,"key":"SkillPotion"},{"floor":22.0,"key":"Strength Potion"}],"is_trial":false,"path_per_floor":["M","M","M","$","M","R","E","?","T","?","?","?","R","T","R","B",null,"M","?","?","?","M","E","R","E","T","E","M","E"],"character_chosen":"WATCHER","items_purchased":["Conclude"],"campfire_rested":1,"item_purchase_floors":[4],"current_hp_per_floor":[71,71,71,71,65,65,47,52,52,45,45,30,30,30,53,53,77,49,38,38,38,22,20,20,20,20,16,16,0,0],"gold":145,"neow_bonus":"TRANSFORM_TWO_CARDS","is_daily":false,"chose_seed":false,"campfire_upgraded":3,"win_rate":0.0,"timestamp":1614113110,"path_taken":["M","M","?","$","M","R","E","?","T","?","?","?","R","?","R","BOSS","M","?","?","?","M","E","R","E","T","E","M","E"],"items_purchased_type":["Card"],"build_version":"2020-12-22","purchased_purges":0,"victory":false,"max_hp_per_floor":[72,72,72,72,72,72,72,77,77,77,77,77,77,77,77,77,77,77,38,38,38,38,38,38,38,38,38,38,38,38],"card_choices":[{"not_picked":["PathToVictory","Weave"],"picked":"EmptyFist","floor":1.0},{"not_picked":["Weave","SashWhip"],"picked":"FearNoEvil","floor":2.0},{"not_picked":["FollowUp","PathToVictory"],"picked":"FlurryOfBlows","floor":3.0},{"not_picked":["MentalFortress","PathToVictory"],"picked":"Blasphemy","floor":5.0},{"not_picked":["Conclude","Halt"],"picked":"Establishment","floor":7.0},{"not_picked":["Judgement","SpiritShield"],"picked":"Alpha","floor":16.0},{"not_picked":["PathToVictory","FearNoEvil"],"picked":"SashWhip","floor":18.0},{"not_picked":["PathToVictory+1","Consecrate","FlyingSleeves"],"picked":"SKIP","floor":22.0},{"not_picked":["Collect+1","Perseverance"],"picked":"Fasting2","floor":23.0},{"not_picked":["CutThroughFate","Consecrate"],"picked":"LikeWater+1","floor":25.0},{"not_picked":["Judgement","Crescendo+1","SashWhip+1"],"picked":"SKIP","floor":27.0},{"not_picked":["Evaluate","BowlingBash+1","Crescendo"],"picked":"SKIP","floor":28.0}],"player_experience":419106,"relics_obtained":[{"floor":7.0,"key":"Juzu Bracelet"},{"floor":9.0,"key":"Bag of Preparation"},{"floor":14.0,"key":"Dream Catcher"},{"floor":23.0,"key":"Damaru"},{"floor":25.0,"key":"Ancient Tea Set"},{"floor":26.0,"key":"Molten Egg 2"},{"floor":27.0,"key":"Shuriken"}],"event_choices":[{"damage_healed":0.0,"max_hp_gain":5.0,"max_hp_loss":0.0,"gold_gain":0.0,"event_name":"Big Fish","player_choice":"Donut","floor":8.0,"gold_loss":0.0,"damage_taken":0.0},{"cards_removed":["Strike_P"],"damage_healed":0.0,"max_hp_gain":0.0,"max_hp_loss":0.0,"gold_gain":0.0,"event_name":"Golden Wing","player_choice":"Card Removal","floor":10.0,"gold_loss":0.0,"damage_taken":7.0},{"cards_removed":["Defend_P"],"damage_healed":0.0,"max_hp_gain":0.0,"max_hp_loss":0.0,"gold_gain":0.0,"event_name":"The Cleric","player_choice":"Card Removal","floor":11.0,"gold_loss":50.0,"damage_taken":0.0},{"damage_healed":0.0,"max_hp_gain":0.0,"max_hp_loss":0.0,"gold_gain":0.0,"event_name":"Shining Light","player_choice":"Entered Light","floor":12.0,"gold_loss":0.0,"damage_taken":15.0,"cards_upgraded":["Strike_P","Defend_P"]},{"damage_healed":0.0,"max_hp_gain":0.0,"max_hp_loss":39.0,"gold_gain":0.0,"event_name":"Ghosts","player_choice":"Became a Ghost","floor":19.0,"gold_loss":0.0,"damage_taken":0.0,"cards_obtained":["Ghostly","Ghostly","Ghostly","Ghostly","Ghostly"]},{"cards_removed":["Strike_P"],"damage_healed":0.0,"max_hp_gain":0.0,"max_hp_loss":0.0,"gold_gain":0.0,"event_name":"Designer","player_choice":"Upgrade and Remove","floor":20.0,"gold_loss":90.0,"damage_taken":0.0,"cards_upgraded":["Defend_P"]},{"cards_removed":["Establishment"],"damage_healed":0.0,"max_hp_gain":0.0,"max_hp_loss":0.0,"gold_gain":0.0,"event_name":"Beggar","player_choice":"Gave Gold","floor":21.0,"gold_loss":75.0,"damage_taken":0.0}],"is_beta":false,"boss_relics":[{"not_picked":["HolyWater","Sozu"],"picked":"Cursed Key"}],"items_purged_floors":[],"is_endless":false,"potions_floor_spawned":[3,5,16,18,22],"killed_by":"Slavers","ascension_level":1}}