{"host":"hqxy2g3i5ker09hc","time":1614120533,"event":{"mods":["2.2 Compatiblity","AlwaysNeverKeys","Aspiration","BaseMod","Beaked The Cultist","Better Match","Better Note","Better Sensory Stone","Better Silent Start","Better Third Choice","Better-Laid Plans","Conspire","Downfall","GifTheSpireLib","Gold Saver","Hubris","Ironclad Rager","Kalas","Marked Mod","Melee Mod","Minty Spire (QoL Compilation)","MostiFishMod","Nova Terra(??·??)","Permanent Neow","Pikachu Mod","Quarter Circle Forward PUNCH!","Quick Restart","Railgun Mod","Replay The Spire","SIMod","SOS???????","Shop Mod","Small Relic Pack","Spikes Relics","StSLib","Stuff the Spire","The Animator","The Bug Knight","The Forsaken","The Wild Card"],"gold_per_floor":[531,531,56,78,78,145,145,170,170,170,225,285,68,68,68,165,165,197,197,197,197,208,108,101,101,124,42,42,42,42],"floor_reached":29,"language":"ENG","playtime":2447,"items_purged":["Strike_B","Defend_Dante"],"score":289,"play_id":"8d949f99-7284-433f-be1a-96fadc0e1505","local_time":"20210223234853","is_ascension_mode":false,"campfire_choices":[{"data":"Gunslinger","floor":7,"key":"SMITH"},{"data":"Gunstinger","floor":10,"key":"SMITH"},{"floor":15,"key":"DIG"},{"data":"Shock","floor":28,"key":"SMITH"}],"circlet_count":0,"master_deck":["Attack_a","Attack_a","Attack_b","Shoot","Shoot+1","Provocation","Defend_Dante","Defend_Dante","Defend_Dante","Redorb","theForsaken:Penitence","MostiFishMod:TheLastGuard","Dash2","Gunslinger+1","Gunstinger+1","Stylechange","Chargeshoot2","Gunstinger","Pandora","VitalstarL","Dash1","Trickster","Shock+1","Swordcombo","VitalstarL","theForsaken:PlagueCurse","Enemystep"],"relics":["SSS","Combocheck","DaveBox","SynthV:TestCard","conspire:Dentures","hubris:Towel","SnailShell","Replay:Ringing Soul","StuffTheSpire:RubySignet","Cursed Key","Blue Doll","Lantern"],"acts_visited":["Exordium","TheCity"],"potions_floor_usage":[18,24],"damage_taken":[{"damage":0,"enemies":"2 Louse","floor":1,"turns":2},{"damage":41,"enemies":"3 Sentries","floor":6,"turns":15},{"damage":3,"enemies":"Jaw Worm","floor":8,"turns":6},{"damage":0,"enemies":"Small Slimes","floor":11,"turns":3},{"damage":0,"enemies":"Blue Slaver","floor":12,"turns":5},{"damage":22,"enemies":"Slime Boss","floor":16,"turns":9},{"damage":0,"enemies":"Spheric Guardian","floor":18,"turns":3},{"damage":0,"enemies":"3 Byrds","floor":22,"turns":3},{"damage":90,"enemies":"Slavers","floor":24,"turns":9},{"damage":50,"enemies":"Centurion and Healer","floor":27,"turns":8},{"damage":4,"enemies":"Snake Plant","floor":29,"turns":3}],"seed_played":"-7699584071098749078","potions_obtained":[{"floor":6,"key":"GamblersBrew"},{"floor":8,"key":"hexamod:SoulburnPotion"},{"floor":12,"key":"GamblersBrew"},{"floor":22,"key":"SpeedPotion"}],"is_trial":false,"path_per_floor":["M","?","$","?","?","E","R","M","T","R","M","M","$","?","R","B",null,"M","?","?","?","M","$","E","?","T","M","R","M"],"character_chosen":"DANTE","items_purchased":["MostiFishMod:TheLastGuard","conspire:Dentures","Dash2","Gunstinger","Pandora"],"campfire_rested":0,"item_purchase_floors":[3,3,3,13,13],"current_hp_per_floor":[96,96,96,96,96,55,55,52,52,52,55,58,61,61,61,44,108,111,111,114,114,117,117,58,61,64,57,57,55,55],"gold":42,"neow_bonus":"TWENTY_PERCENT_HP_BONUS","is_daily":false,"chose_seed":false,"campfire_upgraded":3,"win_rate":0.0,"timestamp":1614120533,"path_taken":["M","?","$","?","?","E","R","M","T","R","?","M","$","?","R","BOSS","M","?","?","?","M","$","E","?","T","?","R","M"],"items_purchased_type":["Card","Relic","Card","Card","Card"],"build_version":"2020-12-22","purchased_purges":2,"victory":false,"max_hp_per_floor":[96,96,96,96,96,96,96,96,96,96,99,102,105,105,105,108,108,111,111,114,114,117,117,120,123,126,129,129,129,129],"card_choices":[{"not_picked":["LucifercomboC","Greenorb","LucifercomboA"],"picked":"SKIP","floor":1},{"not_picked":["Straight","Whiteorb","EbonyIvory","Splesh"],"picked":"Gunslinger","floor":6},{"not_picked":["Gilgamesh","Stinger","BeastUppercut","Splesh"],"picked":"Gunstinger","floor":8},{"not_picked":["DT","Dash2","Weaponchange","Hightime"],"picked":"Stylechange","floor":11},{"not_picked":["Lucifer","Hightime","Chargeshoot","LucifercomboC"],"picked":"Chargeshoot2","floor":12},{"not_picked":["Enemystep","Purpleorb","Airtrick","Weaponreturn"],"picked":"VitalstarL","floor":16},{"not_picked":["Weaponupgrade","Chargeshoot2","Gilgamesh","Stinger"],"picked":"Dash1","floor":18},{"not_picked":["SSScard","Lucifer","Gunstinger","EbonyIvory"],"picked":"Shock","floor":22},{"not_picked":["Gunslinger+1","Chargeshoot+1","Millionkick","Hightime"],"picked":"Swordcombo","floor":24},{"not_picked":["Kick13","Whiteorb","Shock","Rebellion"],"picked":"Enemystep","floor":27}],"player_experience":693117,"relics_obtained":[{"floor":1,"key":"SynthV:TestCard"},{"floor":6,"key":"SnailShell"},{"floor":9,"key":"Replay:Ringing Soul"},{"floor":15,"key":"StuffTheSpire:RubySignet"},{"floor":24,"key":"Blue Doll"},{"floor":26,"key":"Lantern"}],"event_choices":[{"cards_removed":["Shoot"],"damage_healed":0,"gold_gain":0,"player_choice":"Give","damage_taken":0,"max_hp_gain":0,"max_hp_loss":0,"event_name":"betterNote:BetterNote","floor":19,"gold_loss":0,"cards_obtained":["Defend_G"]},{"damage_healed":0,"gold_gain":0,"player_choice":"Read","damage_taken":0,"max_hp_gain":0,"max_hp_loss":0,"event_name":"The Library","floor":20,"gold_loss":0,"cards_obtained":["Trickster"]},{"damage_healed":0,"gold_gain":0,"player_choice":"Copied","damage_taken":0,"max_hp_gain":0,"max_hp_loss":0,"event_name":"Duplicator","floor":25,"gold_loss":0,"cards_obtained":["VitalstarL"]}],"is_beta":false,"boss_relics":[{"not_picked":["TimeKeys","hubris:HollowSoul"],"picked":"Cursed Key"}],"items_purged_floors":[13,23],"is_endless":false,"potions_floor_spawned":[6,8,12,16,22],"killed_by":"Snake Plant","ascension_level":0}}