{"host":"70zhvo5nwrhp1mbg","time":1614105775,"event":{"mods":["BaseMod","Colored Map","Colored Powertips","Highlight Path","Minty Spire (QoL Compilation)","Rare Cards Sparkle","StSLib"],"gold_per_floor":[111,111,127,142,152,180,197,232,256,256,268,6,6,21,21,95,395,413,428,447,465,481,481,514,514,514,544,554,604,614,629,629,704,704,717,6,31,46,59,59,71,71,71,86,97,319,319,0,0,0],"floor_reached":51,"language":"ENG","playtime":3908,"items_purged":[],"score":1272,"play_id":"ebaebc3f-0bfb-4430-acc5-10508bbd6016","local_time":"20210223134255","is_ascension_mode":true,"campfire_choices":[{"floor":10.0,"key":"REST"},{"data":"Armaments","floor":13.0,"key":"SMITH"},{"data":"Seeing Red","floor":15,"key":"SMITH"},{"data":"Perfected Strike","floor":23,"key":"SMITH"},{"data":"Fiend Fire","floor":25,"key":"SMITH"},{"data":"Feed","floor":32,"key":"SMITH"},{"data":"Demon Form","floor":40,"key":"SMITH"},{"data":"Searing Blow","floor":42,"key":"SMITH"},{"data":"Perfected Strike","floor":47,"key":"SMITH"},{"data":"Flame Barrier","floor":49,"key":"SMITH"}],"circlet_count":0,"master_deck":["AscendersBane","Bash+1","Pommel Strike+1","Seeing Red+1","Armaments+1","Perfected Strike+1","Immolate","Twin Strike","Disarm","Iron Wave","Shrug It Off","Anger","Flame Barrier+1","Feed+1","CurseOfTheBell","Anger","Metallicize","Fiend Fire+1","Flex","Feel No Pain+1","Demon Form+1","Fire Breathing","Headbutt","Carnage","Clothesline","Searing Blow+1","Pommel Strike","Perfected Strike","Battle Trance","Blood for Blood","Metallicize+1","Pummel+1","Disarm+1","Iron Wave","Cleave+1","Perfected Strike+1"],"relics":["Burning Blood","PreservedInsect","Membership Card","Eternal Feather","Peace Pipe","Dream Catcher","Singing Bowl","Sling","Calling Bell","Orichalcum","HornCleat","Old Coin","Toy Ornithopter","White Beast Statue","Red Mask","Pandora\u0027s Box","The Courier","CaptainsWheel","Bird Faced Urn","Mummified Hand","Pantograph","Red Skull","Frozen Egg 2","Strange Spoon","Incense Burner","Bottled Flame","Calipers","Kunai","TheAbacus"],"acts_visited":["Exordium","TheCity","TheBeyond"],"potions_floor_usage":[16,21,27,28,33,33,35,37,39,44,45],"damage_taken":[{"damage":8.0,"enemies":"Jaw Worm","floor":1.0,"turns":5.0},{"damage":1.0,"enemies":"Cultist","floor":3.0,"turns":4.0},{"damage":1.0,"enemies":"2 Louse","floor":4.0,"turns":2.0},{"damage":15.0,"enemies":"2 Fungi Beasts","floor":5.0,"turns":5.0},{"damage":25.0,"enemies":"Lagavulin","floor":6.0,"turns":4.0},{"damage":24.0,"enemies":"Exordium Thugs","floor":7.0,"turns":3.0},{"damage":15.0,"enemies":"3 Sentries","floor":8.0,"turns":6.0},{"damage":12.0,"enemies":"Looter","floor":11.0,"turns":3.0},{"damage":0,"enemies":"Large Slime","floor":14,"turns":5},{"damage":19,"enemies":"Slime Boss","floor":16,"turns":9},{"damage":10,"enemies":"Spheric Guardian","floor":18,"turns":4},{"damage":10,"enemies":"Chosen","floor":19,"turns":5},{"damage":43,"enemies":"Snake Plant","floor":20,"turns":7},{"damage":40,"enemies":"Cultist and Chosen","floor":21,"turns":9},{"damage":62,"enemies":"Centurion and Healer","floor":22,"turns":9},{"damage":21,"enemies":"Book of Stabbing","floor":24,"turns":5},{"damage":37,"enemies":"Masked Bandits","floor":27,"turns":5},{"damage":11,"enemies":"Snake Plant","floor":28,"turns":4},{"damage":22,"enemies":"3 Cultists","floor":30,"turns":6},{"damage":21,"enemies":"Sentry and Sphere","floor":31,"turns":5},{"damage":181,"enemies":"Automaton","floor":33,"turns":13},{"damage":11,"enemies":"Orb Walker","floor":35,"turns":4},{"damage":7,"enemies":"Mind Bloom Boss Battle","floor":37,"turns":11},{"damage":7,"enemies":"3 Darklings","floor":38,"turns":5},{"damage":0,"enemies":"Jaw Worm Horde","floor":39,"turns":4},{"damage":46,"enemies":"Spire Growth","floor":41,"turns":6},{"damage":23,"enemies":"4 Shapes","floor":44,"turns":4},{"damage":33,"enemies":"Maw","floor":45,"turns":7},{"damage":90,"enemies":"Donu and Deca","floor":50,"turns":12}],"seed_played":"-7284014858438812469","potions_obtained":[{"floor":4.0,"key":"SkillPotion"},{"floor":5.0,"key":"Strength Potion"},{"floor":11.0,"key":"BloodPotion"},{"floor":14,"key":"Explosive Potion"},{"floor":16,"key":"GamblersBrew"},{"floor":18,"key":"CultistPotion"},{"floor":21,"key":"FearPotion"},{"floor":22,"key":"Block Potion"},{"floor":27,"key":"Block Potion"},{"floor":28,"key":"BlessingOfTheForge"},{"floor":30,"key":"BloodPotion"},{"floor":33,"key":"Fire Potion"},{"floor":35,"key":"Swift Potion"},{"floor":37,"key":"FearPotion"},{"floor":38,"key":"LiquidMemories"},{"floor":39,"key":"SpeedPotion"},{"floor":41,"key":"AttackPotion"},{"floor":44,"key":"Energy Potion"},{"floor":45,"key":"FairyPotion"}],"is_trial":false,"path_per_floor":["M","?","M","M","M","E","M","E","T","R","M","$","R","M","R","B",null,"M","M","M","M","M","R","E","R","T","?","M","?","M","M","R","B",null,"M","$","?","M","M","R","M","R","T","M","M","?","R","$","R","B",null],"character_chosen":"IRONCLAD","items_purchased":["Singing Bowl","Sling","Shrug It Off","Anger","CaptainsWheel","Bird Faced Urn","Mummified Hand","Pantograph","Red Skull","Frozen Egg 2","Strange Spoon","Metallicize+1","Calipers","Kunai","TheAbacus"],"campfire_rested":1,"item_purchase_floors":[12,12,12,12,36,36,36,36,36,36,36,36,48,48,48],"current_hp_per_floor":[66,66,71,75,66,47,29,20,20,51,60,60,72,75,75,62,72,70,68,31,39,16,31,36,51,51,28,30,30,14,41,56,19,73,75,75,93,93,93,93,57,75,75,71,57,57,78,78,95,59],"gold":0,"neow_bonus":"UPGRADE_CARD","is_daily":false,"chose_seed":false,"campfire_upgraded":9,"win_rate":0.0,"timestamp":1614105775,"path_taken":["M","?","M","M","M","E","M","E","T","R","M","?","R","M","R","BOSS","M","?","M","M","?","R","E","R","T","?","M","?","M","M","R","BOSS","M","$","?","M","M","R","M","R","T","M","M","?","R","$","R","BOSS"],"items_purchased_type":["Relic","Relic","Card","Card","Relic","Relic","Relic","Relic","Relic","Relic","Relic","Card","Relic","Relic","Relic"],"build_version":"2020-12-22","purchased_purges":0,"victory":true,"max_hp_per_floor":[75,75,75,75,75,75,75,75,75,75,75,75,75,75,75,75,75,77,79,79,81,84,84,84,84,84,87,89,89,89,91,91,91,91,93,93,93,93,93,93,95,95,95,95,95,95,95,95,95,95],"card_choices":[{"not_picked":["Headbutt","Twin Strike"],"picked":"Pommel Strike","floor":1.0},{"not_picked":["Blood for Blood","Clash"],"picked":"Seeing Red","floor":3.0},{"not_picked":["Clash","Flex"],"picked":"Armaments","floor":4.0},{"not_picked":["Havoc","Warcry"],"picked":"Perfected Strike","floor":5.0},{"not_picked":["Sever Soul","Perfected Strike"],"picked":"Immolate","floor":6.0},{"not_picked":["Intimidate","Seeing Red"],"picked":"Twin Strike","floor":7.0},{"not_picked":["Evolve","Clash","Thunderclap"],"picked":"SKIP","floor":8.0},{"not_picked":["Ghostly Armor","Body Slam"],"picked":"Disarm","floor":10.0},{"not_picked":["True Grit","Havoc"],"picked":"Iron Wave","floor":11.0},{"not_picked":["Dropkick","Anger"],"picked":"Flame Barrier","floor":14},{"not_picked":["Brutality","Limit Break"],"picked":"Feed","floor":16},{"not_picked":["Shrug It Off","Twin Strike","Sword Boomerang"],"picked":"Singing Bowl","floor":18},{"not_picked":["Clothesline","Battle Trance","Entrench"],"picked":"Singing Bowl","floor":19},{"not_picked":["Battle Trance","Havoc"],"picked":"Anger","floor":20},{"not_picked":["Dual Wield","Clash","Clothesline"],"picked":"Singing Bowl","floor":21},{"not_picked":["Headbutt","Seeing Red"],"picked":"Metallicize","floor":22},{"not_picked":["Clothesline","Reckless Charge"],"picked":"Fiend Fire","floor":24},{"not_picked":["Twin Strike","Havoc"],"picked":"Flex","floor":27},{"not_picked":["Second Wind","Clash+1","Carnage"],"picked":"Singing Bowl","floor":28},{"not_picked":["Clothesline","Whirlwind"],"picked":"Feel No Pain+1","floor":30},{"not_picked":["Body Slam","Heavy Blade","Dual Wield"],"picked":"Singing Bowl","floor":31},{"not_picked":["Double Tap","Offering"],"picked":"Demon Form","floor":33},{"not_picked":["Disarm","Armaments","Headbutt+1"],"picked":"Singing Bowl","floor":35},{"not_picked":["Iron Wave+1","Havoc"],"picked":"Pummel+1","floor":37},{"not_picked":["Seeing Red","True Grit"],"picked":"Disarm+1","floor":38},{"not_picked":["Shrug It Off","Hemokinesis"],"picked":"Iron Wave","floor":39},{"not_picked":["Warcry+1","Intimidate+1","Fire Breathing+1"],"picked":"Singing Bowl","floor":41},{"not_picked":["Exhume","Shrug It Off+1"],"picked":"Cleave+1","floor":44},{"not_picked":["Clash","Burning Pact"],"picked":"Perfected Strike","floor":45}],"player_experience":685415,"relics_obtained":[{"floor":6.0,"key":"Eternal Feather"},{"floor":8.0,"key":"Peace Pipe"},{"floor":9.0,"key":"Dream Catcher"},{"floor":17,"key":"Orichalcum"},{"floor":17,"key":"HornCleat"},{"floor":17,"key":"Old Coin"},{"floor":24,"key":"Toy Ornithopter"},{"floor":26,"key":"White Beast Statue"},{"floor":27,"key":"Red Mask"},{"floor":37,"key":"Incense Burner"},{"floor":43,"key":"Bottled Flame"}],"event_choices":[{"damage_healed":0.0,"max_hp_gain":0.0,"max_hp_loss":0.0,"gold_gain":0.0,"event_name":"Accursed Blacksmith","player_choice":"Forge","floor":2.0,"gold_loss":0.0,"damage_taken":0.0,"cards_upgraded":["Pommel Strike"]},{"damage_healed":0,"gold_gain":0,"player_choice":"Fought Bandits","damage_taken":0,"max_hp_gain":0,"max_hp_loss":0,"event_name":"Masked Bandits","floor":27,"gold_loss":0},{"damage_healed":0,"gold_gain":50,"player_choice":"Stole From Cult","damage_taken":0,"max_hp_gain":0,"max_hp_loss":0,"event_name":"Nest","floor":29,"gold_loss":0},{"damage_healed":0,"gold_gain":0,"player_choice":"Fight","damage_taken":0,"max_hp_gain":0,"max_hp_loss":0,"event_name":"MindBloom","floor":37,"gold_loss":0},{"damage_healed":0,"gold_gain":222,"player_choice":"Wore Mask","damage_taken":0,"max_hp_gain":0,"max_hp_loss":0,"event_name":"Tomb of Lord Red Mask","floor":46,"gold_loss":0}],"is_beta":false,"boss_relics":[{"not_picked":["Fusion Hammer","Empty Cage"],"picked":"Calling Bell"},{"not_picked":["Sozu","Runic Dome"],"picked":"Pandora\u0027s Box"}],"items_purged_floors":[],"is_endless":false,"potions_floor_spawned":[4,5,11,14,16,18,21,22,27,28,30,31,33,35,37,38,39,41,44,45],"ascension_level":16}}