{"host":"v54ek091sdz7ha6h","time":1614093706,"event":{"mods":["BaseMod","Colored Map","Colored Powertips","Custom Start","DeckTracker","Highlight Path","KOR Keyword Fix","Minty Spire (QoL Compilation)","Random Character Button","Rare Cards Sparkle","Relic Stats","StSLib","SuperFastMode","everything is the same but u backflip on backflip"],"gold_per_floor":[118,118,193,209,209,209,223,241,241,254,269,281,314,330,330,429,429,444,543,543,543,559,571,582,207,207,227,227,227,227,127,127,231,231,250,267,267,285,297,324,324,42,42,52,78,93,93,93,93,93,93,93,93,119,119],"floor_reached":56,"language":"KOR","playtime":1717,"items_purged":["Strike_G","Strike_G","Strike_G"],"score":1213,"play_id":"c4e2e79d-fc24-4299-8160-337d82109ec9","local_time":"20210224002146","is_ascension_mode":false,"campfire_choices":[{"data":"Glass Knife","floor":6.0,"key":"SMITH"},{"data":"Caltrops","floor":15.0,"key":"SMITH"},{"data":"Envenom","floor":28.0,"key":"SMITH"},{"data":"Night Terror","floor":30.0,"key":"SMITH"},{"data":"Neutralize","floor":32.0,"key":"SMITH"},{"data":"Envenom","floor":41.0,"key":"SMITH"},{"floor":49,"key":"RECALL"},{"data":"Malaise","floor":52,"key":"SMITH"}],"circlet_count":0,"master_deck":["Strike_G","Defend_G+1","Defend_G","Defend_G+1","Defend_G","Survivor","Neutralize+1","Glass Knife+1","Heel Hook","Terror","Caltrops+1","Malaise+1","Night Terror+1","Envenom+1","Envenom+1","Heel Hook","PiercingWail+1"],"relics":["Ring of the Snake","Ornamental Fan","Paper Crane","Sozu","Medical Kit","Happy Flower","Omamori","Runic Pyramid","The Specimen","Lantern","Question Card","Anchor","Boot"],"acts_visited":["Exordium","TheCity","TheBeyond","TheEnding"],"potions_floor_usage":[],"damage_taken":[{"damage":0.0,"enemies":"Small Slimes","floor":1.0,"turns":3.0},{"damage":0.0,"enemies":"2 Louse","floor":4.0,"turns":2.0},{"damage":0.0,"enemies":"Jaw Worm","floor":7.0,"turns":4.0},{"damage":8.0,"enemies":"Exordium Wildlife","floor":8.0,"turns":4.0},{"damage":0.0,"enemies":"3 Louse","floor":10.0,"turns":3.0},{"damage":0.0,"enemies":"Looter","floor":11.0,"turns":2.0},{"damage":0.0,"enemies":"Lots of Slimes","floor":12.0,"turns":4.0},{"damage":8.0,"enemies":"Gremlin Nob","floor":13.0,"turns":3.0},{"damage":0.0,"enemies":"Blue Slaver","floor":14.0,"turns":5.0},{"damage":10.0,"enemies":"The Guardian","floor":16.0,"turns":12.0},{"damage":5.0,"enemies":"2 Thieves","floor":18.0,"turns":5.0},{"damage":2.0,"enemies":"Spheric Guardian","floor":22.0,"turns":7.0},{"damage":2.0,"enemies":"Snecko","floor":23.0,"turns":6.0},{"damage":7.0,"enemies":"Centurion and Healer","floor":24.0,"turns":9.0},{"damage":5.0,"enemies":"Shelled Parasite and Fungi","floor":27.0,"turns":6.0},{"damage":28.0,"enemies":"Automaton","floor":33.0,"turns":12.0},{"damage":0.0,"enemies":"Orb Walker","floor":35.0,"turns":3.0},{"damage":3.0,"enemies":"3 Darklings","floor":36.0,"turns":6.0},{"damage":37.0,"enemies":"Sphere and 2 Shapes","floor":38.0,"turns":11.0},{"damage":0.0,"enemies":"Maw","floor":39.0,"turns":6.0},{"damage":7.0,"enemies":"Giant Head","floor":40.0,"turns":5.0},{"damage":10,"enemies":"Jaw Worm Horde","floor":44,"turns":5},{"damage":5,"enemies":"Nemesis","floor":45,"turns":5},{"damage":4,"enemies":"Transient","floor":46,"turns":5},{"damage":8,"enemies":"Time Eater","floor":50,"turns":10},{"damage":11,"enemies":"Shield and Spear","floor":54,"turns":6},{"damage":42,"enemies":"The Heart","floor":55,"turns":8}],"seed_played":"2073204663516252463","potions_obtained":[{"floor":4.0,"key":"Strength Potion"},{"floor":7.0,"key":"Regen Potion"},{"floor":10.0,"key":"Fire Potion"},{"floor":13.0,"key":"FearPotion"},{"floor":14.0,"key":"Fire Potion"}],"is_trial":false,"path_per_floor":["M","?","?","M","?","R","M","M","T","M","M","M","E","M","R","B",null,"M","?","?","?","M","M","M","$","T","M","R","T","R","$","R","B",null,"M","M","?","M","M","E","R","$","T","M","E","M","?","?","R","B",null,"R","$","E","B",null],"character_chosen":"THE_SILENT","items_purchased":["Medical Kit","Happy Flower","Lantern"],"campfire_rested":0,"item_purchase_floors":[25,25,42],"current_hp_per_floor":[70,70,59,59,45,45,45,37,37,37,37,37,38,38,38,28,70,65,65,52,52,50,48,41,41,41,36,36,36,36,36,36,8,75,75,72,72,35,35,28,28,28,28,18,13,9,9,28,28,20,75,75,75,64,22],"gold":119,"neow_bonus":"ONE_RANDOM_RARE_CARD","is_daily":false,"chose_seed":false,"campfire_upgraded":7,"win_rate":0.0,"timestamp":1614093706,"path_taken":["M","?","?","M","?","R","M","M","T","?","M","M","E","M","R","BOSS","M","?","?","?","M","M","M","$","T","M","R","?","R","$","R","BOSS","M","M","?","M","M","E","R","$","T","M","E","?","?","?","R","BOSS","R","$","E","BOSS"],"items_purchased_type":["Relic","Relic","Relic"],"build_version":"2020-12-22","purchased_purges":3,"victory":true,"max_hp_per_floor":[70,70,70,70,70,70,70,70,70,70,70,70,70,70,70,70,70,70,70,75,75,75,75,75,75,75,75,75,75,75,75,75,75,75,75,75,75,75,75,75,75,75,75,75,75,75,75,75,75,75,75,75,75,75,75],"relic_stats":{"Sozu":7,"Happy Flower":[29],"counters":[27,157],"Ornamental Fan":[404],"Medical Kit":[11],"Question Card":5,"Boot":[1],"obtain_stats":[{"Lantern":42,"Happy Flower":25,"The Specimen":40,"Omamori":29,"Paper Crane":13,"Medical Kit":25,"Question Card":43,"Boot":54,"Sozu":17,"Anchor":45,"Ornamental Fan":9,"Ring of the Snake":0,"Runic Pyramid":34},{"Lantern":21,"Happy Flower":14,"The Specimen":21,"Omamori":15,"Paper Crane":8,"Medical Kit":14,"Question Card":21,"Boot":26,"Sozu":10,"Anchor":23,"Ornamental Fan":4,"Ring of the Snake":0,"Runic Pyramid":16},{"Lantern":118,"Happy Flower":69,"The Specimen":118,"Omamori":75,"Paper Crane":25,"Medical Kit":69,"Question Card":118,"Boot":149,"Sozu":42,"Anchor":128,"Ornamental Fan":13,"Ring of the Snake":0,"Runic Pyramid":87}],"Ring of the Snake":[54]},"card_choices":[{"not_picked":["Backflip","Setup"],"picked":"Heel Hook","floor":1.0},{"not_picked":["Bane","PiercingWail"],"picked":"Caltrops","floor":4.0},{"not_picked":["Eviscerate","Deadly Poison","Backflip"],"picked":"SKIP","floor":7.0},{"not_picked":["Dodge and Roll","Sucker Punch","Cloak And Dagger"],"picked":"SKIP","floor":8.0},{"not_picked":["Infinite Blades","Cloak And Dagger","Calculated Gamble"],"picked":"SKIP","floor":10.0},{"not_picked":["Deadly Poison","Outmaneuver","Dagger Throw"],"picked":"SKIP","floor":11.0},{"not_picked":["Skewer","Underhanded Strike","Quick Slash"],"picked":"SKIP","floor":12.0},{"not_picked":["Blur","Calculated Gamble"],"picked":"Malaise","floor":13.0},{"not_picked":["Skewer","Acrobatics","Escape Plan"],"picked":"SKIP","floor":14.0},{"not_picked":["Doppelganger","Unload"],"picked":"Night Terror","floor":16.0},{"not_picked":["Blade Dance+1","Underhanded Strike","Deflect"],"picked":"SKIP","floor":18.0},{"not_picked":["Prepared","PiercingWail","Underhanded Strike"],"picked":"SKIP","floor":22.0},{"not_picked":["Bouncing Flask","Flying Knee","Deflect"],"picked":"SKIP","floor":23.0},{"not_picked":["Reflex","Concentrate"],"picked":"Envenom","floor":24.0},{"not_picked":["Blade Dance","Dagger Throw+1","Finisher"],"picked":"SKIP","floor":27.0},{"not_picked":["Die Die Die","Phantasmal Killer"],"picked":"Envenom","floor":33.0},{"not_picked":["Choke","Blur","Quick Slash"],"picked":"SKIP","floor":35.0},{"not_picked":["Underhanded Strike+1","Escape Plan","Blade Dance"],"picked":"SKIP","floor":36.0},{"not_picked":["Blade Dance+1","Masterful Stab+1","Heel Hook"],"picked":"SKIP","floor":38.0},{"not_picked":["Blade Dance+1","Masterful Stab+1"],"picked":"Heel Hook","floor":38.0},{"not_picked":["Setup","Slice+1","Deflect"],"picked":"SKIP","floor":39.0},{"not_picked":["Infinite Blades","Calculated Gamble","Outmaneuver"],"picked":"SKIP","floor":40.0},{"not_picked":["Outmaneuver","Footwork","Dagger Throw"],"picked":"PiercingWail+1","floor":44},{"not_picked":["Outmaneuver","Setup","Predator+1","Poisoned Stab+1"],"picked":"SKIP","floor":45},{"not_picked":["Infinite Blades","Outmaneuver","Underhanded Strike","Accuracy+1"],"picked":"SKIP","floor":46},{"not_picked":["Outmaneuver","Tactician+1","Backstab+1","Deflect"],"picked":"SKIP","floor":54}],"player_experience":1496471,"relics_obtained":[{"floor":9.0,"key":"Ornamental Fan"},{"floor":13.0,"key":"Paper Crane"},{"floor":29.0,"key":"Omamori"},{"floor":40.0,"key":"The Specimen"},{"floor":43,"key":"Question Card"},{"floor":45,"key":"Anchor"},{"floor":54,"key":"Boot"}],"event_choices":[{"damage_healed":0.0,"max_hp_gain":0.0,"max_hp_loss":0.0,"gold_gain":0.0,"cards_transformed":["Defend_G"],"event_name":"Living Wall","player_choice":"Change","floor":2.0,"gold_loss":0.0,"damage_taken":0.0,"cards_obtained":["Terror"]},{"damage_healed":0.0,"max_hp_gain":0.0,"max_hp_loss":0.0,"gold_gain":75.0,"event_name":"World of Goop","player_choice":"Gather Gold","floor":3.0,"gold_loss":0.0,"damage_taken":11.0},{"damage_healed":0.0,"max_hp_gain":0.0,"max_hp_loss":0.0,"gold_gain":0.0,"event_name":"Shining Light","player_choice":"Entered Light","floor":5.0,"gold_loss":0.0,"damage_taken":14.0,"cards_upgraded":["Defend_G","Defend_G"]},{"damage_healed":0.0,"max_hp_gain":0.0,"max_hp_loss":0.0,"gold_gain":99.0,"event_name":"Nest","player_choice":"Stole From Cult","floor":19.0,"gold_loss":0.0,"damage_taken":0.0},{"damage_healed":0.0,"max_hp_gain":5.0,"max_hp_loss":0.0,"gold_gain":0.0,"event_name":"Forgotten Altar","player_choice":"Shed Blood","floor":20.0,"gold_loss":0.0,"damage_taken":18.0},{"cards_removed":["Strike_G"],"damage_healed":0.0,"max_hp_gain":0.0,"max_hp_loss":0.0,"gold_gain":0.0,"event_name":"Back to Basics","player_choice":"Elegance","floor":21.0,"gold_loss":0.0,"damage_taken":0.0},{"damage_healed":0.0,"max_hp_gain":0.0,"max_hp_loss":0.0,"gold_gain":0.0,"event_name":"The Woman in Blue","player_choice":"Bought 0 Potions","floor":37.0,"gold_loss":0.0,"damage_taken":0.0},{"damage_healed":0,"gold_gain":0,"player_choice":"Memory 1","damage_taken":0,"max_hp_gain":0,"max_hp_loss":0,"event_name":"SensoryStone","floor":47,"gold_loss":0},{"damage_healed":19,"gold_gain":0,"player_choice":"Writhe","damage_taken":0,"max_hp_gain":0,"max_hp_loss":0,"event_name":"Winding Halls","floor":48,"gold_loss":0,"cards_obtained":["Writhe"]}],"is_beta":false,"boss_relics":[{"not_picked":["HoveringKite","Velvet Choker"],"picked":"Sozu"},{"not_picked":["Snecko Eye","Cursed Key"],"picked":"Runic Pyramid"}],"items_purged_floors":[25,31,42],"is_endless":false,"potions_floor_spawned":[4,7,10,13,14,18,22,27,35,36,38,40],"ascension_level":0}}