{"host":"gmyk8bg94oizxlix","time":1614050170,"event":{"mods":["Aspiration","Bard","BaseMod","Beaked The Cultist","Better Third Choice","Colored Powertips","Conspire","Downfall","Energized Spire","GifTheSpireLib","Glutton Mod","Googly Eyes","Hermit","Hubris","Infinite Spire","Mad Scientist","Marisa????????","Minty Spire (QoL Compilation)","Quick Restart","Replay The Spire","Shade Mod","Spikes Relics","StSLib","Stuff the Spire","The Bladedancer","The Construct","The Cursed","The Disciple","The Druid","The Florist","The Forsaken","The Jungle","The Necromancer","The Poker Player","The Runesmith","The Sage","The Servant 0.9.4"],"gold_per_floor":[99,118,118,118,132,40,40,40,40,25,25,36,70,70,90,188,188,188,204,34,52,52,79,79,105,105,105,136,136,136,48,63,160,160,160,174,44,44,57,57,110,136,136,166,166,186,86,116,126,126],"floor_reached":51,"language":"ENG","playtime":50002,"items_purged":["Guardian:Strike_Guardian"],"score":922,"play_id":"73a90980-885d-44da-8214-6014bbf286c0","local_time":"20210222221610","is_ascension_mode":true,"campfire_choices":[{"floor":1.0,"key":"DIG"},{"data":"Guardian:MultiBeam","floor":8.0,"key":"SMITH"},{"data":"Guardian:Emergency","floor":11.0,"key":"SMITH"},{"data":"Guardian:TimeSifter","floor":18.0,"key":"SMITH"},{"data":"Guardian:StasisStrike","floor":27.0,"key":"SMITH"},{"data":"Guardian:TimeCapacitor","floor":29.0,"key":"SMITH"},{"data":"Guardian:Orbwalk","floor":35.0,"key":"SMITH"},{"data":"Guardian:TwinSlam","floor":40,"key":"SMITH"},{"floor":43,"key":"REST"},{"floor":45,"key":"REST"},{"floor":47,"key":"REST"}],"circlet_count":0,"master_deck":["Guardian:Strike_Guardian","Guardian:Strike_Guardian","Guardian:Defend_Guardian","Guardian:Defend_Guardian","Guardian:Defend_Guardian","Guardian:Defend_Guardian","Guardian:CurlUp","Guardian:TwinSlam+1","Guardian:Planning","Guardian:Emergency+1","Guardian:MultiBeam+1","Guardian:TemporalStrike","Guardian:Recover","Guardian:MultiBeam","Guardian:TimeCapacitor+1","Guardian:TimeSifter+1","CurseOfTheBell","BlessedFruit","BlessedFruit","Guardian:BronzeOrb","Guardian:StasisStrike+1","Guardian:BronzeOrb","Guardian:TimeSifter","Guardian:Reroute","Guardian:Recover+1","Guardian:Orbwalk+1","Guardian:ShieldCharger","Guardian:Clone+1","Guardian:Incinerate","Guardian:Incinerate","Guardian:TemporalStrike","Guardian:Clone","Guardian:WalkerClaw+1","Guardian:TemporalStrike","Guardian:Gem_Cyan"],"relics":["Guardian:ModeShifter","BrokenLever","hubris:Towel","LugNut","Question Card","MealTicket","Calling Bell","HeavenlyBonsai","Replay:Bottled Steam","Replay:Wax Seal","theForsaken:Lifeblossom","Bottled Flame","BlackRope","Matryoshka","downfall:RedIOU","StuffTheSpire:RunicHypercube","ReplayFunnel","SnailShell","Runesmith:AutoHammer","Pen Nib","downfall:HeartBlessingGreen","Incense Burner"],"acts_visited":["Exordium","TheCity","TheBeyond"],"potions_floor_usage":[],"damage_taken":[{"damage":5.0,"enemies":"Small Slimes","floor":2.0,"turns":5.0},{"damage":1.0,"enemies":"Jaw Worm","floor":5.0,"turns":4.0},{"damage":5.0,"enemies":"downfall:FleeingMerchant","floor":6.0,"turns":4.0},{"damage":0.0,"enemies":"downfall:FleeingMerchant","floor":10.0,"turns":4.0},{"damage":0.0,"enemies":"2 Louse","floor":12.0,"turns":1.0},{"damage":8.0,"enemies":"Replay:BlueRogue","floor":13.0,"turns":7.0},{"damage":13.0,"enemies":"conspire:2 RoseBushes","floor":15.0,"turns":4.0},{"damage":46.0,"enemies":"IC_STATUS_ARCHETYPE","floor":16.0,"turns":12.0},{"damage":18.0,"enemies":"Spheric Guardian","floor":19.0,"turns":6.0},{"damage":0.0,"enemies":"downfall:FleeingMerchant","floor":20.0,"turns":4.0},{"damage":2.0,"enemies":"Shell Parasite","floor":21.0,"turns":6.0},{"damage":0.0,"enemies":"Replay:Snechameleon","floor":23.0,"turns":6.0},{"damage":11.0,"enemies":"Book of Stabbing","floor":25.0,"turns":7.0},{"damage":12.0,"enemies":"Nightmare","floor":28.0,"turns":8.0},{"damage":0.0,"enemies":"downfall:FleeingMerchant","floor":31.0,"turns":4.0},{"damage":1.0,"enemies":"Centurion and Healer","floor":32.0,"turns":6.0},{"damage":12.0,"enemies":"SI_MIRROR_ARCHETYPE","floor":33.0,"turns":11.0},{"damage":3.0,"enemies":"3 Shapes","floor":36.0,"turns":3.0},{"damage":0.0,"enemies":"downfall:FleeingMerchant","floor":37.0,"turns":4.0},{"damage":5,"enemies":"Orb Walker","floor":39,"turns":4},{"damage":101,"enemies":"Giant Head","floor":42,"turns":12},{"damage":0,"enemies":"Nemesis","floor":44,"turns":9},{"damage":8,"enemies":"3 Darklings","floor":46,"turns":6},{"damage":0,"enemies":"conspire:MimicChest","floor":48,"turns":5},{"damage":12,"enemies":"Spire Growth","floor":49,"turns":6},{"damage":0,"enemies":"DF_ARCHETYPE_ORBS","floor":50,"turns":8}],"seed_played":"7163067802176380916","potions_obtained":[{"floor":0.0,"key":"FairyPotion"},{"floor":0.0,"key":"infinitespire:BlackPotion"},{"floor":0.0,"key":"Elixir"},{"floor":5.0,"key":"Fruit Juice"},{"floor":12.0,"key":"GamblersBrew"},{"floor":21.0,"key":"sneckomod:MuddlingPotion"},{"floor":22.0,"key":"CultistPotion"},{"floor":28.0,"key":"ColorlessPotion"},{"floor":39,"key":"Explosive Potion"},{"floor":46,"key":"SpeedPotion"},{"floor":48,"key":"Weak Potion"}],"is_trial":false,"path_per_floor":["R","M","?","T","M","$","T","R","?","$","R","M","E","?","M","B",null,"R","M","$","M","?","E","T","E","?","R","NM","R","?","$","M","B",null,"R","M","$","?","M","R","T","E","R","E","R","M","R","?","M","B",null],"character_chosen":"GUARDIAN","items_purchased":["Guardian:MultiBeam","Replay:Wax Seal","Guardian:Orbwalk","Guardian:Clone","Guardian:Incinerate"],"campfire_rested":3,"item_purchase_floors":[6,20,31,37,37],"current_hp_per_floor":[80,75,75,75,74,74,74,74,74,74,74,74,66,66,53,7,85,85,69,86,85,85,88,88,85,85,85,81,81,81,98,100,90,102,102,102,102,102,100,100,100,4,35,41,72,72,104,108,97,104],"gold":126,"neow_bonus":"THREE_SMALL_POTIONS","is_daily":false,"chose_seed":false,"campfire_upgraded":7,"win_rate":0.0,"timestamp":1614050170,"path_taken":["R","M","?","?","M","$","T","R","?","?","R","M","E","?","M","BOSS","R","M","?","M","?","E","T","E","?","R","NM","R","?","?","M","BOSS","R","M","$","?","?","R","T","E","R","E","R","M","R","?","M","BOSS"],"items_purchased_type":["Card","Relic","Card","Card","Card"],"build_version":"2020-12-22","purchased_purges":1,"victory":true,"max_hp_per_floor":[80,80,80,80,80,85,85,85,85,85,85,85,85,85,85,85,85,85,87,89,90,90,93,93,95,95,95,97,97,97,98,100,102,102,102,102,102,102,104,104,104,105,105,105,105,107,107,108,109,110],"card_choices":[{"not_picked":["Guardian:Harden","Guardian:PrimingBeam"],"picked":"Guardian:Planning","floor":2.0},{"not_picked":["Guardian:BronzeArmor","Guardian:CrystalBeam"],"picked":"Guardian:Emergency","floor":5.0},{"not_picked":["Guardian:EvasiveProtocol","Guardian:Repulse"],"picked":"Guardian:Gem_Purple","floor":6.0},{"not_picked":["Guardian:RefractedBeam","Guardian:VentSteam","Guardian:Gem_Orange"],"picked":"Guardian:TemporalStrike","floor":10.0},{"not_picked":["Guardian:Repulse","Guardian:PrismaticBarrier","Guardian:Gem_Red"],"picked":"Guardian:Recover","floor":12.0},{"not_picked":["Guardian:Reroute","Guardian:BaubleBeam","Guardian:PrismaticBeam"],"picked":"Guardian:MultiBeam","floor":13.0},{"not_picked":["Guardian:WalkerClaw","Guardian:VentSteam","Guardian:TemporalShield"],"picked":"Guardian:TimeCapacitor","floor":15.0},{"not_picked":["Guardian:HyperBeam_Guardian","Guardian:FastForward","Guardian:BaubleBeam"],"picked":"Guardian:TimeSifter","floor":16.0},{"not_picked":["Guardian:Gem_Purple","Guardian:RefractedBeam","Guardian:SpikerProtocol+1"],"picked":"Guardian:BronzeOrb","floor":19.0},{"not_picked":["Guardian:RollAttack+1","Guardian:Recover+1","Guardian:VentSteam"],"picked":"Guardian:StasisStrike","floor":20.0},{"not_picked":["Guardian:Gem_Blue","Guardian:ChargeCore","Guardian:ShieldSpikes"],"picked":"Guardian:Gem_Purple","floor":21.0},{"not_picked":["Guardian:Incinerate","Guardian:RefractedBeam","Guardian:RevengeProtocol"],"picked":"Guardian:BronzeOrb","floor":23.0},{"not_picked":["Guardian:Reroute","Guardian:PrimingBeam","Guardian:EvasiveProtocol+1"],"picked":"Guardian:TimeSifter","floor":25.0},{"not_picked":["Guardian:VentSteam","Guardian:CrystalBeam+1","Guardian:FloatingOrbs"],"picked":"Guardian:Reroute","floor":28.0},{"not_picked":["Guardian:ShieldSpikes+1","Guardian:RevengeProtocol","Guardian:VentSteam"],"picked":"Guardian:Recover+1","floor":31.0},{"not_picked":["Guardian:Preprogram","Guardian:RollAttack","Guardian:TemporalShield+1"],"picked":"Guardian:ShieldCharger","floor":32.0},{"not_picked":["Guardian:ConstructionForm","Guardian:AncientConstruct","Guardian:RevengeProtocol"],"picked":"Guardian:Gem_Synthetic","floor":33.0},{"not_picked":["Guardian:CrystalBeam","Guardian:WalkerClaw","Guardian:Gem_Blue"],"picked":"Guardian:Gem_Cyan","floor":36.0},{"not_picked":["Guardian:BronzeArmor+1","Guardian:FloatingOrbs+1","Guardian:ExploitGems","Guardian:DonusPower"],"picked":"SKIP","floor":37.0},{"not_picked":["Guardian:WalkerClaw+1","Guardian:Gem_Blue","Guardian:CrystalBeam"],"picked":"Guardian:TemporalStrike","floor":39},{"not_picked":["Guardian:VentSteam+1","Guardian:DecasProtection","Guardian:Reroute+1"],"picked":"Guardian:Clone","floor":42},{"not_picked":["Guardian:PolyBeam","Guardian:BronzeOrb","Guardian:BodySlam"],"picked":"Guardian:WalkerClaw+1","floor":44},{"not_picked":["Guardian:PolyBeam+1","Guardian:TemporalShield+1","Guardian:ChargeCore"],"picked":"Guardian:TemporalStrike","floor":46},{"not_picked":["Guardian:Gem_Fragmented","Guardian:Gem_Red","Guardian:RollAttack+1"],"picked":"Guardian:Gem_Cyan","floor":48},{"not_picked":["Guardian:VentSteam","Guardian:FloatingOrbs+1","Guardian:Gem_Blue","Guardian:Incinerate+1"],"picked":"SKIP","floor":49}],"player_experience":701910,"relics_obtained":[{"floor":1.0,"key":"BrokenLever"},{"floor":4.0,"key":"LugNut"},{"floor":7.0,"key":"Question Card"},{"floor":13.0,"key":"MealTicket"},{"floor":17.0,"key":"aspiration:Lifesprig"},{"floor":17.0,"key":"HeavenlyBonsai"},{"floor":17.0,"key":"Replay:Bottled Steam"},{"floor":23.0,"key":"theForsaken:Lifeblossom"},{"floor":24.0,"key":"Bottled Flame"},{"floor":25.0,"key":"BlackRope"},{"floor":28.0,"key":"Matryoshka"},{"floor":41,"key":"ReplayFunnel"},{"floor":41,"key":"SnailShell"},{"floor":42,"key":"Runesmith:AutoHammer"},{"floor":44,"key":"Pen Nib"},{"floor":48,"key":"Incense Burner"}],"event_choices":[{"damage_healed":0.0,"max_hp_gain":0.0,"max_hp_loss":0.0,"gold_gain":0.0,"event_name":"conspire:Investor","player_choice":"Leave","floor":9.0,"gold_loss":0.0,"damage_taken":0.0}],"is_beta":false,"boss_relics":[{"not_picked":["StuffTheSpire:Kangaroo","Tiny House"],"picked":"Calling Bell"},{"not_picked":["Guardian:StasisSlotReductionRelic","energizedSpire:StickyHand"],"picked":"StuffTheSpire:RunicHypercube"}],"items_purged_floors":[20],"is_endless":false,"potions_floor_spawned":[5,12,13,21,28,32,39,46,48],"ascension_level":1}}