{"host":"89iuq2p5kwriuwfq","time":1614083636,"event":{"mods":["BaseMod","Curses Come First","Custom Start","Minty Spire (QoL Compilation)","Permanent Neow","StSLib"],"gold_per_floor":[111,186,186,151,151,179,179,205,205,237,251,278,293,311,311,388,388,399,599,610,625,644,671,688,688,688,688,703,721,721,721,721,721,721],"floor_reached":33,"language":"ENG","playtime":1831,"items_purged":[],"score":520,"play_id":"4e66fc9a-4d11-4e68-b68d-1832df393683","local_time":"20210223123356","is_ascension_mode":true,"campfire_choices":[{"floor":7.0,"key":"REST"},{"floor":15.0,"key":"DIG"},{"floor":27.0,"key":"DIG"},{"floor":30,"key":"DIG"},{"floor":32,"key":"REST"}],"circlet_count":0,"master_deck":["AscendersBane","Strike_R","Strike_R","Strike_R","Strike_R+1","Defend_R","Defend_R","Defend_R","Defend_R","Bash","Rupture","Spot Weakness","Cleave+1","Bloodletting","Heavy Blade","Twin Strike","Pommel Strike","Offering","Ghostly Armor+1","Flex+1","Disarm","Feed","Rage","Ghostly Armor+1","Regret","Shrug It Off"],"relics":["Burning Blood","Self Forming Clay","FossilizedHelix","Paper Frog","MealTicket","Mummified Hand","Akabeko","Shovel","Whetstone","Cursed Key","Prayer Wheel","Kunai","Anchor","Pocketwatch"],"acts_visited":["Exordium","TheCity"],"potions_floor_usage":[29,29,31],"damage_taken":[{"damage":0.0,"enemies":"2 Louse","floor":1.0,"turns":3.0},{"damage":49.0,"enemies":"Lagavulin","floor":6.0,"turns":10.0},{"damage":25.0,"enemies":"Gremlin Nob","floor":8.0,"turns":5.0},{"damage":16.0,"enemies":"3 Sentries","floor":10.0,"turns":7.0},{"damage":0.0,"enemies":"Jaw Worm","floor":11.0,"turns":3.0},{"damage":13.0,"enemies":"Lagavulin","floor":12.0,"turns":5.0},{"damage":0.0,"enemies":"Small Slimes","floor":13.0,"turns":1.0},{"damage":0.0,"enemies":"Looter","floor":14.0,"turns":2.0},{"damage":21.0,"enemies":"Hexaghost","floor":16.0,"turns":9.0},{"damage":11.0,"enemies":"Spheric Guardian","floor":18.0,"turns":4.0},{"damage":0.0,"enemies":"Chosen","floor":20.0,"turns":3.0},{"damage":16.0,"enemies":"Snecko","floor":21.0,"turns":5.0},{"damage":13.0,"enemies":"3 Cultists","floor":22.0,"turns":5.0},{"damage":41.0,"enemies":"Gremlin Leader","floor":23.0,"turns":8.0},{"damage":1.0,"enemies":"Centurion and Healer","floor":24.0,"turns":6.0},{"damage":16.0,"enemies":"Chosen and Byrds","floor":28.0,"turns":5.0},{"damage":6,"enemies":"Shelled Parasite and Fungi","floor":29,"turns":7},{"damage":8,"enemies":"Colosseum Slavers","floor":31,"turns":4},{"damage":48,"enemies":"Champ","floor":33,"turns":6}],"seed_played":"-815344797797675116","potions_obtained":[{"floor":1.0,"key":"Regen Potion"},{"floor":8.0,"key":"DuplicationPotion"},{"floor":10.0,"key":"SmokeBomb"},{"floor":14.0,"key":"Strength Potion"},{"floor":21.0,"key":"LiquidBronze"},{"floor":22.0,"key":"Dexterity Potion"},{"floor":28.0,"key":"SpeedPotion"},{"floor":29,"key":"FearPotion"}],"is_trial":false,"path_per_floor":["M","?","?","?","T","E","R","E","T","E","M","E","M","M","R","B",null,"M","?","M","M","M","E","M","?","T","R","M","M","R","?","R","B"],"character_chosen":"IRONCLAD","items_purchased":[],"campfire_rested":2,"item_purchase_floors":[],"current_hp_per_floor":[74,63,37,55,55,27,49,30,30,20,26,19,25,31,31,16,60,55,55,61,51,44,9,17,17,17,17,10,10,10,11,36,0,0],"gold":721,"neow_bonus":"TRANSFORM_CARD","is_daily":false,"chose_seed":false,"campfire_upgraded":0,"win_rate":0.0,"timestamp":1614083636,"path_taken":["M","?","?","?","?","E","R","E","T","E","M","E","?","M","R","BOSS","M","?","?","M","M","E","M","?","T","R","?","M","R","?","R","BOSS"],"items_purchased_type":[],"build_version":"2020-12-22","purchased_purges":0,"victory":false,"max_hp_per_floor":[75,75,75,75,75,75,75,75,75,75,75,75,75,75,75,75,75,75,75,75,75,75,75,78,78,78,78,81,81,81,84,84,84,84],"card_choices":[{"not_picked":["Pommel Strike","Second Wind"],"picked":"Spot Weakness","floor":1.0},{"not_picked":["Headbutt","Wild Strike"],"picked":"Cleave","floor":6.0},{"not_picked":["Fiend Fire","Twin Strike"],"picked":"Bloodletting","floor":8.0},{"not_picked":["True Grit","Flex","Fiend Fire"],"picked":"SKIP","floor":10.0},{"not_picked":["Battle Trance","Burning Pact"],"picked":"Heavy Blade","floor":11.0},{"not_picked":["Cleave","Clash"],"picked":"Twin Strike","floor":12.0},{"not_picked":["Havoc","Dark Embrace"],"picked":"Pommel Strike","floor":13.0},{"not_picked":["Fiend Fire","True Grit","Second Wind"],"picked":"SKIP","floor":14.0},{"not_picked":["Impervious","Juggernaut"],"picked":"Offering","floor":16.0},{"not_picked":["Warcry","Reckless Charge"],"picked":"Ghostly Armor+1","floor":18.0},{"not_picked":["Rampage","Pummel"],"picked":"Flex+1","floor":20.0},{"not_picked":["True Grit","Battle Trance+1","Sever Soul"],"picked":"SKIP","floor":21.0},{"not_picked":["Havoc","Cleave"],"picked":"Disarm","floor":22.0},{"not_picked":["Battle Trance","True Grit"],"picked":"Feed","floor":23.0},{"not_picked":["Power Through","Clash+1"],"picked":"Rage","floor":24.0},{"not_picked":["Shockwave","Shrug It Off","Pommel Strike"],"picked":"SKIP","floor":24.0},{"not_picked":["Blood for Blood","Sentinel"],"picked":"Shrug It Off","floor":28.0},{"not_picked":["Flame Barrier","Twin Strike+1","Ghostly Armor"],"picked":"SKIP","floor":28.0},{"not_picked":["Twin Strike","Rage","Armaments"],"picked":"SKIP","floor":29},{"not_picked":["Rampage","Flex","Warcry"],"picked":"SKIP","floor":29}],"player_experience":780926,"relics_obtained":[{"floor":5.0,"key":"FossilizedHelix"},{"floor":6.0,"key":"Paper Frog"},{"floor":8.0,"key":"MealTicket"},{"floor":9.0,"key":"Mummified Hand"},{"floor":10.0,"key":"Akabeko"},{"floor":12.0,"key":"Shovel"},{"floor":15.0,"key":"Whetstone"},{"floor":23.0,"key":"Prayer Wheel"},{"floor":26.0,"key":"Kunai"},{"floor":27.0,"key":"Anchor"},{"floor":30,"key":"Pocketwatch"}],"event_choices":[{"damage_healed":0.0,"max_hp_gain":0.0,"max_hp_loss":0.0,"gold_gain":75.0,"event_name":"World of Goop","player_choice":"Gather Gold","floor":2.0,"gold_loss":0.0,"damage_taken":11.0},{"damage_healed":0.0,"max_hp_gain":0.0,"max_hp_loss":0.0,"gold_gain":0.0,"event_name":"Scrap Ooze","player_choice":"Success","floor":3.0,"gold_loss":0.0,"damage_taken":26.0,"relics_obtained":["Self Forming Clay"]},{"damage_healed":18.0,"max_hp_gain":0.0,"max_hp_loss":0.0,"gold_gain":0.0,"event_name":"The Cleric","player_choice":"Healed","floor":4.0,"gold_loss":35.0,"damage_taken":0.0},{"damage_healed":0.0,"max_hp_gain":0.0,"max_hp_loss":0.0,"gold_gain":250.0,"event_name":"The Joust","player_choice":"Bet on Owner","floor":19.0,"gold_loss":50.0,"damage_taken":0.0},{"damage_healed":0.0,"max_hp_gain":0.0,"max_hp_loss":0.0,"gold_gain":0.0,"event_name":"Duplicator","player_choice":"Copied","floor":25.0,"gold_loss":0.0,"damage_taken":0.0,"cards_obtained":["Ghostly Armor"]},{"damage_healed":0,"gold_gain":0,"player_choice":"Fight","damage_taken":0,"max_hp_gain":0,"max_hp_loss":0,"event_name":"Colosseum","floor":31,"gold_loss":0},{"damage_healed":0,"gold_gain":0,"player_choice":"Fled From Nobs","damage_taken":0,"max_hp_gain":0,"max_hp_loss":0,"event_name":"Colosseum","floor":31,"gold_loss":0}],"is_beta":false,"boss_relics":[{"not_picked":["Calling Bell","Sozu"],"picked":"Cursed Key"}],"items_purged_floors":[],"is_endless":false,"potions_floor_spawned":[1,8,10,14,21,22,28,29,31],"killed_by":"Champ","ascension_level":15}}