{"host":"xauhhfeuacw2ajt1","time":1614065625,"event":{"mods":["BaseMod","GifTheSpireLib","KinomotoSakuraMod(????)","Minty Spire (QoL Compilation)","StSLib","The Senshi"],"gold_per_floor":[115,115,140,209,184,215,234,234,234,265,283,283,322,343,343,343,343],"floor_reached":16,"language":"ENG","playtime":784,"items_purged":[],"score":145,"play_id":"0e74eefd-8c6d-4f5b-b874-6af6d9264fcc","local_time":"20210223093345","is_ascension_mode":false,"campfire_choices":[{"floor":8,"key":"RECALL"},{"data":"True Grit","floor":12,"key":"SMITH"},{"data":"Double Tap","floor":15,"key":"SMITH"}],"circlet_count":0,"master_deck":["Strike_R","Strike_R","Strike_R","Strike_R","Strike_R","Defend_R","Defend_R","Defend_R","Defend_R","Bash","True Grit+1","Injury","Clash","Iron Wave","Thunderclap","Pommel Strike","Bloodletting","Iron Wave","Double Tap+1","Warcry"],"relics":["Burning Blood","NeowsBlessing","Golden Idol","Bottled Flame","Vajra","Blood Vial"],"acts_visited":["Exordium"],"potions_floor_usage":[16,16],"damage_taken":[{"damage":0,"enemies":"Jaw Worm","floor":1,"turns":1},{"damage":0,"enemies":"2 Louse","floor":3,"turns":1},{"damage":0,"enemies":"Gremlin Nob","floor":6,"turns":1},{"damage":0,"enemies":"Small Slimes","floor":7,"turns":4},{"damage":36,"enemies":"3 Sentries","floor":10,"turns":11},{"damage":4,"enemies":"2 Fungi Beasts","floor":11,"turns":3},{"damage":13,"enemies":"Gremlin Nob","floor":13,"turns":4},{"damage":0,"enemies":"Looter","floor":14,"turns":2},{"damage":70,"enemies":"Hexaghost","floor":16,"turns":11}],"seed_played":"-9122191782944885552","potions_obtained":[{"floor":6,"key":"Explosive Potion"},{"floor":7,"key":"ColorlessPotion"},{"floor":13,"key":"Swift Potion"},{"floor":14,"key":"Regen Potion"}],"is_trial":false,"path_per_floor":["M","?","M","?","$","E","M","R","T","E","M","R","E","M","R","B"],"character_chosen":"IRONCLAD","items_purchased":["Iron Wave"],"campfire_rested":0,"item_purchase_floors":[5],"current_hp_per_floor":[80,80,80,80,80,80,80,80,80,50,52,52,45,53,53,0,0],"gold":343,"neow_bonus":"THREE_ENEMY_KILL","is_daily":false,"chose_seed":false,"campfire_upgraded":2,"win_rate":0.0,"timestamp":1614065625,"path_taken":["M","?","M","?","?","E","M","R","T","E","M","R","E","M","R","BOSS"],"items_purchased_type":["Card"],"build_version":"2020-12-22","purchased_purges":0,"victory":false,"max_hp_per_floor":[80,80,80,80,80,80,80,80,80,80,80,80,80,80,80,80,80],"card_choices":[{"not_picked":["Clothesline","Shockwave"],"picked":"True Grit","floor":1},{"not_picked":["Clothesline","Searing Blow"],"picked":"Clash","floor":3},{"not_picked":["Demon Form","Clash"],"picked":"Thunderclap","floor":6},{"not_picked":["Flex","Clothesline"],"picked":"Pommel Strike","floor":7},{"not_picked":["Warcry","Burning Pact"],"picked":"Bloodletting","floor":10},{"not_picked":["Havoc","Entrench"],"picked":"Iron Wave","floor":11},{"not_picked":["Clothesline","Pommel Strike"],"picked":"Double Tap","floor":13},{"not_picked":["Disarm","Clothesline"],"picked":"Warcry","floor":14}],"player_experience":213704,"relics_obtained":[{"floor":6,"key":"Bottled Flame"},{"floor":10,"key":"Vajra"},{"floor":13,"key":"Blood Vial"}],"event_choices":[{"damage_healed":0,"gold_gain":0,"player_choice":"Take Wound","damage_taken":0,"relics_obtained":["Golden Idol"],"max_hp_gain":0,"max_hp_loss":0,"event_name":"Golden Idol","floor":2,"gold_loss":0,"cards_obtained":["Injury"]},{"damage_healed":0,"gold_gain":69,"player_choice":"Gained Gold","damage_taken":0,"max_hp_gain":0,"max_hp_loss":0,"event_name":"Golden Wing","floor":4,"gold_loss":0}],"is_beta":false,"boss_relics":[],"items_purged_floors":[],"is_endless":false,"potions_floor_spawned":[6,7,13,14],"killed_by":"Hexaghost","ascension_level":0}}