{"host":"fwdkxxz7291ipt0p","time":1614053057,"event":{"mods":["Act Like it!","BaseMod","GifTheSpireLib","KomeijiMod","Minty Spire (QoL Compilation)","Relic Filter Mod","StSLib","Stuff the Spire","The Animator"],"gold_per_floor":[112,37,37,52,52,52,80,97,97,107,107,121,221,234,234,334,334,348,367,382,26,44,44,62,80,135,181,195,195,209,209,209,312,312,327,327,202,213,229,229,166,166,211,25,25,40,52,72,72,72],"floor_reached":51,"language":"ZHS","playtime":6897,"items_purged":["Defend_Komeiji","Strike_Komeiji","Agarareta+1","RikonNoKama+1"],"score":705,"play_id":"4f1434f3-927f-4c74-a77d-62142f096c9d","local_time":"20210223120417","is_ascension_mode":false,"campfire_choices":[{"data":"MakuraSeki","floor":6.0,"key":"SMITH"},{"data":"DemonsDinnerFork","floor":11.0,"key":"SMITH"},{"data":"NingyouFukuhei+1","floor":15.0,"key":"SWEEP"},{"data":"MiraiBunraku","floor":23.0,"key":"SMITH"},{"data":"KinbakuJin+1","floor":29.0,"key":"SWEEP"},{"data":"KimairaNoYoku","floor":32.0,"key":"SMITH"},{"data":"TenguhouSokujitsuken","floor":40.0,"key":"SMITH"},{"data":"SeekerDolls","floor":45,"key":"SMITH"},{"data":"MakuraSeki","floor":49,"key":"SMITH"}],"circlet_count":0,"master_deck":["Dash_Komeiji+1","MakuraSeki+1","GroundStardust+1","NingyouSP+1","DemonsDinnerFork+1","NarrowSpark","NingyouFukuhei+1","MiraiBunraku+1","ArtfulChanter","NingyouChiyari+1","SeekerDolls+1","IceTornado","KinbakuJin+1","KimairaNoYoku+1","TenguhouSokujitsuken+1","MakuraSeki+1","MakuraSeki","JyouchiJin+1","Agarareta+1","SeekerWire+1","NingyouSousou+1","NingyouOkisou+1","KeiseiJin+1"],"relics":["KomeijisEye","SpellCardsRule","MusicBox","Torii","CrystalOfMemory","StuffTheSpire:SapphireSignet","Coffee Dripper","Shuriken","Juzu Bracelet","Oddly Smooth Stone","Pandora\u0027s Box","Vajra","StuffTheSpire:OldFever"],"acts_visited":["Exordium","TheCity","TheBeyond"],"potions_floor_usage":[],"damage_taken":[{"damage":6.0,"enemies":"2 Louse","floor":1.0,"turns":4.0},{"damage":3.0,"enemies":"Cultist","floor":4.0,"turns":5.0},{"damage":0.0,"enemies":"Lagavulin","floor":7.0,"turns":11.0},{"damage":0.0,"enemies":"Small Slimes","floor":8.0,"turns":5.0},{"damage":1.0,"enemies":"Red Slaver","floor":10.0,"turns":4.0},{"damage":2.0,"enemies":"Exordium Wildlife","floor":12.0,"turns":4.0},{"damage":6.0,"enemies":"Gremlin Gang","floor":14.0,"turns":2.0},{"damage":0.0,"enemies":"Slime Boss","floor":16.0,"turns":9.0},{"damage":8.0,"enemies":"Shell Parasite","floor":18.0,"turns":8.0},{"damage":6.0,"enemies":"Spheric Guardian","floor":19.0,"turns":6.0},{"damage":30.0,"enemies":"Snake Plant","floor":20.0,"turns":6.0},{"damage":0.0,"enemies":"Centurion and Healer","floor":22.0,"turns":3.0},{"damage":6.0,"enemies":"3 Cultists","floor":24.0,"turns":3.0},{"damage":0.0,"enemies":"Snecko","floor":25.0,"turns":4.0},{"damage":11.0,"enemies":"Sentry and Sphere","floor":28.0,"turns":5.0},{"damage":0.0,"enemies":"3 Cultists","floor":30.0,"turns":3.0},{"damage":15.0,"enemies":"Automaton","floor":33.0,"turns":10.0},{"damage":0.0,"enemies":"3 Darklings","floor":35.0,"turns":3.0},{"damage":6.0,"enemies":"3 Shapes","floor":38.0,"turns":3.0},{"damage":1.0,"enemies":"Spire Growth","floor":39.0,"turns":6.0},{"damage":0,"enemies":"Sphere and 2 Shapes","floor":46,"turns":4},{"damage":1,"enemies":"Transient","floor":47,"turns":5},{"damage":1,"enemies":"Spire Growth","floor":48,"turns":6},{"damage":1,"enemies":"Time Eater","floor":50,"turns":12}],"seed_played":"8277773793947943497","potions_obtained":[{"floor":1.0,"key":"Weak Potion"},{"floor":7.0,"key":"FairyPotion"},{"floor":10.0,"key":"FearPotion"},{"floor":22.0,"key":"Weak Potion"},{"floor":39.0,"key":"FairyPotion"}],"is_trial":false,"path_per_floor":["M","$","?","M","?","R","E","M","T","M","R","M","?","M","R","B",null,"M","M","M","$","M","R","M","M","T","T","M","R","M","?","R","B",null,"M","?","$","M","M","R","?","?","T","$","R","M","M","M","R","B",null],"character_chosen":"KomeijiSatori","items_purchased":["Shuriken","NingyouOkisou+1"],"campfire_rested":0,"item_purchase_floors":[21,44],"current_hp_per_floor":[49,49,49,46,46,46,55,55,55,55,55,53,53,47,52,55,55,50,48,22,22,22,22,16,18,18,18,12,17,17,17,17,13,55,55,55,55,49,51,51,51,51,51,51,51,53,52,51,51,50],"gold":72,"neow_bonus":"TEN_PERCENT_HP_BONUS","is_daily":false,"chose_seed":false,"campfire_upgraded":7,"win_rate":0.0,"timestamp":1614053057,"path_taken":["M","$","?","M","?","R","E","M","T","?","R","M","?","M","R","BOSS","M","M","M","$","M","R","M","M","T","?","M","R","M","?","R","BOSS","M","?","$","M","M","R","?","?","T","$","R","M","M","M","R","BOSS"],"items_purchased_type":["Relic","Card"],"build_version":"2020-12-22","purchased_purges":4,"victory":true,"max_hp_per_floor":[55,55,55,55,55,55,55,55,55,55,55,55,55,55,55,55,55,55,55,55,55,55,55,55,55,55,55,55,55,55,55,55,55,55,55,55,55,55,55,55,55,55,55,55,55,55,55,55,55,55],"card_choices":[{"not_picked":["MusuNoYume","KoKei+1"],"picked":"MakuraSeki","floor":1.0},{"not_picked":["DochyakuKami+1","KouPou+1"],"picked":"GroundStardust+1","floor":4.0},{"not_picked":["KeiseiJin+1","JyouchiJin+1"],"picked":"NingyouSousou+1","floor":7.0},{"not_picked":["MissingPower","GroundStardust+1","SatsujinDooru"],"picked":"NingyouSP+1","floor":8.0},{"not_picked":["Sabishigari+1","NingyouKisou+1","ShyakuBuku"],"picked":"DemonsDinnerFork","floor":10.0},{"not_picked":["EnMu+1","DochyakuKami+1","TerribleSouvenir"],"picked":"NarrowSpark","floor":12.0},{"not_picked":["SenseofElegance","MusuNoYume","SeishiRoten+1"],"picked":"RikonNoKama+1","floor":14.0},{"not_picked":["HelanNingyou","AbyssNova","TerribleSouvenir"],"picked":"MiraiBunraku","floor":16.0},{"not_picked":["NingyouKisou+1","KeiseiJin+1","DochyakuKami+1"],"picked":"ArtfulChanter","floor":18.0},{"not_picked":["KouPou+1","Sabishigari+1","DochyakuKami+1"],"picked":"NingyouChiyari+1","floor":19.0},{"not_picked":["GasuOrimono","SeekerWire+1","Melting","KoKei+1"],"picked":"SKIP","floor":20.0},{"not_picked":["NingyouKasou+1","Agarareta+1","HagoromoMizu+1"],"picked":"JyouchiJin+1","floor":22.0},{"not_picked":["KeiseiJin+1","SeekerWire+1","NingyouKisou+1"],"picked":"SeekerDolls","floor":24.0},{"not_picked":["SeekerWire+1","KoKei+1","MusuNoYume"],"picked":"IceTornado","floor":25.0},{"not_picked":["DemonsDinnerFork","SeekerDolls","Melting","NingyouKasou+1"],"picked":"SKIP","floor":28.0},{"not_picked":["RoshinSou+1","Mishyaguji+1","MissingPower"],"picked":"KimairaNoYoku","floor":30.0},{"not_picked":["GasuOrimono","SeekerDolls","MusuNoYume+1"],"picked":"SeekerWire+1","floor":35.0},{"not_picked":["DemonsDinnerFork+1","Mishyaguji+1","NingyouFukuhei+1","ShyakuBuku"],"picked":"SKIP","floor":38.0},{"not_picked":["RikonNoKama+1","NingyouKisou+1","SeekerWire+1"],"picked":"NingyouSousou+1","floor":39.0},{"not_picked":["RoshinSou+1","RikonNoKama+1","NingyouKisou+1","NingyouSousou+1"],"picked":"SKIP","floor":46},{"not_picked":["NingyouKasou+1","InscribeRedSoul+1","OoedoNingyou+1"],"picked":"KeiseiJin+1","floor":47},{"not_picked":["KoKei+1","KeiseiJin+1","VampireKiss","NingyouKisou+1"],"picked":"SKIP","floor":48}],"player_experience":536410,"relics_obtained":[{"floor":7.0,"key":"Torii"},{"floor":7.0,"key":"CrystalOfMemory"},{"floor":9.0,"key":"StuffTheSpire:SapphireSignet"},{"floor":26.0,"key":"Juzu Bracelet"},{"floor":27.0,"key":"Oddly Smooth Stone"},{"floor":43,"key":"StuffTheSpire:OldFever"}],"event_choices":[{"damage_healed":0.0,"max_hp_gain":0.0,"max_hp_loss":0.0,"gold_gain":0.0,"event_name":"Liars Game","player_choice":"Ignored","floor":3.0,"gold_loss":0.0,"damage_taken":0.0},{"damage_healed":0.0,"max_hp_gain":0.0,"max_hp_loss":0.0,"gold_gain":0.0,"event_name":"Upgrade Shrine","player_choice":"Upgraded","floor":5.0,"gold_loss":0.0,"damage_taken":0.0,"cards_upgraded":["Dash_Komeiji"]},{"damage_healed":0.0,"max_hp_gain":0.0,"max_hp_loss":0.0,"gold_gain":100.0,"event_name":"Golden Shrine","player_choice":"Pray","floor":13.0,"gold_loss":0.0,"damage_taken":0.0},{"damage_healed":0.0,"max_hp_gain":0.0,"max_hp_loss":0.0,"gold_gain":0.0,"cards_transformed":["Strike_Komeiji"],"event_name":"Transmorgrifier","player_choice":"Transformed","floor":31.0,"gold_loss":0.0,"damage_taken":0.0,"cards_obtained":["TenguhouSokujitsuken"]},{"damage_healed":0.0,"max_hp_gain":0.0,"max_hp_loss":0.0,"gold_gain":0.0,"event_name":"SensoryStone","player_choice":"Memory 1","floor":36.0,"gold_loss":0.0,"damage_taken":0.0},{"damage_healed":0,"gold_gain":0,"player_choice":"Paid Gold","damage_taken":0,"relics_obtained":["Vajra"],"max_hp_gain":0,"max_hp_loss":0,"event_name":"WeMeetAgain","floor":41,"gold_loss":63},{"damage_healed":0,"gold_gain":0,"player_choice":"Ignored","damage_taken":0,"max_hp_gain":0,"max_hp_loss":0,"event_name":"Mysterious Sphere","floor":42,"gold_loss":0}],"is_beta":false,"boss_relics":[{"not_picked":["Busted Crown","SacredBark"],"picked":"Coffee Dripper"},{"not_picked":["StuffTheSpire:Kangaroo","Runic Pyramid"],"picked":"Pandora\u0027s Box"}],"items_purged_floors":[2,21,37,44],"is_endless":false,"potions_floor_spawned":[1,7,10,22,25,28,30,38,39,47],"ascension_level":0}}