{"host":"8ztb9kwpjc2zof9s","time":1614055917,"event":{"mods":["BaseMod","Block Reminder","Curses Come First","Minty Spire (QoL Compilation)","Relic Stats","StSLib"],"gold_per_floor":[114,125,20,30,30,30,30,30,53,65,65],"floor_reached":10,"language":"ENG","playtime":201,"items_purged":[],"score":101,"play_id":"3e6eab5d-0f74-432b-92f4-32cf79b1142b","local_time":"20210222205157","is_ascension_mode":true,"campfire_choices":[{"data":"Noxious Fumes","floor":6,"key":"SMITH"}],"circlet_count":0,"master_deck":["AscendersBane","Strike_G","Strike_G","Strike_G","Strike_G","Strike_G","Defend_G","Defend_G","Defend_G","Defend_G","Defend_G","Survivor","Neutralize","Escape Plan","Noxious Fumes+1","Outmaneuver","Flying Knee"],"relics":["SlaversCollar","Anchor","MawBank"],"acts_visited":["Exordium"],"potions_floor_usage":[],"damage_taken":[{"damage":5,"enemies":"2 Louse","floor":1,"turns":4},{"damage":12,"enemies":"Jaw Worm","floor":2,"turns":7},{"damage":11,"enemies":"Small Slimes","floor":4,"turns":4},{"damage":29,"enemies":"Gremlin Nob","floor":10,"turns":3}],"seed_played":"-5959811630485663958","potions_obtained":[{"floor":1,"key":"FearPotion"},{"floor":2,"key":"Strength Potion"}],"is_trial":false,"path_per_floor":["M","M","$","M","?","R","$","?","T","E"],"character_chosen":"THE_SILENT","items_purchased":["Noxious Fumes","Outmaneuver"],"campfire_rested":0,"item_purchase_floors":[3,3],"current_hp_per_floor":[54,42,42,31,36,36,36,10,10,0,0],"gold":65,"neow_bonus":"BOSS_RELIC","is_daily":false,"chose_seed":false,"campfire_upgraded":1,"win_rate":0.0,"timestamp":1614055917,"path_taken":["M","M","$","M","?","R","$","?","T","E"],"items_purchased_type":["Card","Card"],"build_version":"2020-12-22","purchased_purges":0,"victory":false,"max_hp_per_floor":[66,66,66,66,71,71,71,71,71,71,71],"relic_stats":{"counters":[4,18],"MawBank":12,"obtain_stats":[{"SlaversCollar":0,"Anchor":8,"MawBank":9,"Ring of the Snake":0},{"SlaversCollar":0,"Anchor":3,"MawBank":3,"Ring of the Snake":0},{"SlaversCollar":0,"Anchor":15,"MawBank":15,"Ring of the Snake":0}]},"card_choices":[{"not_picked":["Slice","Concentrate","Setup"],"picked":"SKIP","floor":1},{"not_picked":["Bane","Crippling Poison"],"picked":"Escape Plan","floor":2},{"not_picked":["Dodge and Roll","Outmaneuver"],"picked":"Flying Knee","floor":4}],"player_experience":385733,"relics_obtained":[{"floor":9,"key":"MawBank"}],"event_choices":[{"damage_healed":0,"gold_gain":0,"player_choice":"Donut","damage_taken":0,"max_hp_gain":5,"max_hp_loss":0,"event_name":"Big Fish","floor":5,"gold_loss":0},{"damage_healed":0,"gold_gain":0,"player_choice":"Success","damage_taken":26,"relics_obtained":["Anchor"],"max_hp_gain":0,"max_hp_loss":0,"event_name":"Scrap Ooze","floor":8,"gold_loss":0}],"is_beta":false,"boss_relics":[],"items_purged_floors":[],"is_endless":false,"potions_floor_spawned":[1,2],"killed_by":"Gremlin Nob","ascension_level":16}}