{"host":"18wi9kpcl4eah7pe","time":1614122515,"event":{"mods":["BaseMod","Colored Powertips","Downfall","Minty Spire (QoL Compilation)","StSLib"],"gold_per_floor":[199,212,45,57,121,155,155,55,55,72,106,119,139,168,188,288,288,188,202,233,233,253,279,279,332,22,22,73,73,443,454,506,610,610,510,562,578,578,629,629,629,309,309,339,339,358,358,377,388,388,388,388,388,388],"floor_reached":52,"language":"ENG","playtime":3035,"items_purged":["Regret"],"score":935,"play_id":"2a35f786-ac9e-4e36-bce7-1780c5ad40bd","local_time":"20210223172155","is_ascension_mode":true,"campfire_choices":[{"floor":1,"key":"RECALL"},{"floor":8,"key":"REST"},{"data":"bronze:InfiniteLoop","floor":18,"key":"SMITH"},{"floor":27,"key":"REST"},{"data":"bronze:SpaghettiCode","floor":35,"key":"SMITH"},{"data":"bronze:Optimize","floor":47,"key":"SMITH"}],"circlet_count":0,"master_deck":["bronze:Strike","bronze:Strike","bronze:Defend","bronze:Defend","bronze:Replicate","bronze:Goto","bronze:WhirlingStrike","bronze:Boost","bronze:Repulsor","bronze:Terminator","bronze:DelayedSlice","bronze:Replicate","bronze:InfiniteLoop+1","bronze:Constructor","bronze:Overheat","bronze:Optimize+1","bronze:FineTuning","bronze:Repair","bronze:AlphaBuild","bronze:FindAndReplace+1","bronze:ForceShield+1","bronze:BitShift+1","bronze:OilSpill","bronze:MaxOutput+1","bronze:Frontload+1","bronze:Fortify+1","bronze:ItsAFeature+1","bronze:Backtrace","bronze:BuggyMess","bronze:FineTuning","bronze:FineTuning","bronze:Optimize+1","bronze:SpaghettiCode+1","bronze:Repair+1","bronze:BuggyMess+1","bronze:MaxOutput+1","bronze:Optimize+1","bronze:BuggyMess+1","downfall:Bewildered","Writhe","expansioncontent:GuardianWhirl","bronze:Assembly","bronze:Overload+1","bronze:BronzeOrb+1","bronze:ChosenStrike"],"relics":["bronze:BronzeCore","Guardian:PocketSentry","Calipers","White Beast Statue","Akabeko","downfall:HeartBlessingRed","Lantern","Frozen Egg 2","Astrolabe","downfall:HeartBlessingGreen","Red Mask","downfall:KnowingSkull","Prayer Wheel","Vajra","Toy Ornithopter","MutagenicStrength","bronze:ElectromagneticCoil","downfall:HeartBlessingBlue","downfall:ExtraCursedKey","StrikeDummy","Kunai","Anchor"],"acts_visited":["Exordium","TheCity","TheBeyond","TheEnding"],"potions_floor_usage":[2,6,10,14,15,16,19,20,20,22,23,23,25,26,28,28,31,32,33,33,36,37,39,44,44,44,46,48,48,49,50,50,50,52,52],"damage_taken":[{"damage":0,"enemies":"Cultist","floor":2,"turns":3},{"damage":0,"enemies":"downfall:FleeingMerchant","floor":3,"turns":4},{"damage":0,"enemies":"Small Slimes","floor":4,"turns":3},{"damage":23,"enemies":"3 Sentries","floor":5,"turns":7},{"damage":22,"enemies":"Lagavulin","floor":6,"turns":6},{"damage":0,"enemies":"2 Louse","floor":10,"turns":2},{"damage":16,"enemies":"Gremlin Nob","floor":11,"turns":3},{"damage":0,"enemies":"2 Fungi Beasts","floor":12,"turns":1},{"damage":0,"enemies":"Large Slime","floor":13,"turns":3},{"damage":15,"enemies":"Lagavulin","floor":14,"turns":3},{"damage":0,"enemies":"3 Louse","floor":15,"turns":2},{"damage":21,"enemies":"WA_ARCHETYPE_RETAIN","floor":16,"turns":6},{"damage":0,"enemies":"Spheric Guardian","floor":19,"turns":3},{"damage":0,"enemies":"Masked Bandits","floor":20,"turns":3},{"damage":5,"enemies":"3 Byrds","floor":22,"turns":3},{"damage":18,"enemies":"Book of Stabbing","floor":23,"turns":4},{"damage":14,"enemies":"Sentry and Sphere","floor":25,"turns":3},{"damage":6,"enemies":"downfall:FleeingMerchant","floor":26,"turns":4},{"damage":10,"enemies":"Snake Plant","floor":28,"turns":4},{"damage":6,"enemies":"downfall:FleeingMerchant","floor":30,"turns":4},{"damage":8,"enemies":"3 Cultists","floor":31,"turns":5},{"damage":3,"enemies":"Centurion and Healer","floor":32,"turns":3},{"damage":54,"enemies":"IC_MUSHROOM_ARCHETYPE","floor":33,"turns":6},{"damage":3,"enemies":"3 Darklings","floor":36,"turns":4},{"damage":5,"enemies":"Orb Walker","floor":37,"turns":2},{"damage":3,"enemies":"Spire Growth","floor":39,"turns":4},{"damage":20,"enemies":"Nemesis","floor":44,"turns":7},{"damage":5,"enemies":"Transient","floor":46,"turns":5},{"damage":5,"enemies":"Sphere and 2 Shapes","floor":48,"turns":2},{"damage":5,"enemies":"Spire Growth","floor":49,"turns":4},{"damage":77,"enemies":"SI_POISON_ARCHETYPE","floor":50,"turns":9},{"damage":117,"enemies":"downfall:CharBossMerchant","floor":52,"turns":8}],"seed_played":"3931840767079579766","potions_obtained":[{"floor":2,"key":"Fruit Juice"},{"floor":4,"key":"Dexterity Potion"},{"floor":5,"key":"hexamod:SoulburnPotion"},{"floor":10,"key":"Fruit Juice"},{"floor":11,"key":"FearPotion"},{"floor":12,"key":"LiquidMemories"},{"floor":14,"key":"Guardian:BlockOnCardUsePotion"},{"floor":15,"key":"EssenceOfSteel"},{"floor":16,"key":"PowerPotion"},{"floor":19,"key":"Regen Potion"},{"floor":20,"key":"bronze:FreeFunctionsPotion"},{"floor":22,"key":"SkillPotion"},{"floor":23,"key":"Ancient Potion"},{"floor":25,"key":"Energy Potion"},{"floor":26,"key":"bronze:BurnAndBuffPotion"},{"floor":28,"key":"Fruit Juice"},{"floor":30,"key":"sneckomod:MuddlingPotion"},{"floor":31,"key":"SkillPotion"},{"floor":32,"key":"Energy Potion"},{"floor":33,"key":"Slimebound:ThreeZeroPotion"},{"floor":36,"key":"Dexterity Potion"},{"floor":37,"key":"PowerPotion"},{"floor":39,"key":"bronze:CleanCodePotion"},{"floor":44,"key":"AttackPotion"},{"floor":46,"key":"Weak Potion"},{"floor":48,"key":"ColorlessPotion"}],"is_trial":false,"path_per_floor":["R","M","$","M","?","E","T","R","?","M","E","M","M","E","M","B",null,"R","M","?","?","M","E","T","M","$","R","M","?","$","M","M","B",null,"R","M","M","?","M","?","T","$","?","E","?","M","R","M","M","B",null,"E"],"character_chosen":"THE_AUTOMATON","items_purchased":["Guardian:PocketSentry","Vajra","Toy Ornithopter","Kunai"],"campfire_rested":2,"item_purchase_floors":[3,26,26,42],"current_hp_per_floor":[70,75,75,75,52,30,30,52,52,57,41,41,41,26,26,12,80,80,80,80,73,80,69,69,55,59,80,83,83,84,78,85,41,85,95,95,95,95,95,100,100,100,100,100,100,100,100,100,100,48,100,0,0,0],"gold":388,"neow_bonus":"HUNDRED_GOLD","is_daily":false,"chose_seed":false,"campfire_upgraded":3,"win_rate":0.0,"timestamp":1614122515,"path_taken":["R","M","$","M","?","E","T","R","?","?","E","M","M","E","M","BOSS","R","M","?","?","?","E","T","?","$","R","M","?","$","M","M","BOSS","R","M","M","?","?","?","T","$","?","E","?","M","R","M","M","BOSS","E"],"items_purchased_type":["Relic","Relic","Relic","Relic"],"build_version":"2020-12-22","purchased_purges":1,"victory":false,"max_hp_per_floor":[70,75,75,75,75,75,75,75,75,80,80,80,80,80,80,80,80,80,80,80,80,80,80,80,80,80,80,85,85,85,85,85,85,85,95,95,95,95,95,100,100,100,100,100,100,100,100,100,100,100,100,100,100,100],"card_choices":[{"not_picked":["bronze:Overload","bronze:Separator"],"picked":"bronze:WhirlingStrike","floor":2},{"not_picked":["bronze:BuggyMess","bronze:Invalidate"],"picked":"bronze:Boost","floor":3},{"not_picked":["bronze:Safeguard","bronze:Invalidate"],"picked":"bronze:Repulsor","floor":4},{"not_picked":["bronze:OilSpill","bronze:FineTuning"],"picked":"bronze:Terminator","floor":5},{"not_picked":["bronze:WildBeam","bronze:NullPointer"],"picked":"bronze:DelayedSlice","floor":6},{"not_picked":["bronze:Frontload","bronze:Repair"],"picked":"bronze:InfiniteLoop","floor":10},{"not_picked":["bronze:BronzeArmor","bronze:Overload"],"picked":"bronze:Constructor","floor":11},{"not_picked":["bronze:CutThrough","bronze:BitShift"],"picked":"bronze:Overheat","floor":12},{"not_picked":["bronze:Invalidate","bronze:InfiniteBeams"],"picked":"bronze:Optimize","floor":13},{"not_picked":["bronze:Philosophize","bronze:OilSpill"],"picked":"bronze:FineTuning","floor":14},{"not_picked":["bronze:ChildClass","bronze:Terminator"],"picked":"bronze:Repair","floor":15},{"not_picked":["bronze:HyperBeam","bronze:Break"],"picked":"bronze:AlphaBuild","floor":16},{"not_picked":["bronze:Constructor+1","bronze:Shield"],"picked":"bronze:OilSpill","floor":19},{"not_picked":["bronze:NullPointer","bronze:Turbo+1"],"picked":"bronze:MaxOutput+1","floor":20},{"not_picked":["bronze:DigitalCarnage","bronze:BugBarrage"],"picked":"bronze:Frontload+1","floor":22},{"not_picked":["bronze:Safeguard","bronze:BugBarrage"],"picked":"bronze:Fortify+1","floor":23},{"not_picked":["bronze:CutThrough","bronze:BitShift"],"picked":"bronze:ItsAFeature+1","floor":25},{"not_picked":["bronze:InfiniteBeams+1","bronze:Deprecate"],"picked":"bronze:ClassDefault+1","floor":25},{"not_picked":["bronze:MaxOutput+1","bronze:DelayedSlice"],"picked":"bronze:Backtrace","floor":26},{"not_picked":["bronze:OilSpill","bronze:BronzeOrb","bronze:CutThrough"],"picked":"SKIP","floor":28},{"not_picked":["bronze:Separator","bronze:Turbo+1","bronze:RecursiveStrike"],"picked":"SKIP","floor":28},{"not_picked":["bronze:BronzeOrb","bronze:Repulsor+1"],"picked":"bronze:BuggyMess","floor":30},{"not_picked":["bronze:OilSpill","bronze:Fortify"],"picked":"bronze:FineTuning","floor":31},{"not_picked":["bronze:DelayedGuard","bronze:BuggyMess"],"picked":"bronze:FineTuning","floor":31},{"not_picked":["bronze:DelayedGuard","bronze:AlphaBuild"],"picked":"bronze:Optimize+1","floor":32},{"not_picked":["bronze:WhirlingStrike+1","bronze:Deprecate","bronze:Iterate"],"picked":"SKIP","floor":32},{"not_picked":["bronze:ThunderWave","bronze:RecursiveStrike"],"picked":"bronze:SpaghettiCode","floor":33},{"not_picked":["bronze:Constructor","bronze:Overheat+1"],"picked":"bronze:Repair+1","floor":36},{"not_picked":["bronze:BitShift","bronze:TinkerersToolbox"],"picked":"bronze:BuggyMess+1","floor":36},{"not_picked":["bronze:OilSpill","bronze:InfiniteBeams+1","bronze:FineTuning"],"picked":"SKIP","floor":37},{"not_picked":["bronze:BuggyMess","bronze:Shield","bronze:InfiniteBeams+1"],"picked":"SKIP","floor":37},{"not_picked":["bronze:WildBeam","bronze:BuggyMess"],"picked":"bronze:Optimize+1","floor":39},{"not_picked":["bronze:WildBeam","bronze:Shield+1"],"picked":"bronze:BuggyMess+1","floor":39},{"not_picked":["expansioncontent:LastStand","expansioncontent:AwakenDeath"],"picked":"expansioncontent:GuardianWhirl","floor":43},{"not_picked":["bronze:Constructor","bronze:Frontload"],"picked":"bronze:Assembly","floor":44},{"not_picked":["bronze:DigitalCarnage+1","bronze:MaxOutput+1","bronze:Optimize+1"],"picked":"SKIP","floor":46},{"not_picked":["bronze:Invalidate","bronze:Turbo","bronze:Safeguard"],"picked":"SKIP","floor":46},{"not_picked":["bronze:Invalidate","bronze:Shield+1"],"picked":"bronze:Overload+1","floor":48},{"not_picked":["bronze:Break","bronze:WhirlingStrike"],"picked":"bronze:BronzeOrb+1","floor":48},{"not_picked":["bronze:Turbo+1","bronze:WhirlingStrike"],"picked":"bronze:ChosenStrike","floor":49},{"not_picked":["bronze:DelayedSlice+1","bronze:Backtrace","bronze:BugBarrage+1"],"picked":"SKIP","floor":49}],"player_experience":1053604,"relics_obtained":[{"floor":6,"key":"White Beast Statue"},{"floor":7,"key":"Akabeko"},{"floor":11,"key":"Lantern"},{"floor":14,"key":"Frozen Egg 2"},{"floor":20,"key":"Red Mask"},{"floor":23,"key":"Prayer Wheel"},{"floor":41,"key":"StrikeDummy"},{"floor":44,"key":"Anchor"}],"event_choices":[{"damage_healed":0,"gold_gain":0,"player_choice":"Fought Bandits","damage_taken":0,"max_hp_gain":0,"max_hp_loss":0,"event_name":"Masked Bandits","floor":20,"gold_loss":0},{"damage_healed":0,"gold_gain":0,"player_choice":"Inject Mutagens","damage_taken":0,"relics_obtained":["MutagenicStrength"],"max_hp_gain":0,"max_hp_loss":0,"event_name":"Drug Dealer","floor":29,"gold_loss":0},{"cards_removed":["bronze:ClassDefault"],"damage_healed":0,"gold_gain":0,"player_choice":"Removed Power","damage_taken":0,"max_hp_gain":0,"max_hp_loss":0,"event_name":"Falling","floor":45,"gold_loss":0}],"is_beta":false,"boss_relics":[{"not_picked":["Busted Crown","Runic Pyramid"],"picked":"Astrolabe"},{"not_picked":["Cursed Key","Coffee Dripper"],"picked":"bronze:ElectromagneticCoil"}],"items_purged_floors":[42],"is_endless":false,"potions_floor_spawned":[2,4,5,10,11,12,13,14,15,16,19,20,22,23,25,26,28,30,31,32,33,36,37,39,44,46,48,49],"killed_by":"downfall:CharBossMerchant","ascension_level":3}}