{"host":"yawnmhdh5u4s0p8o","time":1614069430,"event":{"mods":["AchievementEnabler","BaseMod","BetterRewards","Colored Powertips","Downfall","Friendly Minions","GifTheSpireLib","Minty Spire (QoL Compilation)","Replay The Spire","StSLib","The Hierophant","The Mystic","The Necromancer"],"gold_per_floor":[99,116,566,53,70,70,97,116,144,144,44,55,69,80,90,191,191,91,107,107,107,120,137,137,137,154,174,174,174,107,207,220,317,417,417,437,450,470,461,475,475,475,475,475,538,548,566,616,627,627],"floor_reached":51,"language":"ENG","playtime":21146,"items_purged":[],"score":857,"play_id":"19a8d337-a5f5-4863-90f5-f9aad089eac8","local_time":"20210223193710","is_ascension_mode":false,"campfire_choices":[{"floor":1,"key":"RECALL"},{"floor":11,"key":"REST"},{"data":"Apotheosis","floor":18,"key":"SMITH"},{"floor":29,"key":"REST"},{"data":"ReplayTheSpireMod:Brewmster","floor":35,"key":"SMITH"},{"floor":44,"key":"REST"}],"circlet_count":0,"master_deck":["bronze:Strike","bronze:Strike","bronze:Strike","bronze:Defend","bronze:Defend","bronze:Defend","bronze:Defend","bronze:Replicate","bronze:Goto","bronze:Iterate","downfall:Icky","downfall:Icky","downfall:Icky","bronze:DelayedGuard","bronze:WhirlingStrike","Apotheosis+1","ReplayTheSpireMod:Brewmster+1","Replay:Bootleg Shield Generator","bronze:Overload","bronze:CutThrough","bronze:ClassDefault","Voices","bronze:WildBeam","bronze:ForceShield","bronze:ForceShield","bronze:Shell","bronze:HyperBeam","ReplayTheSpireMod:Splinters","Hallucinations","Sickly","bronze:Frontload","bronze:Overheat+1","bronze:ItsAFeature","bronze:Backtrace","bronze:AlphaBuild","RitualDagger","bronze:FineTuning","bronze:WhirlingStrike","bronze:DigitalCarnage+1","bronze:SpaghettiCode","bronze:DelayedSlice+1","bronze:BronzeOrb+1","bronze:Repair","bronze:ChosenStrike+1","bronze:FineTuning","bronze:Repulsor","bronze:HyperBeam","ReplayTheSpireMod:Trickstab","bronze:Fortify+1","expansioncontent:Chronoboost","Replay:SS_forest_2","expansioncontent:AwakenDeath","bronze:Format","bronze:GetLatest+1","bronze:Iterate"],"relics":["bronze:BronzeCore","Meat on the Bone","ReplayTheSpireMod:ShopPack","Bag of Marbles","Ring of Misfortune","ReplayTheSpireMod:Ring of Collecting","downfall:HeartBlessingRed","Replay:Ancient Bell","Quantum Egg","Torii","downfall:HeartBlessingBlue","downfall:RedIOU","MealTicket","Replay:Wanted Poster","DollysMirror","Lizard Tail","ReplayTheSpireMod:Ring of Challenge","Replay:Ringing Soul","ReplayTheSpireMod:Ring of Exchange","Replay:Kaleidoscope"],"acts_visited":["Exordium","TheCity","TheBeyond"],"potions_floor_usage":[5,9,9,13,13,14,16,16,16,23,23,30,30,33,33,33,38,39,39,39,39,40,40,45,45,47,47,48,50,50,50,50],"damage_taken":[{"damage":1,"enemies":"2 Louse","floor":2,"turns":3},{"damage":5,"enemies":"downfall:FleeingMerchant","floor":4,"turns":4},{"damage":12,"enemies":"Small Slimes","floor":5,"turns":3},{"damage":6,"enemies":"Jaw Worm","floor":8,"turns":2},{"damage":20,"enemies":"3 Sentries","floor":9,"turns":7},{"damage":12,"enemies":"2 Fungi Beasts","floor":12,"turns":2},{"damage":4,"enemies":"Lots of Slimes","floor":13,"turns":4},{"damage":0,"enemies":"Gremlin Gang","floor":14,"turns":4},{"damage":0,"enemies":"Large Slime","floor":15,"turns":4},{"damage":7,"enemies":"WA_ARCHETYPE_RETAIN","floor":16,"turns":6},{"damage":31,"enemies":"downfall:LooterAlt2","floor":19,"turns":3},{"damage":1,"enemies":"Shell Parasite","floor":22,"turns":5},{"damage":0,"enemies":"Snecko","floor":23,"turns":7},{"damage":13,"enemies":"Snake Plant","floor":26,"turns":3},{"damage":1,"enemies":"3 Cultists","floor":27,"turns":4},{"damage":4,"enemies":"downfall:FleeingMerchant","floor":30,"turns":4},{"damage":2,"enemies":"Snecko","floor":32,"turns":4},{"damage":46,"enemies":"DF_ARCHETYPE_CLAW","floor":33,"turns":9},{"damage":45,"enemies":"3 Darklings","floor":36,"turns":5},{"damage":18,"enemies":"3 Shapes","floor":37,"turns":4},{"damage":0,"enemies":"3 Darklings","floor":38,"turns":3},{"damage":0,"enemies":"downfall:FleeingMerchant","floor":39,"turns":4},{"damage":38,"enemies":"Maw","floor":40,"turns":9},{"damage":35,"enemies":"Jaw Worm Horde","floor":45,"turns":5},{"damage":11,"enemies":"Sphere and 2 Shapes","floor":46,"turns":4},{"damage":90,"enemies":"Transient","floor":47,"turns":5},{"damage":42,"enemies":"Transient","floor":48,"turns":6},{"damage":8,"enemies":"3 Darklings","floor":49,"turns":2},{"damage":39,"enemies":"SI_POISON_ARCHETYPE","floor":50,"turns":13}],"seed_played":"1940968108275865717","potions_obtained":[{"floor":5,"key":"PowerPotion"},{"floor":15,"key":"hexamod:SoulburnPotion"},{"floor":33,"key":"LiquidMemories"},{"floor":45,"key":"Cursed Concoction"},{"floor":46,"key":"LiquidMemories"},{"floor":48,"key":"Block Potion"},{"floor":49,"key":"EssenceOfSteel"}],"is_trial":false,"path_per_floor":["R","M","?","$","M","?","T","M","E","?","R","M","M","M","M","B",null,"R","M","?","?","M","M","T","?","M","M","?","R","$","?","M","B",null,"R","M","M","M","$","M","T","?","T","R","M","M","M","?","M","B",null],"character_chosen":"THE_AUTOMATON","items_purchased":["bronze:Optimize","Meat on the Bone","ReplayTheSpireMod:ShopPack","bronze:WhirlingStrike","bronze:WhirlingStrike","bronze:FineTuning","bronze:Repulsor","DollysMirror","ReplayTheSpireMod:Trickstab"],"campfire_rested":3,"item_purchase_floors":[4,4,4,4,30,39,39,39,39],"current_hp_per_floor":[77,76,76,71,59,59,59,53,45,45,68,56,52,52,52,45,77,87,56,56,56,55,55,55,87,74,73,67,87,83,83,81,47,87,87,54,48,48,71,55,55,45,45,71,51,55,61,38,42,25],"gold":627,"neow_bonus":"TEN_PERCENT_HP_BONUS","is_daily":false,"chose_seed":false,"campfire_upgraded":2,"win_rate":0.0,"timestamp":1614069430,"path_taken":["R","M","?","$","M","?","T","M","E","?","R","M","M","M","M","BOSS","R","M","?","?","M","M","T","?","?","?","?","R","$","?","M","BOSS","R","M","M","M","$","M","T","?","?","R","?","M","M","?","M","BOSS"],"items_purchased_type":["Card","Relic","Relic","Card","Card","Card","Card","Relic","Card"],"build_version":"2020-12-22","purchased_purges":0,"victory":true,"max_hp_per_floor":[77,77,77,77,77,77,77,77,77,77,77,77,77,77,77,77,77,87,87,87,87,87,87,87,87,87,87,87,87,87,87,87,87,87,87,87,87,87,87,87,87,87,87,87,90,93,96,96,96,96],"card_choices":[{"not_picked":["bronze:MaxOutput","bronze:Overheat"],"picked":"bronze:Iterate","floor":2},{"not_picked":["bronze:FollowUp","bronze:BuggyMess"],"picked":"bronze:DelayedGuard","floor":4},{"not_picked":["Magnetism","Midas Touch"],"picked":"Apotheosis","floor":4},{"not_picked":["Specialist","Deep Breath"],"picked":"ReplayTheSpireMod:Brewmster","floor":4},{"not_picked":["Enlightenment","Finesse"],"picked":"Replay:Bootleg Shield Generator","floor":4},{"not_picked":["bronze:Overheat","bronze:Deprecate"],"picked":"bronze:Overload","floor":5},{"not_picked":["bronze:NullPointer","bronze:Optimize"],"picked":"bronze:CutThrough","floor":8},{"not_picked":["bronze:FindAndReplace","bronze:Shield"],"picked":"bronze:ClassDefault","floor":9},{"not_picked":["bronze:BronzeArmor","bronze:BitShift"],"picked":"bronze:WildBeam","floor":12},{"not_picked":["bronze:BuggyMess","bronze:CutThrough"],"picked":"bronze:ForceShield","floor":13},{"not_picked":["bronze:Iterate","bronze:CutThrough"],"picked":"bronze:ForceShield","floor":14},{"not_picked":["bronze:FollowUp","bronze:DelayedGuard"],"picked":"bronze:Shell","floor":15},{"not_picked":["bronze:SpaghettiCode","bronze:Virus"],"picked":"bronze:HyperBeam","floor":16},{"not_picked":["Regret","downfall:Malfunctioning"],"picked":"ReplayTheSpireMod:Splinters","floor":17},{"not_picked":["Replay:Hysterical Blindness","Spreading Infection"],"picked":"Hallucinations","floor":17},{"not_picked":["Looming Evil","Pain"],"picked":"Sickly","floor":17},{"not_picked":["bronze:OilSpill","bronze:DarkDash"],"picked":"bronze:Frontload","floor":19},{"not_picked":["bronze:BitShift","bronze:Iterate"],"picked":"bronze:Overheat+1","floor":22},{"not_picked":["bronze:Invalidate","bronze:WildBeam"],"picked":"bronze:ItsAFeature","floor":23},{"not_picked":["bronze:CutThrough+1","bronze:Iterate+1"],"picked":"bronze:Backtrace","floor":26},{"not_picked":["bronze:CloningBeam+1","bronze:Overheat"],"picked":"bronze:AlphaBuild","floor":27},{"not_picked":["bronze:DelayedGuard","bronze:Shield"],"picked":"bronze:FineTuning","floor":30},{"not_picked":["bronze:Deprecate","bronze:WildBeam"],"picked":"bronze:DigitalCarnage+1","floor":32},{"not_picked":["bronze:RecursiveStrike","bronze:HyperBeam"],"picked":"bronze:SpaghettiCode","floor":33},{"not_picked":["bronze:Invalidate+1","bronze:ForceShield+1"],"picked":"bronze:DelayedSlice+1","floor":36},{"not_picked":["bronze:Overheat+1","bronze:Allocate+1"],"picked":"bronze:BronzeOrb+1","floor":37},{"not_picked":["bronze:Shield","bronze:BugBarrage+1"],"picked":"bronze:Repair","floor":38},{"not_picked":["bronze:Shield+1","bronze:DigitalCarnage+1"],"picked":"bronze:ChosenStrike+1","floor":39},{"not_picked":["bronze:Flail+1","bronze:Iterate"],"picked":"bronze:Fortify+1","floor":40},{"not_picked":["expansioncontent:LastStand","expansioncontent:GuardianWhirl"],"picked":"expansioncontent:Chronoboost","floor":42},{"not_picked":["expansioncontent:LastStand","expansioncontent:Hexaburn"],"picked":"Replay:SS_forest_2","floor":42},{"not_picked":["Replay:SS_forest_2","expansioncontent:PrepareCrush"],"picked":"expansioncontent:AwakenDeath","floor":42},{"not_picked":["bronze:Invalidate","bronze:Allocate"],"picked":"bronze:Format","floor":45},{"not_picked":["bronze:CutThrough+1","bronze:DelayedGuard+1"],"picked":"bronze:GetLatest+1","floor":46},{"not_picked":["bronze:Branch","bronze:Frontload+1"],"picked":"bronze:Iterate","floor":47},{"not_picked":["bronze:Iterate","bronze:Branch+1","bronze:Deprecate+1"],"picked":"SKIP","floor":49}],"player_experience":50704,"relics_obtained":[{"floor":9,"key":"Bag of Marbles"},{"floor":10,"key":"Ring of Misfortune"},{"floor":10,"key":"ReplayTheSpireMod:Ring of Collecting"},{"floor":24,"key":"MealTicket"},{"floor":41,"key":"Lizard Tail"},{"floor":41,"key":"ReplayTheSpireMod:Ring of Challenge"},{"floor":43,"key":"Replay:Ringing Soul"},{"floor":43,"key":"ReplayTheSpireMod:Ring of Exchange"},{"floor":48,"key":"Replay:Kaleidoscope"}],"event_choices":[{"cards_removed":["bronze:Optimize"],"damage_healed":32,"gold_gain":0,"player_choice":"Offered Uncommon","damage_taken":0,"max_hp_gain":0,"max_hp_loss":0,"event_name":"Bonfire Elementals","floor":25,"gold_loss":0}],"is_beta":false,"boss_relics":[{"not_picked":["Fusion Hammer","Painkiller Herb"],"picked":"Replay:Ancient Bell"},{"not_picked":["Grinning Jar","MawBank"],"picked":"Blood Vial"},{"not_picked":["bronze:CableSpool","White Beast Statue"],"picked":"Quantum Egg"},{"not_picked":["Old Coin","FossilizedHelix"],"picked":"Torii"},{"not_picked":["ReplayTheSpireMod:DimensionalGlitch","Velvet Choker"],"picked":"Replay:Wanted Poster"}],"items_purged_floors":[],"is_endless":false,"potions_floor_spawned":[5,9,15,23,27,33,36,45,46,48,49],"ascension_level":0}}