{"host":"hszimsrtxxc2k25w","time":1614093431,"event":{"mods":["AchievementEnabler","BaseMod","Colored Map","DeckTracker","Minty Spire (QoL Compilation)","Rare Cards Sparkle","SuperFastMode"],"gold_per_floor":[115,190,190,190,208,208,222,222,222,178,178,103,126,140,140,238,238,256,276,276,300,318,318,332,332,332,247,288,288,288,288],"floor_reached":30,"language":"KOR","playtime":539,"items_purged":["Strike_R"],"score":480,"play_id":"b42e3b28-ca0c-4959-a580-5931ad6ebd81","local_time":"20210224001711","is_ascension_mode":true,"campfire_choices":[{"data":"Pommel Strike","floor":6.0,"key":"SMITH"},{"data":"Bash","floor":11.0,"key":"SMITH"},{"floor":15.0,"key":"REST"},{"data":"Barricade","floor":23,"key":"SMITH"},{"data":"Shockwave","floor":25,"key":"SMITH"}],"circlet_count":0,"master_deck":["AscendersBane","Strike_R","Strike_R","Defend_R","Defend_R","Defend_R","Defend_R","Bash+1","Pommel Strike+1","Blood for Blood+1","Metallicize","Bludgeon+1","Barricade+1","Fiend Fire+1","Shockwave+1","Body Slam+1","Shrug It Off","Evolve+1"],"relics":["Burning Blood","Champion Belt","HornCleat","Question Card","Bloody Idol","Molten Egg 2","Coffee Dripper","Art of War","Pantograph","Bronze Scales"],"acts_visited":["Exordium","TheCity"],"potions_floor_usage":[22],"damage_taken":[{"damage":17.0,"enemies":"Small Slimes","floor":1.0,"turns":4.0},{"damage":0.0,"enemies":"Cultist","floor":5.0,"turns":3.0},{"damage":4.0,"enemies":"Jaw Worm","floor":7.0,"turns":3.0},{"damage":29.0,"enemies":"Exordium Wildlife","floor":13.0,"turns":4.0},{"damage":0.0,"enemies":"2 Fungi Beasts","floor":14.0,"turns":4.0},{"damage":28.0,"enemies":"Hexaghost","floor":16.0,"turns":8.0},{"damage":7.0,"enemies":"Spheric Guardian","floor":18.0,"turns":5.0},{"damage":23.0,"enemies":"3 Byrds","floor":19.0,"turns":6.0},{"damage":0,"enemies":"Centurion and Healer","floor":21,"turns":5},{"damage":32,"enemies":"Cultist and Chosen","floor":22,"turns":6},{"damage":0,"enemies":"Snake Plant","floor":24,"turns":3},{"damage":15,"enemies":"Book of Stabbing","floor":28,"turns":4},{"damage":20,"enemies":"Slavers","floor":30,"turns":1}],"seed_played":"5752870811494573632","potions_obtained":[{"floor":1.0,"key":"Dexterity Potion"},{"floor":13.0,"key":"Dexterity Potion"},{"floor":16.0,"key":"FearPotion"},{"floor":19,"key":"Fruit Juice"},{"floor":22,"key":"Ancient Potion"}],"is_trial":false,"path_per_floor":["M","?","?","?","M","R","M","?","T","$","R","$","M","M","R","B",null,"M","M","?","M","M","R","M","R","T","?","E","?","E"],"character_chosen":"IRONCLAD","items_purchased":["Blood for Blood+1"],"campfire_rested":1,"item_purchase_floors":[10],"current_hp_per_floor":[57,46,35,35,41,41,43,43,43,43,43,43,20,26,44,22,52,51,34,34,40,19,19,25,25,25,25,16,16,0,0],"gold":288,"neow_bonus":"ONE_RARE_RELIC","is_daily":false,"chose_seed":false,"campfire_upgraded":4,"win_rate":0.0,"timestamp":1614093431,"path_taken":["M","?","?","?","?","R","M","?","T","?","R","$","M","M","R","BOSS","M","M","?","M","M","R","M","R","T","?","E","?","E"],"items_purchased_type":["Card"],"build_version":"2020-12-22","purchased_purges":1,"victory":false,"max_hp_per_floor":[68,68,68,68,68,68,68,62,62,62,62,62,62,62,62,62,62,62,62,62,62,67,67,67,67,67,67,67,67,67,67],"card_choices":[{"not_picked":["Spot Weakness","Rampage","Cleave"],"picked":"SKIP","floor":1.0},{"not_picked":["Combust","Flex","Warcry"],"picked":"Pommel Strike","floor":5.0},{"not_picked":["Thunderclap","Havoc","Disarm","Clash"],"picked":"SKIP","floor":7.0},{"not_picked":["Iron Wave+1","Clothesline+1","Armaments"],"picked":"Metallicize","floor":13.0},{"not_picked":["Headbutt+1","Sword Boomerang+1","Thunderclap+1"],"picked":"Bludgeon+1","floor":14.0},{"not_picked":["Brutality","Double Tap","Exhume"],"picked":"Barricade","floor":16.0},{"not_picked":["Sword Boomerang+1","Anger+1","Havoc","Armaments"],"picked":"SKIP","floor":18.0},{"not_picked":["Bloodletting","Inflame","Iron Wave+1","Wild Strike+1"],"picked":"SKIP","floor":19},{"not_picked":["Wild Strike+1","Warcry","Heavy Blade+1"],"picked":"Body Slam+1","floor":21},{"not_picked":["Limit Break","Flex+1","Heavy Blade+1","Whirlwind+1"],"picked":"SKIP","floor":22},{"not_picked":["Clash+1","Anger+1","Sword Boomerang+1"],"picked":"Shrug It Off","floor":24},{"not_picked":["Warcry","Barricade","True Grit"],"picked":"Evolve+1","floor":28}],"player_experience":695954,"relics_obtained":[{"floor":9.0,"key":"Molten Egg 2"},{"floor":26,"key":"Art of War"},{"floor":28,"key":"Bronze Scales"}],"event_choices":[{"damage_healed":0.0,"max_hp_gain":0.0,"max_hp_loss":0.0,"gold_gain":75.0,"event_name":"World of Goop","player_choice":"Gather Gold","floor":2.0,"gold_loss":0.0,"damage_taken":11.0},{"damage_healed":0.0,"max_hp_gain":0.0,"max_hp_loss":0.0,"gold_gain":0.0,"event_name":"Scrap Ooze","player_choice":"Success","floor":3.0,"gold_loss":0.0,"damage_taken":11.0,"relics_obtained":["HornCleat"]},{"damage_healed":0.0,"max_hp_gain":0.0,"max_hp_loss":0.0,"gold_gain":0.0,"event_name":"WeMeetAgain","player_choice":"Gave Potion","floor":4.0,"gold_loss":0.0,"damage_taken":0.0,"relics_obtained":["Question Card"]},{"damage_healed":0.0,"max_hp_gain":0.0,"max_hp_loss":6.0,"gold_gain":0.0,"event_name":"Golden Idol","player_choice":"Lose Max HP","floor":8.0,"gold_loss":0.0,"damage_taken":0.0,"relics_obtained":["Golden Idol"]},{"damage_healed":0,"gold_gain":0,"cards_transformed":["Strike_R","Strike_R"],"player_choice":"Became Test Subject","damage_taken":0,"max_hp_gain":0,"max_hp_loss":0,"event_name":"Drug Dealer","floor":20,"gold_loss":0,"cards_obtained":["Fiend Fire","Shockwave"]},{"damage_healed":0,"gold_gain":0,"player_choice":"Obtained Relic","damage_taken":0,"relics_obtained":["Pantograph"],"max_hp_gain":0,"max_hp_loss":0,"event_name":"Addict","floor":27,"gold_loss":85},{"damage_healed":0,"gold_gain":0,"player_choice":"Gave Idol","damage_taken":0,"relics_obtained":["Bloody Idol"],"max_hp_gain":0,"max_hp_loss":0,"event_name":"Forgotten Altar","floor":29,"relics_lost":["Golden Idol"],"gold_loss":0}],"is_beta":false,"boss_relics":[{"not_picked":["SacredBark","Cursed Key"],"picked":"Coffee Dripper"}],"items_purged_floors":[12],"is_endless":false,"potions_floor_spawned":[1,13,16,19,22],"killed_by":"Slavers","ascension_level":20}}