{"host":"6cq08l203i8iyh3k","time":1614054587,"event":{"mods":["BaseMod","Better Note","Better Silent Start","BetterRewards","Colored Map","Colored Powertips","Infinite Spire","Minty Spire (QoL Compilation)","Quick Restart","Replay The Spire","Spicy Shops","StSLib","The Druid"],"gold_per_floor":[114,114,128,128,140,167,205,205,205,241,241,272,272,308,308,440,440,476,518,518,577,577,577,647,647,673,738,738,837,762,762,762,893,893,942,958,958],"floor_reached":36,"language":"ENG","playtime":1548,"items_purged":["Languid"],"score":442,"play_id":"adc8316e-9f92-4f00-ae80-b9c475b7819b","local_time":"20210222222947","is_ascension_mode":true,"campfire_choices":[{"data":"Dagger Throw","floor":8,"key":"SMITH"},{"data":"Accuracy","floor":11,"key":"SMITH"},{"data":"Dagger Throw","floor":15,"key":"SMITH"},{"floor":23,"key":"REST"},{"floor":25,"key":"REST"},{"data":"Accuracy","floor":32,"key":"SMITH"}],"circlet_count":0,"master_deck":["Strike_G+1","Strike_G","Strike_G","Strike_G","Defend_G","Defend_G","Defend_G","Defend_G","Survivor","Neutralize","ReplayTheSpireMod:Scrap Shanks","Adrenaline","Blade Dance","Dagger Throw+1","Underhanded Strike","Accuracy+1","Dagger Throw+1","Burst","Dagger Throw","Blade Dance","Infinite Blades","ReplayTheSpireMod:Splinters","Accuracy+1","Voices","A Thousand Cuts"],"relics":["Ring of the Snake","Replay:Bandana","infinitespire:Midas Blood","Cursed Key","Ice Cream","Tiny Chest","InkBottle","Replay:Accelerometer","Sozu"],"acts_visited":["Exordium","TheCity","TheBeyond"],"potions_floor_usage":[10,14,19,21,24,24,33],"damage_taken":[{"damage":0,"enemies":"Small Slimes","floor":1,"turns":4},{"damage":3,"enemies":"Jaw Worm","floor":3,"turns":5},{"damage":0,"enemies":"2 Louse","floor":5,"turns":3},{"damage":11,"enemies":"Replay:BlueRogue","floor":6,"turns":10},{"damage":2,"enemies":"Blue Slaver","floor":7,"turns":3},{"damage":0,"enemies":"Looter","floor":10,"turns":2},{"damage":8,"enemies":"3 Louse","floor":12,"turns":2},{"damage":0,"enemies":"2 Fungi Beasts","floor":14,"turns":3},{"damage":28,"enemies":"The Guardian","floor":16,"turns":10},{"damage":5,"enemies":"Shell Parasite","floor":18,"turns":4},{"damage":3,"enemies":"2 Thieves","floor":19,"turns":2},{"damage":22,"enemies":"Centurion and Healer","floor":21,"turns":4},{"damage":29,"enemies":"Book of Stabbing","floor":24,"turns":5},{"damage":22,"enemies":"Gremlin Leader","floor":27,"turns":5},{"damage":29,"enemies":"Champ","floor":33,"turns":7},{"damage":63,"enemies":"3 Shapes","floor":35,"turns":10},{"damage":22,"enemies":"3 Darklings","floor":36,"turns":2}],"seed_played":"-6917743461510508986","potions_obtained":[{"floor":3,"key":"GhostInAJar"},{"floor":5,"key":"Milkshake"},{"floor":6,"key":"SkillPotion"},{"floor":12,"key":"SteroidPotion"},{"floor":16,"key":"Adrenaline Potion"},{"floor":19,"key":"Energy Potion"},{"floor":21,"key":"infinitespire:BlackPotion"}],"is_trial":false,"path_per_floor":["M","?","M","?","M","E","M","R","T","M","R","M","?","M","R","B",null,"M","M","?","M","?","R","E","R","T","E","?","?","$","T","R","B",null,"M","M"],"character_chosen":"THE_SILENT","items_purchased":[],"campfire_rested":2,"item_purchase_floors":[],"current_hp_per_floor":[77,77,74,74,74,63,61,61,61,61,61,53,77,77,77,49,77,72,69,69,47,47,70,41,64,64,42,42,42,42,42,42,13,77,14,0,0],"gold":958,"neow_bonus":"TEN_PERCENT_HP_BONUS","is_daily":false,"chose_seed":false,"campfire_upgraded":4,"win_rate":0.0,"timestamp":1614054587,"path_taken":["M","?","M","?","M","E","M","R","T","M","R","M","?","M","R","BOSS","M","M","?","M","?","R","E","R","T","E","?","?","$","?","R","BOSS","M","M"],"items_purchased_type":[],"build_version":"2020-12-22","purchased_purges":1,"victory":false,"max_hp_per_floor":[77,77,77,77,77,77,77,77,77,77,77,77,77,77,77,77,77,77,77,77,77,77,77,77,77,77,77,77,77,77,77,77,77,77,77,77,77],"card_choices":[{"not_picked":["Deflect","Slice"],"picked":"ReplayTheSpireMod:Scrap Shanks","floor":1},{"not_picked":["Outmaneuver","Dodge and Roll"],"picked":"Adrenaline","floor":3},{"not_picked":["Poisoned Stab","Quick Slash"],"picked":"Blade Dance","floor":5},{"not_picked":["Backstab","Skewer"],"picked":"Dagger Throw","floor":6},{"not_picked":["PiercingWail","Masterful Stab"],"picked":"Underhanded Strike","floor":7},{"not_picked":["Noxious Fumes","Choke"],"picked":"Accuracy","floor":10},{"not_picked":["Draining Mist","ReplayTheSpireMod:Necrosis"],"picked":"Dagger Throw","floor":12},{"not_picked":["Underhanded Strike","ReplayTheSpireMod:The Works","Riddle With Holes"],"picked":"SKIP","floor":14},{"not_picked":["Phantasmal Killer","Doppelganger"],"picked":"Burst","floor":16},{"not_picked":["Dodge and Roll+1","Choke","Deflect"],"picked":"SKIP","floor":18},{"not_picked":["Backstab+1","Heel Hook"],"picked":"Dagger Throw","floor":19},{"not_picked":["Setup+1","Backflip","Concentrate+1"],"picked":"SKIP","floor":21},{"not_picked":["Prepared","Deflect+1"],"picked":"Infinite Blades","floor":24},{"not_picked":["Underhanded Strike","Blade Dance","ReplayTheSpireMod:Tripwire"],"picked":"SKIP","floor":27},{"not_picked":["ReplayTheSpireMod:Shiv Toss","Cloak And Dagger"],"picked":"Accuracy","floor":29},{"not_picked":["Atom Bomb","Glass Knife"],"picked":"A Thousand Cuts","floor":33},{"not_picked":["Eviscerate","Bane+1","Dagger Throw"],"picked":"SKIP","floor":35}],"player_experience":409223,"relics_obtained":[{"floor":6,"key":"Replay:Bandana"},{"floor":9,"key":"infinitespire:Midas Blood"},{"floor":24,"key":"Ice Cream"},{"floor":26,"key":"Tiny Chest"},{"floor":27,"key":"InkBottle"},{"floor":31,"key":"Replay:Accelerometer"}],"event_choices":[{"damage_healed":0,"gold_gain":0,"player_choice":"Grow","damage_taken":0,"max_hp_gain":0,"max_hp_loss":0,"event_name":"Living Wall","floor":2,"gold_loss":0,"cards_upgraded":["Strike_G"]},{"damage_healed":0,"gold_gain":0,"player_choice":"Ignored","damage_taken":0,"max_hp_gain":0,"max_hp_loss":0,"event_name":"Liars Game","floor":4,"gold_loss":0},{"damage_healed":25,"gold_gain":0,"player_choice":"Banana","damage_taken":0,"max_hp_gain":0,"max_hp_loss":0,"event_name":"Big Fish","floor":13,"gold_loss":0},{"damage_healed":0,"gold_gain":0,"player_choice":"Read","damage_taken":0,"max_hp_gain":0,"max_hp_loss":0,"event_name":"The Library","floor":20,"gold_loss":0,"cards_obtained":["Blade Dance"]}],"is_beta":false,"boss_relics":[{"not_picked":["Fusion Hammer","Astrolabe"],"picked":"Cursed Key"},{"not_picked":["Replay:Wanted Poster","Empty Cage"],"picked":"Sozu"}],"items_purged_floors":[30],"is_endless":false,"potions_floor_spawned":[3,5,6,12,16,19,21],"killed_by":"3 Darklings","ascension_level":2}}