{"host":"yml0ux6c8lqydjlc","time":1614113704,"event":{"mods":["Aspiration","BaseMod","Conspire","Downfall","Hermit","Jedi Mod","Minty Spire (QoL Compilation)","Robot Space Explorer","StSLib"],"gold_per_floor":[114,131,144,46,60,60,60,7,7,7,24,37,52,6,6,108,108,127,46,63,63,136,136,90,102,102,102,102],"floor_reached":27,"language":"ENG","playtime":1538,"items_purged":["Strike_B"],"score":255,"play_id":"4b1753e8-82cc-43c9-ba76-f82dc95d4660","local_time":"20210223155504","is_ascension_mode":false,"campfire_choices":[{"data":"Zap","floor":7.0,"key":"SMITH"},{"floor":10.0,"key":"REST"},{"data":"Cold Snap","floor":15.0,"key":"SMITH"},{"floor":23.0,"key":"REST"}],"circlet_count":0,"master_deck":["Strike_B","Strike_B","Defend_B","Defend_B","Defend_B","Defend_B","Zap+1","Dualcast","Redo","Coolheaded","Beam Cell","Cold Snap","Barrage","jedi:blockon","Self Repair","Sweeping Beam","Leap","Cold Snap+1","Electrodynamics","Redo+1","Glacier","Streamline","Melter+1","Conserve Battery","Outmaneuver"],"relics":["Cracked Core","Bag of Preparation","Pocketwatch","PrismaticShard","jedi:heavyjacket","Potion Belt"],"acts_visited":["Exordium","TheCity"],"potions_floor_usage":[],"damage_taken":[{"damage":4.0,"enemies":"2 Louse","floor":1.0,"turns":3.0},{"damage":0.0,"enemies":"Cultist","floor":2.0,"turns":4.0},{"damage":3.0,"enemies":"Jaw Worm","floor":3.0,"turns":4.0},{"damage":3.0,"enemies":"Blue Slaver","floor":5.0,"turns":4.0},{"damage":8.0,"enemies":"Exordium Wildlife","floor":11.0,"turns":5.0},{"damage":8.0,"enemies":"Gremlin Gang","floor":12.0,"turns":5.0},{"damage":0.0,"enemies":"3 Louse","floor":13.0,"turns":3.0},{"damage":0.0,"enemies":"Slime Boss","floor":16.0,"turns":8.0},{"damage":7.0,"enemies":"Shell Parasite","floor":18.0,"turns":7.0},{"damage":15.0,"enemies":"2 Thieves","floor":20.0,"turns":2.0},{"damage":17.0,"enemies":"Snecko","floor":25.0,"turns":5.0},{"damage":0,"enemies":"Snake Plant","floor":27,"turns":1}],"seed_played":"-6578245618177413681","potions_obtained":[{"floor":1.0,"key":"AttackPotion"},{"floor":2.0,"key":"Guardian:BlockOnCardUsePotion"},{"floor":13.0,"key":"FocusPotion"},{"floor":18.0,"key":"BlessingOfTheForge"}],"is_trial":false,"path_per_floor":["M","M","M","$","M","?","R","$","T","R","M","M","M","$","R","B",null,"M","$","M","?","T","R","$","M","T","M"],"character_chosen":"DEFECT","items_purchased":["Cold Snap","jedi:blockon","Cold Snap","Glacier","Conserve Battery"],"campfire_rested":2,"item_purchase_floors":[4,8,14,19,24],"current_hp_per_floor":[71,71,68,68,65,58,58,58,58,75,67,66,73,73,73,75,75,75,75,67,59,59,75,75,58,58,58,58],"gold":102,"neow_bonus":"RANDOM_COMMON_RELIC","is_daily":false,"chose_seed":false,"campfire_upgraded":2,"win_rate":0.0,"timestamp":1614113704,"path_taken":["M","M","M","$","M","?","R","$","T","R","M","M","M","?","R","BOSS","M","$","M","?","?","R","?","M","T","M"],"items_purchased_type":["Card","Card","Card","Card","Card"],"build_version":"2020-12-22","purchased_purges":1,"victory":false,"max_hp_per_floor":[75,75,75,75,75,75,75,75,75,75,75,75,75,75,75,75,75,75,75,75,75,75,75,75,75,75,75,75],"card_choices":[{"not_picked":["jedi:sharpshooter","Barrage"],"picked":"Redo","floor":1.0},{"not_picked":["Sweeping Beam","Ball Lightning"],"picked":"Coolheaded","floor":2.0},{"not_picked":["Skim","Sunder"],"picked":"Beam Cell","floor":3.0},{"not_picked":["Reprogram","Storm"],"picked":"Barrage","floor":5.0},{"not_picked":["Barrage","jedi:spotbugs"],"picked":"Self Repair","floor":11.0},{"not_picked":["jedi:BurstFrost","Creative AI"],"picked":"Sweeping Beam","floor":12.0},{"not_picked":["Static Discharge","jedi:spotbugs"],"picked":"Leap","floor":13.0},{"not_picked":["Amplify","Multi-Cast"],"picked":"Electrodynamics","floor":16.0},{"not_picked":["Turbo","Sweeping Beam"],"picked":"Redo+1","floor":18.0},{"not_picked":["Sweeping Beam","Lockon"],"picked":"Streamline","floor":20.0},{"not_picked":["Turbo","Sweeping Beam"],"picked":"Melter+1","floor":21.0},{"not_picked":["SashWhip","RobotSpaceExplorer:ScrapShield"],"picked":"Outmaneuver","floor":25.0}],"player_experience":144376,"relics_obtained":[{"floor":9.0,"key":"Pocketwatch"},{"floor":21.0,"key":"PrismaticShard"},{"floor":22.0,"key":"jedi:heavyjacket"},{"floor":26.0,"key":"Potion Belt"}],"event_choices":[{"cards_removed":["Strike_B"],"damage_healed":0.0,"max_hp_gain":0.0,"max_hp_loss":0.0,"gold_gain":0.0,"event_name":"Golden Wing","player_choice":"Card Removal","floor":6.0,"gold_loss":0.0,"damage_taken":7.0}],"is_beta":false,"boss_relics":[{"not_picked":["Fusion Hammer","Busted Crown","conspire:SeveredTorchhead"]}],"items_purged_floors":[4],"is_endless":false,"potions_floor_spawned":[1,2,13,18],"killed_by":"Snake Plant","ascension_level":0}}