{"host":"xwl7b08i4vco8s3a","time":1614109680,"event":{"mods":["BaseMod","Colored Powertips","Downfall","Hermit","Minty Spire (QoL Compilation)","Replay The Spire","StSLib","Wandering Minibosses"],"gold_per_floor":[199,209,384,384,398,298,324,336,336,367,383,416,436,452,471,572,572,472,483,496,108,108,108,184,84,99,17,42,103,103,120,139,139,139,139],"floor_reached":33,"language":"ENG","playtime":1778,"items_purged":["Doubt"],"score":329,"play_id":"bebb5330-fc55-4fb8-af8b-678f184a469f","local_time":"20210223204800","is_ascension_mode":false,"campfire_choices":[{"floor":1,"key":"RECALL"},{"data":"Guardian:TwinSlam","floor":6,"key":"SMITH"},{"data":"Guardian:CurlUp","floor":9,"key":"SMITH"},{"data":"Guardian:ConstructionForm","floor":18,"key":"SMITH"},{"floor":25,"key":"REST"},{"floor":30,"key":"REST"}],"circlet_count":0,"master_deck":["Guardian:Strike_Guardian","Guardian:Strike_Guardian","Guardian:Strike_Guardian","Guardian:Strike_Guardian","Guardian:Defend_Guardian","Guardian:Defend_Guardian","Guardian:Defend_Guardian","Guardian:CurlUp+1","Guardian:TwinSlam+1","Guardian:Gem_White","Guardian:Gem_Green","Guardian:StasisEngine+1","Guardian:Gem_Red","Guardian:Gem_Blue","Guardian:ConstructionForm+1","Guardian:Gem_Purple","Guardian:Gem_Orange","Guardian:Gem_Red","Guardian:CrystalBeam+1","Guardian:Gem_Cyan","Guardian:Gem_Fragmented","Guardian:FloatingOrbs","Guardian:Gem_Lightblue","Guardian:StasisEngine"],"relics":["Guardian:ModeShifter","downfall:HeartBlessingRed","PreservedInsect","ReplayTheSpireMod:TigerMarble","Mirror","Black Star","downfall:HeartBlessingGreen","Onion Ring","downfall:HeartBlessingBlue","Blood Vial","Omamori","Replay:Wax Seal","Guide Book"],"acts_visited":["Exordium","TheCity"],"potions_floor_usage":[5,8,12,12,29,29,33],"damage_taken":[{"damage":0,"enemies":"2 Louse","floor":2,"turns":3},{"damage":10,"enemies":"Cultist","floor":5,"turns":6},{"damage":4,"enemies":"Small Slimes","floor":8,"turns":8},{"damage":14,"enemies":"Lagavulin","floor":10,"turns":7},{"damage":6,"enemies":"Exordium Wildlife","floor":11,"turns":6},{"damage":25,"enemies":"Gremlin Nob","floor":12,"turns":5},{"damage":1,"enemies":"2 Fungi Beasts","floor":13,"turns":5},{"damage":3,"enemies":"downfall:LooterAlt","floor":14,"turns":6},{"damage":12,"enemies":"Exordium Wildlife","floor":15,"turns":6},{"damage":13,"enemies":"DF_ARCHETYPE_STREAMLINE","floor":16,"turns":10},{"damage":27,"enemies":"downfall:LooterAlt2","floor":19,"turns":9},{"damage":30,"enemies":"Spheric Guardian","floor":20,"turns":9},{"damage":0,"enemies":"downfall:FleeingMerchant","floor":21,"turns":4},{"damage":17,"enemies":"Snecko","floor":26,"turns":6},{"damage":0,"enemies":"downfall:FleeingMerchant","floor":27,"turns":4},{"damage":0,"enemies":"Slavers","floor":28,"turns":1},{"damage":0,"enemies":"downfall:FleeingMerchant","floor":29,"turns":4},{"damage":30,"enemies":"Sentry and Sphere","floor":31,"turns":4},{"damage":1,"enemies":"Cultist and Chosen","floor":32,"turns":4},{"damage":56,"enemies":"IC_MUSHROOM_ARCHETYPE","floor":33,"turns":11}],"seed_played":"-4534819526649906025","potions_obtained":[{"floor":2,"key":"DistilledChaos"},{"floor":4,"key":"downfall:CursedFountainPotion"},{"floor":5,"key":"Ancient Potion"},{"floor":8,"key":"Regen Potion"},{"floor":15,"key":"Milkshake"},{"floor":26,"key":"Swift Potion"},{"floor":28,"key":"Explosive Potion"}],"is_trial":false,"path_per_floor":["R","M","?","?","M","R","T","M","R","E","M","E","M","M","M","B",null,"R","M","M","$","?","?","T","R","M","$","E","$","R","M","M","B"],"character_chosen":"GUARDIAN","items_purchased":["Onion Ring","Guardian:Gem_Red","Guardian:Gem_Fragmented","Replay:Wax Seal","Guide Book","Guardian:FloatingOrbs"],"campfire_rested":2,"item_purchase_floors":[21,21,27,29,29,29],"current_hp_per_floor":[80,80,80,80,70,70,70,66,66,52,46,35,34,31,19,6,80,80,53,23,23,23,23,23,60,43,43,43,45,72,44,45,0,0,0],"gold":139,"neow_bonus":"HUNDRED_GOLD","is_daily":false,"chose_seed":false,"campfire_upgraded":3,"win_rate":0.0,"timestamp":1614109680,"path_taken":["R","M","?","?","M","R","T","M","R","E","M","E","?","?","M","BOSS","R","M","M","$","?","?","T","R","M","$","E","$","R","M","M","BOSS"],"items_purchased_type":["Relic","Card","Card","Relic","Relic","Card"],"build_version":"2020-12-22","purchased_purges":1,"victory":false,"max_hp_per_floor":[80,80,80,80,80,80,80,80,80,80,80,80,80,80,80,80,80,80,80,80,80,80,80,80,90,90,90,90,90,90,90,90,90,90,90],"card_choices":[{"not_picked":["Guardian:ShieldSpikes","Guardian:Repulse","Guardian:Planning"],"picked":"SKIP","floor":2},{"not_picked":["Guardian:TemporalStrike","Guardian:RefractedBeam"],"picked":"Guardian:Gem_White","floor":5},{"not_picked":["Guardian:PiercingHide","Guardian:WalkerClaw"],"picked":"Guardian:Gem_Green","floor":8},{"not_picked":["Guardian:Gem_Lightblue","Guardian:TemporalShield"],"picked":"Guardian:Gem_White","floor":10},{"not_picked":["Guardian:Gem_Cyan","Guardian:ChargeCore"],"picked":"Guardian:Gem_Green","floor":11},{"not_picked":["Guardian:Gem_Blue","Guardian:Reroute"],"picked":"Guardian:StasisEngine","floor":12},{"not_picked":["Guardian:CrystalBeam","Guardian:Gem_Green"],"picked":"Guardian:Gem_Red","floor":13},{"not_picked":["Guardian:FuturePlans","Guardian:TemporalStrike","Guardian:Clone"],"picked":"SKIP","floor":14},{"not_picked":["Guardian:WalkerClaw","Guardian:RollAttack"],"picked":"Guardian:Gem_Blue","floor":15},{"not_picked":["Guardian:StasisStrike","Guardian:FastForward"],"picked":"Guardian:ConstructionForm","floor":16},{"not_picked":["Guardian:FuturePlans+1","Guardian:Planning"],"picked":"Guardian:Gem_Purple","floor":19},{"not_picked":["Guardian:ShieldCharger","Guardian:TimeBomb+1","Guardian:WalkerClaw"],"picked":"SKIP","floor":20},{"not_picked":["Guardian:SentryBeam","Guardian:TemporalStrike"],"picked":"Guardian:Gem_Orange","floor":21},{"not_picked":["Guardian:ChargeCore+1","Guardian:Gem_Lightblue"],"picked":"Guardian:CrystalBeam","floor":26},{"not_picked":["Guardian:Recover+1","Guardian:Suspension"],"picked":"Guardian:Gem_Cyan","floor":27},{"not_picked":["Guardian:Suspension","Guardian:Clone","Guardian:RollAttack"],"picked":"SKIP","floor":28},{"not_picked":["Guardian:Reroute+1","Guardian:Recover+1","Guardian:RollAttack"],"picked":"SKIP","floor":29},{"not_picked":["Guardian:GuardianWhirl","Guardian:ShieldCharger"],"picked":"Guardian:Gem_Lightblue","floor":31},{"not_picked":["Guardian:Incinerate","Guardian:Recover"],"picked":"Guardian:StasisEngine","floor":32}],"player_experience":464835,"relics_obtained":[{"floor":7,"key":"PreservedInsect"},{"floor":10,"key":"ReplayTheSpireMod:TigerMarble"},{"floor":12,"key":"Mirror"},{"floor":28,"key":"Blood Vial"},{"floor":28,"key":"Omamori"}],"event_choices":[],"is_beta":false,"boss_relics":[{"not_picked":["SacredBark","Runic Dome"],"picked":"Black Star"}],"items_purged_floors":[21],"is_endless":false,"potions_floor_spawned":[2,5,8,15,26,28],"killed_by":"IC_MUSHROOM_ARCHETYPE","ascension_level":0}}