{"host":"8vqkh0x3c7vpgzzm","time":1614112310,"event":{"mods":["AchievementEnabler","BaseMod","Colored Map","Colored Powertips","Curses Come First","DeckTracker","Highlight Path","Minty Spire (QoL Compilation)","Permanent Neow","Quick Restart","Random Character Mod","Rare Cards Sparkle","Relic Sorter","Relic Stats","StSLib","SuperFastMode","Unceasing Turn Reminder","egg","everything is the same but u backflip on backflip"],"gold_per_floor":[365,290,307,317,14,14,14,14,14,41,41,53,86,98,98,172,172,189,65,77,95,95,95,20,20,20,20,39,66,66,21,21,94,94,114,114,64,76,89,122,47,63,88,106,106,17,17,17,17,17],"floor_reached":51,"language":"ENG","playtime":3050,"items_purged":["Shame","Strike_B","Defend_B","Parasite"],"score":1185,"play_id":"9d441f04-065a-4647-a5bb-424f56016bad","local_time":"20210223213150","is_ascension_mode":true,"campfire_choices":[{"data":"Zap","floor":6,"key":"SMITH"},{"floor":8,"key":"REST"},{"data":"Rainbow","floor":15,"key":"SMITH"},{"floor":23,"key":"REST"},{"data":"Self Repair","floor":25,"key":"SMITH"},{"data":"Beam Cell","floor":27,"key":"SMITH"},{"floor":32,"key":"REST"},{"data":"Skim","floor":45,"key":"SMITH"},{"data":"Hologram","floor":47,"key":"SMITH"},{"data":"Turbo","floor":49,"key":"SMITH"}],"circlet_count":0,"master_deck":["AscendersBane","Defend_B","Defend_B+1","Defend_B","Zap+1","Dualcast+1","Rip and Tear","Self Repair+1","Ball Lightning","Beam Cell+1","Compile Driver","Turbo+1","Rainbow+1","Genetic Algorithm","Echo Form+1","Cold Snap","Defragment+1","Loop+1","Glacier","Self Repair+1","Buffer+1","RitualDagger","Coolheaded","Electrodynamics+1","Hologram+1","Skim+1","Glacier","Defragment+1","Skim+1","Capacitor+1"],"relics":["Cracked Core","Frozen Egg 2","Gremlin Horn","War Paint","Smiling Mask","Vajra","Sozu","Toy Ornithopter","CaptainsWheel","Cursed Key","Dream Catcher","Bronze Scales"],"acts_visited":["Exordium","TheCity","TheBeyond"],"potions_floor_usage":[10,11,16],"damage_taken":[{"damage":8,"enemies":"2 Louse","floor":1,"turns":3},{"damage":4,"enemies":"Jaw Worm","floor":3,"turns":3},{"damage":0,"enemies":"Cultist","floor":4,"turns":2},{"damage":10,"enemies":"Gremlin Nob","floor":10,"turns":3},{"damage":13,"enemies":"Large Slime","floor":12,"turns":5},{"damage":24,"enemies":"3 Sentries","floor":13,"turns":6},{"damage":3,"enemies":"3 Louse","floor":14,"turns":2},{"damage":22,"enemies":"The Guardian","floor":16,"turns":9},{"damage":19,"enemies":"Shell Parasite","floor":18,"turns":5},{"damage":21,"enemies":"Spheric Guardian","floor":20,"turns":4},{"damage":7,"enemies":"Cultist and Chosen","floor":21,"turns":6},{"damage":21,"enemies":"3 Cultists","floor":28,"turns":5},{"damage":51,"enemies":"Slavers","floor":29,"turns":5},{"damage":0,"enemies":"Collector","floor":33,"turns":12},{"damage":0,"enemies":"3 Shapes","floor":35,"turns":5},{"damage":0,"enemies":"3 Darklings","floor":38,"turns":4},{"damage":1,"enemies":"Jaw Worm Horde","floor":39,"turns":4},{"damage":64,"enemies":"Reptomancer","floor":40,"turns":6},{"damage":0,"enemies":"Maw","floor":42,"turns":8},{"damage":0,"enemies":"Transient","floor":44,"turns":5},{"damage":24,"enemies":"Awakened One","floor":50,"turns":11}],"seed_played":"-2535873099873454678","potions_obtained":[{"floor":1,"key":"Swift Potion"},{"floor":10,"key":"SpeedPotion"},{"floor":11,"key":"Fruit Juice"},{"floor":11,"key":"Energy Potion"},{"floor":16,"key":"SteroidPotion"}],"is_trial":false,"path_per_floor":["M","$","M","M","$","R","?","R","T","E","?","M","E","M","R","B",null,"M","$","M","M","?","R","?","R","T","R","M","E","?","$","R","B",null,"M","?","$","M","M","E","$","M","T","M","R","$","R","?","R","B",null],"character_chosen":"DEFECT","items_purchased":["Frozen Egg 2","Beam Cell","Defragment+1","Coolheaded","Defragment+1","Capacitor+1"],"campfire_rested":3,"item_purchase_floors":[5,5,19,31,41,46],"current_hp_per_floor":[60,60,56,56,56,56,31,53,53,50,55,49,32,36,36,21,65,53,53,39,39,39,63,63,63,63,63,52,21,15,15,39,59,75,80,80,80,80,80,56,56,80,80,80,80,77,77,77,77,73],"gold":17,"neow_bonus":"TWO_FIFTY_GOLD","is_daily":false,"chose_seed":false,"campfire_upgraded":7,"win_rate":0.0,"timestamp":1614112310,"path_taken":["M","$","M","M","$","R","?","R","T","E","?","?","E","M","R","BOSS","M","$","M","M","?","R","?","R","T","R","M","E","?","?","R","BOSS","M","?","$","?","M","E","?","M","T","M","R","$","R","?","R","BOSS"],"items_purchased_type":["Relic","Card","Card","Card","Card","Card"],"build_version":"2020-12-22","purchased_purges":4,"victory":true,"max_hp_per_floor":[75,75,75,75,75,75,75,75,75,75,80,80,80,80,80,80,80,80,80,80,80,80,80,80,80,80,80,80,80,80,80,80,80,80,80,80,80,80,80,80,80,80,80,80,80,77,77,77,77,77],"relic_stats":{"Sozu":3,"Dream Catcher":0,"Gremlin Horn":[28,28],"counters":[21,112],"Bronze Scales":[78],"War Paint":["Dualcast","Defend_B"],"Smiling Mask":225,"Cursed Key":1,"obtain_stats":[{"Sozu":17,"CaptainsWheel":29,"Dream Catcher":40,"Gremlin Horn":7,"Bronze Scales":43,"Vajra":13,"Frozen Egg 2":5,"War Paint":9,"Cracked Core":0,"Smiling Mask":10,"Cursed Key":34,"Toy Ornithopter":26},{"Sozu":8,"CaptainsWheel":13,"Dream Catcher":18,"Gremlin Horn":3,"Bronze Scales":19,"Vajra":6,"Frozen Egg 2":3,"War Paint":3,"Cracked Core":0,"Smiling Mask":4,"Cursed Key":14,"Toy Ornithopter":11},{"Sozu":33,"CaptainsWheel":58,"Dream Catcher":88,"Gremlin Horn":8,"Bronze Scales":96,"Vajra":22,"Frozen Egg 2":8,"War Paint":8,"Cracked Core":0,"Smiling Mask":11,"Cursed Key":70,"Toy Ornithopter":48}],"Toy Ornithopter":0},"card_choices":[{"not_picked":["Skim","Beam Cell"],"picked":"Rip and Tear","floor":1},{"not_picked":["Rebound","Streamline"],"picked":"Self Repair","floor":3},{"not_picked":["Hologram","Sweeping Beam"],"picked":"Ball Lightning","floor":4},{"not_picked":["Aggregate","Tempest"],"picked":"Compile Driver","floor":10},{"not_picked":["Stack","Streamline"],"picked":"Turbo","floor":12},{"not_picked":["Sweeping Beam","Redo"],"picked":"Rainbow","floor":13},{"not_picked":["Barrage","Leap"],"picked":"Genetic Algorithm","floor":14},{"not_picked":["Creative AI+1","Meteor Strike"],"picked":"Echo Form+1","floor":16},{"not_picked":["Leap","Ball Lightning"],"picked":"Cold Snap","floor":18},{"not_picked":["FTL","Steam"],"picked":"Loop+1","floor":20},{"not_picked":["Beam Cell","Redo","Auto Shields"],"picked":"SKIP","floor":21},{"not_picked":["Barrage","Cold Snap+1"],"picked":"Self Repair+1","floor":28},{"not_picked":["Stack","FTL"],"picked":"Buffer+1","floor":29},{"not_picked":["Machine Learning+1","Thunder Strike"],"picked":"Electrodynamics+1","floor":33},{"not_picked":["Go for the Eyes","Stack"],"picked":"Hologram","floor":35},{"not_picked":["Redo","Cold Snap","Darkness"],"picked":"SKIP","floor":38},{"not_picked":["Scrape+1","Force Field"],"picked":"Skim+1","floor":39},{"not_picked":["Conserve Battery+1","Self Repair+1"],"picked":"Glacier","floor":40},{"not_picked":["Streamline","Beam Cell","Cold Snap"],"picked":"SKIP","floor":42},{"not_picked":["Sunder","Beam Cell+1"],"picked":"Skim","floor":44}],"player_experience":638946,"relics_obtained":[{"floor":9,"key":"War Paint"},{"floor":10,"key":"Smiling Mask"},{"floor":13,"key":"Vajra"},{"floor":26,"key":"Toy Ornithopter"},{"floor":29,"key":"CaptainsWheel"},{"floor":40,"key":"Dream Catcher"},{"floor":43,"key":"Bronze Scales"}],"event_choices":[{"damage_healed":0,"gold_gain":0,"player_choice":"Success","damage_taken":25,"relics_obtained":["Gremlin Horn"],"max_hp_gain":0,"max_hp_loss":0,"event_name":"Scrap Ooze","floor":7,"gold_loss":0},{"damage_healed":0,"gold_gain":0,"player_choice":"Got Potions","damage_taken":0,"max_hp_gain":0,"max_hp_loss":0,"event_name":"Lab","floor":11,"gold_loss":0},{"damage_healed":0,"gold_gain":0,"player_choice":"Read","damage_taken":0,"max_hp_gain":0,"max_hp_loss":0,"event_name":"The Library","floor":22,"gold_loss":0,"cards_obtained":["Glacier"]},{"cards_removed":["Strike_B"],"damage_healed":0,"gold_gain":0,"player_choice":"Gave Gold","damage_taken":0,"max_hp_gain":0,"max_hp_loss":0,"event_name":"Beggar","floor":24,"gold_loss":75},{"damage_healed":0,"gold_gain":0,"player_choice":"Joined the Cult","damage_taken":6,"max_hp_gain":0,"max_hp_loss":0,"event_name":"Nest","floor":30,"gold_loss":0,"cards_obtained":["RitualDagger"]},{"cards_removed":["Strike_B"],"damage_healed":0,"gold_gain":0,"player_choice":"Purged","damage_taken":0,"max_hp_gain":0,"max_hp_loss":0,"event_name":"Purifier","floor":36,"gold_loss":0},{"cards_removed":["Strike_B"],"damage_healed":0,"gold_gain":0,"player_choice":"Removed Attack","damage_taken":0,"max_hp_gain":0,"max_hp_loss":0,"event_name":"Falling","floor":48,"gold_loss":0}],"is_beta":false,"boss_relics":[{"not_picked":["Runic Dome","Nuclear Battery"],"picked":"Sozu"},{"not_picked":["Pandora\u0027s Box","Tiny House"],"picked":"Cursed Key"}],"items_purged_floors":[2,19,37,46],"is_endless":false,"potions_floor_spawned":[1,10,16,20,28,39,42,44],"ascension_level":13}}