{"host":"z37g2hkgkh2zjyzk","time":1614120522,"event":{"mods":["2.2 Compatiblity","AchievementEnabler","BaseMod","Bestiary","Colored Map","Colored Powertips","Curses Come First","Highlight Path","Keyboard Shortcuts","Minty Spire (QoL Compilation)","Relic Stats","StSLib","SuperFastMode"],"gold_per_floor":[216,216,235,17,29,29,62,62,137,147,147,173,187,199,199,301,301,314,314,326,337,355,390,82,108,108,118,134,134,148,80,80,80,80],"floor_reached":33,"language":"ENG","playtime":3093,"items_purged":["Regret","Strike_B"],"score":406,"play_id":"5bd36b8e-471e-4c94-870e-a68a5936af53","local_time":"20210223234842","is_ascension_mode":true,"campfire_choices":[{"data":"Chill","floor":6,"key":"SMITH"},{"data":"Streamline","floor":8,"key":"SMITH"},{"data":"Gash","floor":15,"key":"SMITH"},{"data":"Scrape","floor":29,"key":"SMITH"},{"data":"Capacitor","floor":32,"key":"SMITH"}],"circlet_count":0,"master_deck":["Strike_B","Strike_B","Strike_B","Defend_B","Defend_B","Defend_B","Defend_B","Zap","Dualcast","Turbo","Streamline+1","Chill+1","Redo","Gash+1","Recycle","Rebound","Barrage","Gash+1","Glacier","Hyperbeam","Skim+1","Scrape+1","Coolheaded","Capacitor+1","Seek","Go for the Eyes","Capacitor+1","Core Surge","Turbo","Defragment+1"],"relics":["FrozenCore","PreservedInsect","Du-Vu Doll","Mercury Hourglass","Oddly Smooth Stone","Orichalcum","Lee\u0027s Waffle","Frozen Egg 2","DataDisk"],"acts_visited":["Exordium","TheCity"],"potions_floor_usage":[7,10,12,16,21,23,33],"damage_taken":[{"damage":7,"enemies":"2 Louse","floor":1,"turns":2},{"damage":8,"enemies":"Cultist","floor":3,"turns":3},{"damage":0,"enemies":"Jaw Worm","floor":5,"turns":3},{"damage":1,"enemies":"3 Sentries","floor":7,"turns":8},{"damage":1,"enemies":"Large Slime","floor":10,"turns":4},{"damage":6,"enemies":"Gremlin Nob","floor":12,"turns":3},{"damage":0,"enemies":"Blue Slaver","floor":13,"turns":2},{"damage":0,"enemies":"2 Fungi Beasts","floor":14,"turns":2},{"damage":12,"enemies":"Hexaghost","floor":16,"turns":10},{"damage":6,"enemies":"Shell Parasite","floor":18,"turns":6},{"damage":0,"enemies":"Spheric Guardian","floor":20,"turns":5},{"damage":16,"enemies":"3 Cultists","floor":21,"turns":4},{"damage":24,"enemies":"Cultist and Chosen","floor":22,"turns":8},{"damage":14,"enemies":"Gremlin Leader","floor":23,"turns":6},{"damage":16,"enemies":"Book of Stabbing","floor":25,"turns":6},{"damage":5,"enemies":"Shelled Parasite and Fungi","floor":27,"turns":7},{"damage":0,"enemies":"Snecko","floor":28,"turns":9},{"damage":18,"enemies":"Snake Plant","floor":30,"turns":6},{"damage":47,"enemies":"Champ","floor":33,"turns":12}],"seed_played":"386106862637199213","potions_obtained":[{"floor":1,"key":"SpeedPotion"},{"floor":5,"key":"SpeedPotion"},{"floor":7,"key":"Fire Potion"},{"floor":10,"key":"ColorlessPotion"},{"floor":20,"key":"Explosive Potion"},{"floor":22,"key":"CultistPotion"},{"floor":23,"key":"Dexterity Potion"},{"floor":25,"key":"Energy Potion"},{"floor":28,"key":"DistilledChaos"}],"is_trial":false,"path_per_floor":["M","?","M","$","M","R","E","R","T","M","?","E","M","M","R","B",null,"M","?","M","M","M","E","$","E","T","M","M","R","M","$","R","B"],"character_chosen":"DEFECT","items_purchased":["Chill","Redo","Gash","Lee\u0027s Waffle","Go for the Eyes","Defragment+1"],"campfire_rested":0,"item_purchase_floors":[4,4,4,24,24,31],"current_hp_per_floor":[61,61,53,53,53,53,52,52,52,51,51,45,45,45,45,33,65,59,59,59,43,19,5,82,66,66,61,61,61,43,43,43,0,0],"gold":80,"neow_bonus":"HUNDRED_GOLD","is_daily":false,"chose_seed":false,"campfire_upgraded":5,"win_rate":0.0,"timestamp":1614120522,"path_taken":["M","?","M","$","M","R","E","R","T","M","?","E","M","?","R","BOSS","M","?","M","M","M","E","$","E","T","M","M","R","M","$","R","BOSS"],"items_purchased_type":["Card","Card","Card","Relic","Card","Card"],"build_version":"2020-12-22","purchased_purges":2,"victory":false,"max_hp_per_floor":[75,75,75,75,75,75,75,75,75,75,75,75,75,75,75,75,75,75,75,75,75,75,75,82,82,82,82,82,82,82,82,82,82,82],"relic_stats":{"Lee\u0027s Waffle":77,"counters":[19,105],"PreservedInsect":143,"Orichalcum":[108],"obtain_stats":[{"Du-Vu Doll":7,"Lee\u0027s Waffle":24,"DataDisk":26,"Oddly Smooth Stone":12,"PreservedInsect":2,"Orichalcum":23,"Frozen Egg 2":25,"Cracked Core":0,"Mercury Hourglass":9,"FrozenCore":17},{"Du-Vu Doll":4,"Lee\u0027s Waffle":14,"DataDisk":15,"Oddly Smooth Stone":6,"PreservedInsect":1,"Orichalcum":14,"Frozen Egg 2":15,"Cracked Core":0,"Mercury Hourglass":4,"FrozenCore":9},{"Du-Vu Doll":16,"Lee\u0027s Waffle":66,"DataDisk":72,"Oddly Smooth Stone":23,"PreservedInsect":2,"Orichalcum":66,"Frozen Egg 2":72,"Cracked Core":0,"Mercury Hourglass":16,"FrozenCore":37}],"FrozenCore":[29],"Mercury Hourglass":[269]},"card_choices":[{"not_picked":["Double Energy","Sweeping Beam"],"picked":"Turbo","floor":1},{"not_picked":["Rebound","Cold Snap"],"picked":"Streamline","floor":3},{"not_picked":["Melter","Skim","Leap"],"picked":"SKIP","floor":5},{"not_picked":["Amplify","Skim"],"picked":"Recycle","floor":7},{"not_picked":["Barrage","Compile Driver"],"picked":"Rebound","floor":10},{"not_picked":["Stack","Doom and Gloom"],"picked":"Barrage","floor":12},{"not_picked":["Hologram","Tempest"],"picked":"Gash","floor":13},{"not_picked":["Coolheaded","Hologram"],"picked":"Glacier","floor":14},{"not_picked":["Rainbow","Fission"],"picked":"Hyperbeam","floor":16},{"not_picked":["Barrage+1","Redo+1"],"picked":"Skim+1","floor":18},{"not_picked":["Streamline","Hologram"],"picked":"Scrape","floor":20},{"not_picked":["Double Energy","Sweeping Beam"],"picked":"Coolheaded","floor":21},{"not_picked":["Coolheaded","Darkness+1"],"picked":"Capacitor","floor":22},{"not_picked":["Rainbow","Biased Cognition"],"picked":"Seek","floor":23},{"not_picked":["Hologram+1","Auto Shields"],"picked":"Capacitor+1","floor":25},{"not_picked":["Cold Snap","Coolheaded","Stack"],"picked":"SKIP","floor":27},{"not_picked":["Hologram","Sweeping Beam"],"picked":"Core Surge","floor":28},{"not_picked":["Undo","Coolheaded"],"picked":"Turbo","floor":30}],"player_experience":232820,"relics_obtained":[{"floor":7,"key":"Du-Vu Doll"},{"floor":9,"key":"Mercury Hourglass"},{"floor":12,"key":"Oddly Smooth Stone"},{"floor":23,"key":"Orichalcum"},{"floor":25,"key":"Frozen Egg 2"},{"floor":26,"key":"DataDisk"}],"event_choices":[{"damage_healed":0,"gold_gain":0,"player_choice":"Box","damage_taken":0,"relics_obtained":["PreservedInsect"],"max_hp_gain":0,"max_hp_loss":0,"event_name":"Big Fish","floor":2,"gold_loss":0,"cards_obtained":["Regret"]},{"damage_healed":0,"gold_gain":0,"player_choice":"Upgraded","damage_taken":0,"max_hp_gain":0,"max_hp_loss":0,"event_name":"Upgrade Shrine","floor":11,"gold_loss":0,"cards_upgraded":["Gash"]},{"damage_healed":0,"gold_gain":0,"player_choice":"Ignored","damage_taken":0,"max_hp_gain":0,"max_hp_loss":0,"event_name":"Vampires","floor":19,"gold_loss":0}],"is_beta":false,"boss_relics":[{"not_picked":["Astrolabe","Coffee Dripper"],"picked":"FrozenCore"}],"items_purged_floors":[4,24],"is_endless":false,"potions_floor_spawned":[1,5,7,10,20,22,23,25,28],"killed_by":"Champ","ascension_level":7}}