{"host":"birdoosa9v9yfc1w","time":1614064256,"event":{"mods":["2.2 Compatiblity","BaseMod","Bossed Relics","Colored Map","Colored Powertips","Dark Map","Halation","Highlight Path","Minty Spire (QoL Compilation)","Rare Cards Sparkle","Relic Filter","SacredBarkPlus","StSLib","The Jungle","Thrall Mod"],"gold_per_floor":[119,119,38,52,65,65,65,65,92,92,92,11,11,25,25,125,125,138,138,438,438,19,48,48,61,61,73,73,73,83,112,112,217,217,232,232,248,268,283,316,316,350,402,402,402],"floor_reached":44,"language":"ENG","playtime":1616,"items_purged":[],"score":968,"play_id":"d82ff404-e9ba-4785-bbd8-3ab0326a2381","local_time":"20210223021056","is_ascension_mode":true,"campfire_choices":[{"data":"Doomhammer","floor":6,"key":"SMITH"},{"data":"Rumblingelemental","floor":8,"key":"SMITH"},{"data":"Strike_Thrall","floor":11,"key":"SMITH"},{"floor":15,"key":"RECALL"},{"data":"Doomhammer","floor":24,"key":"SMITH"},{"data":"Maelstromportal","floor":28,"key":"SMITH"},{"data":"Earthshock","floor":32,"key":"SMITH"},{"data":"Flametonguetotem","floor":41,"key":"SMITH"}],"circlet_count":0,"master_deck":["AscendersBane","Defend_Thrall","Defend_Thrall","Defend_Thrall","Defend_Thrall","Thecoin","Doomhammer+1","Rumblingelemental+1","Menacingnimbus","Ancestralknow","Thralldeathseer","Healingrain","Doubt","Writhe","Bite+1","Bite+1","Bite+1","Bite+1","Bite+1","Bite+1","Bite+1","Bite+1","Earthshock+1","Doomhammer+1","Dustdevil","Maelstromportal+1","Pain","Pain","Thingfrombelow+1","Flametonguetotem+1","Beakeredlightning","Shame"],"relics":["Totem","Tiny Chest","Turnip","halation:BlueSoulGem","Vajra","Cursed Key","Singing Bowl","Old Coin","halation:BlackBeret","Lantern","Mummified Hand","Toxic Egg 2","Pear","halation:ForbiddenBikini","Frozen Egg 2","Mercury Hourglass","Strawberry"],"acts_visited":["Exordium","TheCity","TheBeyond"],"potions_floor_usage":[1,16,23,31,39],"damage_taken":[{"damage":7,"enemies":"2 Louse","floor":1,"turns":2},{"damage":9,"enemies":"Cultist","floor":4,"turns":4},{"damage":5,"enemies":"Jaw Worm","floor":5,"turns":3},{"damage":1,"enemies":"3 Louse","floor":14,"turns":2},{"damage":2,"enemies":"Slime Boss","floor":16,"turns":6},{"damage":20,"enemies":"Shell Parasite","floor":18,"turns":4},{"damage":44,"enemies":"Book of Stabbing","floor":23,"turns":4},{"damage":12,"enemies":"2 Thieves","floor":25,"turns":2},{"damage":2,"enemies":"3 Cultists","floor":27,"turns":3},{"damage":40,"enemies":"Snecko","floor":30,"turns":4},{"damage":3,"enemies":"Gremlin Leader","floor":31,"turns":4},{"damage":108,"enemies":"Automaton","floor":33,"turns":9},{"damage":54,"enemies":"3 Darklings","floor":35,"turns":5},{"damage":39,"enemies":"3 Shapes","floor":37,"turns":4},{"damage":38,"enemies":"Jaw Worm Horde","floor":38,"turns":4},{"damage":23,"enemies":"Spire Growth","floor":39,"turns":4},{"damage":55,"enemies":"Nemesis","floor":40,"turns":9},{"damage":4,"enemies":"Giant Head","floor":42,"turns":7},{"damage":46,"enemies":"Transient","floor":44,"turns":2}],"seed_played":"-5179867584395901345","potions_obtained":[{"floor":1,"key":"Fruit Juice"},{"floor":14,"key":"Regen Potion"},{"floor":16,"key":"AttackPotion"},{"floor":25,"key":"DistilledChaos"},{"floor":30,"key":"Energy Potion"},{"floor":33,"key":"EssenceOfSteel"},{"floor":35,"key":"LiquidBronze"},{"floor":40,"key":"FearPotion"}],"is_trial":false,"path_per_floor":["M","?","$","M","M","R","?","R","T","T","R","$","?","M","R","B",null,"M","T","?","?","$","E","R","M","T","M","R","T","M","E","R","B",null,"M","?","M","M","M","E","R","E","T","M"],"character_chosen":"THRALL","items_purchased":["Zap","Rumblingelemental","Swift Strike","halation:BlackBeret","Earthshock","Doomhammer"],"campfire_rested":0,"item_purchase_floors":[3,3,12,22,22,22],"current_hp_per_floor":[63,63,63,56,51,51,51,51,51,51,51,51,51,50,50,67,73,55,55,55,55,55,37,37,33,33,63,63,63,38,68,68,21,72,48,101,82,58,58,12,12,3,10,0,0],"gold":402,"neow_bonus":"RANDOM_COMMON_RELIC","is_daily":false,"chose_seed":false,"campfire_upgraded":7,"win_rate":0.0,"timestamp":1614064256,"path_taken":["M","?","$","?","M","R","?","R","T","?","R","?","?","?","R","BOSS","M","?","?","?","?","E","R","M","T","M","R","?","M","E","R","BOSS","M","?","M","M","?","E","R","E","T","M"],"items_purchased_type":["Card","Card","Card","Relic","Card","Card"],"build_version":"2020-12-22","purchased_purges":0,"victory":false,"max_hp_per_floor":[75,75,75,75,75,75,75,75,75,75,75,75,75,75,75,75,75,75,75,75,75,75,75,75,75,75,77,77,77,77,87,87,89,89,91,101,103,103,103,12,12,3,10,10,10],"card_choices":[{"not_picked":["Thecoin","Earthelemental"],"picked":"Doomhammer","floor":1},{"not_picked":["Rockbiter","Jadecheiftain"],"picked":"Menacingnimbus","floor":4},{"not_picked":["Blazing","Lightningbolt","Wartbringer"],"picked":"SKIP","floor":5},{"not_picked":["Fireelemental","Thecoin"],"picked":"Thralldeathseer","floor":14},{"not_picked":["Tunneltrogg","Thestormbringer"],"picked":"Elementaldestruction","floor":16},{"not_picked":["Jadelightning","Menacingnimbus"],"picked":"Healingrain","floor":18},{"not_picked":["Elementaryreaction+1","Menacingnimbus"],"picked":"Dustdevil","floor":23},{"not_picked":["Jinyu","Drakkaridefender"],"picked":"Maelstromportal","floor":25},{"not_picked":["Rockbiter","Volcano+1","Crackle"],"picked":"Singing Bowl","floor":27},{"not_picked":["Dustdevil","Witchsapprentice+1"],"picked":"Thingfrombelow+1","floor":30},{"not_picked":["Drakkaridefender+1","Menacingnimbus"],"picked":"Eternalsentinel+1","floor":31},{"not_picked":["Elementaldestruction","Alakir","Hagatha"],"picked":"Singing Bowl","floor":33},{"not_picked":["Forkedlightning+1","Elementaryreaction+1","Tidalsurge"],"picked":"Singing Bowl","floor":35},{"not_picked":["Snowfurygiant+1","Rockbiter+1","Fireguard+1"],"picked":"Singing Bowl","floor":37},{"not_picked":["Fireelemental+1","Jadecheiftain+1"],"picked":"Flametonguetotem","floor":38},{"not_picked":["Snowfurygiant","Thecoin+1"],"picked":"Beakeredlightning","floor":39},{"not_picked":["Totemicsmash+1","Whiteeyes","Menacingnimbus+1"],"picked":"Singing Bowl","floor":40},{"not_picked":["Fireelemental","Drakkaridefender+1","Witchsapprentice+1"],"picked":"Singing Bowl","floor":42}],"player_experience":655635,"relics_obtained":[{"floor":9,"key":"Vajra"},{"floor":10,"key":"halation:TwoAmDonut"},{"floor":19,"key":"Singing Bowl"},{"floor":23,"key":"Lantern"},{"floor":26,"key":"Mummified Hand"},{"floor":29,"key":"Toxic Egg 2"},{"floor":31,"key":"Pear"},{"floor":40,"key":"Frozen Egg 2"},{"floor":42,"key":"Mercury Hourglass"},{"floor":43,"key":"Strawberry"}],"event_choices":[{"cards_removed":["Lightningbolt"],"damage_healed":0,"gold_gain":0,"player_choice":"Gave Card","damage_taken":0,"relics_obtained":["Turnip"],"max_hp_gain":0,"max_hp_loss":0,"event_name":"WeMeetAgain","floor":2,"gold_loss":0},{"damage_healed":0,"gold_gain":0,"cards_transformed":["Defend_Thrall"],"player_choice":"Change","damage_taken":0,"max_hp_gain":0,"max_hp_loss":0,"event_name":"Living Wall","floor":13,"gold_loss":0,"cards_obtained":["Ancestralknow"]},{"damage_healed":0,"gold_gain":0,"player_choice":"Opened","damage_taken":0,"relics_obtained":["Old Coin"],"max_hp_gain":0,"max_hp_loss":0,"event_name":"The Mausoleum","floor":20,"gold_loss":0,"cards_obtained":["Writhe"]},{"cards_removed":["Eternalsentinel"],"damage_healed":43,"gold_gain":0,"player_choice":"Offered Rare","damage_taken":0,"max_hp_gain":10,"max_hp_loss":0,"event_name":"Bonfire Elementals","floor":36,"gold_loss":0}],"is_beta":false,"boss_relics":[{"not_picked":["Ectoplasm","Calling Bell"],"picked":"Cursed Key"},{"not_picked":["Philosopher\u0027s Stone","Coffee Dripper"],"picked":"halation:ForbiddenBikini"}],"items_purged_floors":[],"is_endless":false,"potions_floor_spawned":[1,14,16,25,30,33,35,37,40],"killed_by":"Transient","ascension_level":11}}