{"host":"u7lm8z2rvb4dg2oo","time":1614115379,"event":{"mods":["AchievementEnabler","BaseMod","Bestiary","Block Reminder","Colored Map","Colored Powertips","Curses Come First","DeckTracker","Googly Eyes","Highlight Path","Minty Spire (QoL Compilation)","Quick Restart","StSLib"],"gold_per_floor":[118,118,131,143,161,161,172,172,196,225,235,200,215,230,230,230,230],"floor_reached":16,"language":"ENG","playtime":943,"items_purged":[],"score":207,"play_id":"d4336134-b406-4144-880d-db0f4550d0d9","local_time":"20210223162259","is_ascension_mode":true,"campfire_choices":[{"data":"Dagger Spray","floor":6.0,"key":"SMITH"},{"data":"Blade Dance","floor":8.0,"key":"SMITH"},{"data":"Wraith Form v2","floor":15.0,"key":"SMITH"}],"circlet_count":0,"master_deck":["AscendersBane","Strike_G","Defend_G","Defend_G","Defend_G","Defend_G","Defend_G","Survivor","Neutralize","Escape Plan+1","Dagger Spray+1","Deflect+1","Flying Knee","Dagger Spray+1","Blade Dance+1","Backstab","Endless Agony","Wraith Form v2+1","Blade Dance","Flechettes"],"relics":["Astrolabe","PreservedInsect"],"acts_visited":["Exordium"],"potions_floor_usage":[],"damage_taken":[{"damage":0.0,"enemies":"Jaw Worm","floor":1.0,"turns":9.0},{"damage":0.0,"enemies":"Cultist","floor":3.0,"turns":5.0},{"damage":8.0,"enemies":"Small Slimes","floor":4.0,"turns":5.0},{"damage":11.0,"enemies":"Exordium Wildlife","floor":5.0,"turns":5.0},{"damage":1.0,"enemies":"Exordium Thugs","floor":7.0,"turns":3.0},{"damage":5.0,"enemies":"Gremlin Nob","floor":10.0,"turns":3.0},{"damage":0.0,"enemies":"Lots of Slimes","floor":11.0,"turns":1.0},{"damage":4.0,"enemies":"Exordium Wildlife","floor":13.0,"turns":3.0},{"damage":1.0,"enemies":"2 Fungi Beasts","floor":14.0,"turns":2.0},{"damage":66,"enemies":"Hexaghost","floor":16,"turns":11}],"seed_played":"7248147961876658115","potions_obtained":[{"floor":3.0,"key":"Regen Potion"},{"floor":5.0,"key":"Poison Potion"},{"floor":14.0,"key":"Fruit Juice"}],"is_trial":false,"path_per_floor":["M","?","M","M","M","R","M","R","T","E","M","?","M","M","R","B"],"character_chosen":"THE_SILENT","items_purchased":[],"campfire_rested":0,"item_purchase_floors":[],"current_hp_per_floor":[59,59,59,65,54,54,53,53,53,48,48,64,60,64,64,0,0],"gold":230,"neow_bonus":"BOSS_RELIC","is_daily":false,"chose_seed":false,"campfire_upgraded":3,"win_rate":0.0,"timestamp":1614115379,"path_taken":["M","?","M","M","?","R","M","R","T","E","M","?","M","M","R","BOSS"],"items_purchased_type":[],"build_version":"2020-12-22","purchased_purges":0,"victory":false,"max_hp_per_floor":[66,66,66,66,66,66,66,66,66,66,66,66,66,71,71,71,71],"card_choices":[{"not_picked":["Backflip","Underhanded Strike"],"picked":"Flying Knee","floor":1.0},{"not_picked":["Dodge and Roll","Sucker Punch"],"picked":"Dagger Spray","floor":3.0},{"not_picked":["Deflect","Prepared"],"picked":"Blade Dance","floor":4.0},{"not_picked":["Outmaneuver","Dodge and Roll"],"picked":"Backstab","floor":5.0},{"not_picked":["Acrobatics","Noxious Fumes"],"picked":"Endless Agony","floor":7.0},{"not_picked":["Unload","Calculated Gamble"],"picked":"Wraith Form v2","floor":10.0},{"not_picked":["Slice","Heel Hook"],"picked":"Blade Dance","floor":11.0},{"not_picked":["Bane","Expertise","Heel Hook"],"picked":"SKIP","floor":13.0},{"not_picked":["Skewer","Flying Knee"],"picked":"Flechettes","floor":14.0}],"player_experience":2049941,"relics_obtained":[{"floor":10.0,"key":"PreservedInsect"}],"event_choices":[{"cards_removed":["Strike_G"],"damage_healed":0.0,"max_hp_gain":0.0,"max_hp_loss":0.0,"gold_gain":0.0,"event_name":"Purifier","player_choice":"Purged","floor":2.0,"gold_loss":0.0,"damage_taken":0.0},{"damage_healed":16.0,"max_hp_gain":0.0,"max_hp_loss":0.0,"gold_gain":0.0,"event_name":"The Cleric","player_choice":"Healed","floor":12.0,"gold_loss":35.0,"damage_taken":0.0}],"is_beta":false,"boss_relics":[],"items_purged_floors":[],"is_endless":false,"potions_floor_spawned":[3,5,14],"killed_by":"Hexaghost","ascension_level":19}}