{"host":"sgdhw3pdkzxa44vc","time":1614046165,"event":{"mods":["BaseMod","Bestiary","Colored Map","Highlight Path","Minty Spire (QoL Compilation)","Relic Stats"],"gold_per_floor":[115,131,144,156,156,184,184,217,240,271,271,296,296,306,306,401,401,420,444,460,2,20,20,20,20,20,45,45,63,90,107,107,202,202,215,265,265,265,265,295,295,322,322,348,359,359,359,10,10,10,10,10,10,45,45,45],"floor_reached":55,"language":"ENG","playtime":2485,"items_purged":[],"score":970,"play_id":"465308aa-22c4-4ac6-8ef4-52d19e723aed","local_time":"20210223040925","is_ascension_mode":true,"campfire_choices":[{"data":"Inflame","floor":7,"key":"SMITH"},{"floor":13,"key":"RECALL"},{"data":"Feed","floor":15,"key":"SMITH"},{"data":"Demon Form","floor":23,"key":"SMITH"},{"data":"Limit Break","floor":25,"key":"SMITH"},{"data":"Perfected Strike","floor":28,"key":"SMITH"},{"floor":32,"key":"REST"},{"data":"1","floor":41,"key":"LIFT"},{"data":"2","floor":47,"key":"LIFT"},{"data":"3","floor":49,"key":"LIFT"},{"data":"Impervious","floor":52,"key":"SMITH"}],"circlet_count":0,"master_deck":["Strike_R+1","Strike_R","Strike_R","Strike_R","Defend_R","Defend_R","Defend_R","Bash+1","Battle Trance","Cleave","Inflame+1","Twin Strike","Pummel+1","Clothesline+1","Feed+1","Shrug It Off","Demon Form+1","CurseOfTheBell","Limit Break+1","Perfected Strike+1","Flame Barrier+1","Ghostly Armor","Perfected Strike","Impervious+1","Armaments+1","Inflame+1","Havoc+1","Shrug It Off"],"relics":["Burning Blood","Pocketwatch","Lantern","Centennial Puzzle","Strawberry","Champion Belt","Calling Bell","Omamori","Eternal Feather","Peace Pipe","Sling","Thread and Needle","Sundial","Vajra","Frozen Egg 2","Black Star","Girya","Blood Vial","Regal Pillow","PreservedInsect","Whetstone","CeramicFish","Nunchaku","Bag of Marbles","Bird Faced Urn","Orichalcum"],"acts_visited":["Exordium","TheCity","TheBeyond","TheEnding"],"potions_floor_usage":[6,6,10,18,29,30,31,40,42,50],"damage_taken":[{"damage":4,"enemies":"2 Louse","floor":1,"turns":3},{"damage":0,"enemies":"Small Slimes","floor":2,"turns":4},{"damage":1,"enemies":"Cultist","floor":3,"turns":3},{"damage":0,"enemies":"Large Slime","floor":4,"turns":5},{"damage":12,"enemies":"Lagavulin","floor":6,"turns":7},{"damage":8,"enemies":"3 Sentries","floor":8,"turns":5},{"damage":0,"enemies":"Lagavulin","floor":10,"turns":4},{"damage":31,"enemies":"3 Sentries","floor":12,"turns":5},{"damage":4,"enemies":"Blue Slaver","floor":14,"turns":2},{"damage":19,"enemies":"The Guardian","floor":16,"turns":12},{"damage":20,"enemies":"2 Thieves","floor":18,"turns":4},{"damage":0,"enemies":"Chosen","floor":20,"turns":3},{"damage":9,"enemies":"Snecko","floor":22,"turns":4},{"damage":32,"enemies":"Slavers","floor":27,"turns":5},{"damage":15,"enemies":"Shelled Parasite and Fungi","floor":29,"turns":3},{"damage":47,"enemies":"Book of Stabbing","floor":30,"turns":6},{"damage":20,"enemies":"Snake Plant","floor":31,"turns":3},{"damage":93,"enemies":"Collector","floor":33,"turns":10},{"damage":4,"enemies":"Orb Walker","floor":35,"turns":4},{"damage":0,"enemies":"Mind Bloom Boss Battle","floor":36,"turns":5},{"damage":16,"enemies":"Giant Head","floor":40,"turns":6},{"damage":23,"enemies":"Reptomancer","floor":42,"turns":7},{"damage":24,"enemies":"3 Darklings","floor":44,"turns":5},{"damage":22,"enemies":"Transient","floor":45,"turns":5},{"damage":25,"enemies":"Time Eater","floor":50,"turns":6},{"damage":28,"enemies":"Shield and Spear","floor":54,"turns":5},{"damage":164,"enemies":"The Heart","floor":55,"turns":8}],"seed_played":"-7151397128210578306","potions_obtained":[{"floor":1,"key":"FairyPotion"},{"floor":3,"key":"EntropicBrew"},{"floor":6,"key":"Strength Potion"},{"floor":16,"key":"Fire Potion"},{"floor":27,"key":"DistilledChaos"},{"floor":30,"key":"LiquidMemories"},{"floor":33,"key":"SpeedPotion"},{"floor":35,"key":"Explosive Potion"},{"floor":40,"key":"FairyPotion"},{"floor":44,"key":"Swift Potion"}],"is_trial":false,"path_per_floor":["M","M","M","M","?","E","R","E","T","E","?","E","R","M","R","B",null,"M","T","M","$","M","R","?","R","T","E","R","M","E","M","R","B",null,"M","?","?","?","?","E","R","E","T","M","M","?","R","$","R","B",null,"R","$","E","B"],"character_chosen":"IRONCLAD","items_purchased":["Sling","Thread and Needle","Nunchaku","Bag of Marbles","AttackPotion"],"campfire_rested":1,"item_purchase_floors":[21,21,48,48,48],"current_hp_per_floor":[88,88,88,88,88,82,82,80,80,93,93,71,71,76,76,67,105,91,91,101,101,98,109,109,109,109,87,99,94,53,43,91,42,121,125,129,129,129,129,119,129,116,116,100,86,119,133,133,133,114,133,133,133,111,0,0],"gold":45,"neow_bonus":"TEN_PERCENT_HP_BONUS","is_daily":false,"chose_seed":false,"campfire_upgraded":6,"win_rate":0.0,"timestamp":1614046165,"path_taken":["M","M","M","M","?","E","R","E","T","E","?","E","R","M","R","BOSS","M","?","M","$","M","R","?","R","T","E","R","M","E","M","R","BOSS","M","?","?","?","?","E","R","E","T","M","?","?","R","$","R","BOSS","R","$","E","BOSS"],"items_purchased_type":["Relic","Relic","Relic","Relic","Potion"],"build_version":"2020-12-22","purchased_purges":0,"victory":false,"max_hp_per_floor":[88,88,88,88,88,88,88,88,88,95,95,98,98,101,101,105,105,105,105,109,109,109,109,109,109,109,113,113,117,117,121,121,121,121,125,129,129,129,129,129,129,133,133,133,133,133,133,133,133,133,133,133,133,133,133,133],"relic_stats":{"Regal Pillow":0,"counters":[27,139],"CeramicFish":18,"Eternal Feather":59,"PreservedInsect":68,"Whetstone":["Clothesline","Strike_R"],"Orichalcum":[18],"Burning Blood":129,"Peace Pipe":0,"Blood Vial":6,"Centennial Puzzle":[54],"Nunchaku":[2],"Sundial":[14],"Bird Faced Urn":[6],"Black Star":3,"Champion Belt":[15],"obtain_stats":[{"Lantern":8,"Regal Pillow":40,"CeramicFish":43,"Vajra":27,"Whetstone":42,"Sling":21,"Burning Blood":0,"Blood Vial":40,"Centennial Puzzle":9,"Nunchaku":48,"Sundial":26,"Strawberry":10,"Girya":36,"Eternal Feather":17,"Thread and Needle":21,"PreservedInsect":42,"Omamori":17,"Frozen Egg 2":30,"Orichalcum":54,"Calling Bell":17,"Peace Pipe":17,"Bird Faced Urn":54,"Black Star":34,"Bag of Marbles":48,"Champion Belt":12,"Pocketwatch":6},{"Lantern":6,"Regal Pillow":21,"CeramicFish":22,"Vajra":14,"Whetstone":22,"Sling":12,"Burning Blood":0,"Blood Vial":21,"Centennial Puzzle":6,"Nunchaku":24,"Sundial":13,"Strawberry":7,"Girya":20,"Eternal Feather":10,"Thread and Needle":12,"PreservedInsect":22,"Omamori":10,"Frozen Egg 2":16,"Orichalcum":26,"Calling Bell":10,"Peace Pipe":10,"Bird Faced Urn":26,"Black Star":18,"Bag of Marbles":24,"Champion Belt":8,"Pocketwatch":5},{"Lantern":27,"Regal Pillow":103,"CeramicFish":110,"Vajra":66,"Whetstone":110,"Sling":57,"Burning Blood":0,"Blood Vial":103,"Centennial Puzzle":27,"Nunchaku":120,"Sundial":61,"Strawberry":31,"Girya":97,"Eternal Feather":50,"Thread and Needle":57,"PreservedInsect":110,"Omamori":50,"Frozen Egg 2":75,"Orichalcum":131,"Calling Bell":50,"Peace Pipe":50,"Bird Faced Urn":131,"Black Star":88,"Bag of Marbles":120,"Champion Belt":36,"Pocketwatch":22}],"Pocketwatch":[205]},"card_choices":[{"not_picked":["Sword Boomerang","Armaments"],"picked":"Battle Trance","floor":1},{"not_picked":["Battle Trance","Sword Boomerang"],"picked":"Cleave","floor":2},{"not_picked":["Flex","Body Slam"],"picked":"Inflame","floor":3},{"not_picked":["Flex","Body Slam"],"picked":"Twin Strike","floor":4},{"not_picked":["Warcry","Disarm"],"picked":"Pummel","floor":6},{"not_picked":["Reckless Charge","Warcry"],"picked":"Clothesline","floor":8},{"not_picked":["Sever Soul","Bloodletting"],"picked":"Feed","floor":10},{"not_picked":["Corruption","Searing Blow","Rampage"],"picked":"SKIP","floor":12},{"not_picked":["Entrench","Whirlwind"],"picked":"Shrug It Off","floor":14},{"not_picked":["Offering","Juggernaut"],"picked":"Demon Form","floor":16},{"not_picked":["Anger+1","Dual Wield","Sword Boomerang+1"],"picked":"SKIP","floor":18},{"not_picked":["Clash","Carnage"],"picked":"Limit Break","floor":20},{"not_picked":["Twin Strike+1","Dark Embrace+1","Dual Wield"],"picked":"SKIP","floor":22},{"not_picked":["Thunderclap","Clash"],"picked":"Flame Barrier+1","floor":27},{"not_picked":["Reckless Charge","Sword Boomerang"],"picked":"Ghostly Armor","floor":29},{"not_picked":["Searing Blow","Clothesline"],"picked":"Perfected Strike","floor":30},{"not_picked":["Clothesline","Searing Blow","Twin Strike"],"picked":"SKIP","floor":31},{"not_picked":["Juggernaut+1","Reaper"],"picked":"Impervious","floor":33},{"not_picked":["Body Slam+1","Shockwave+1"],"picked":"Armaments+1","floor":35},{"not_picked":["Clothesline+1","Sever Soul+1","Flex+1"],"picked":"SKIP","floor":40},{"not_picked":["Feed","Thunderclap"],"picked":"Inflame+1","floor":42},{"not_picked":["Clothesline","Headbutt"],"picked":"Havoc+1","floor":44},{"not_picked":["Warcry+1","Armaments","Dual Wield"],"picked":"SKIP","floor":45},{"not_picked":["Flex","Sword Boomerang+1"],"picked":"Shrug It Off","floor":54}],"player_experience":566544,"relics_obtained":[{"floor":6,"key":"Pocketwatch"},{"floor":8,"key":"Lantern"},{"floor":9,"key":"Centennial Puzzle"},{"floor":10,"key":"Strawberry"},{"floor":12,"key":"Champion Belt"},{"floor":17,"key":"Omamori"},{"floor":17,"key":"Eternal Feather"},{"floor":17,"key":"Peace Pipe"},{"floor":26,"key":"Sundial"},{"floor":27,"key":"Vajra"},{"floor":30,"key":"Frozen Egg 2"},{"floor":36,"key":"Girya"},{"floor":40,"key":"Blood Vial"},{"floor":40,"key":"Regal Pillow"},{"floor":42,"key":"PreservedInsect"},{"floor":42,"key":"Whetstone"},{"floor":43,"key":"CeramicFish"},{"floor":54,"key":"Bird Faced Urn"},{"floor":54,"key":"Orichalcum"}],"event_choices":[{"damage_healed":0,"gold_gain":0,"player_choice":"Grow","damage_taken":0,"max_hp_gain":0,"max_hp_loss":0,"event_name":"Living Wall","floor":5,"gold_loss":0,"cards_upgraded":["Bash"]},{"cards_removed":["Strike_R"],"damage_healed":0,"gold_gain":0,"player_choice":"Purged","damage_taken":0,"max_hp_gain":0,"max_hp_loss":0,"event_name":"Purifier","floor":11,"gold_loss":0},{"damage_healed":0,"gold_gain":0,"player_choice":"Read","damage_taken":0,"max_hp_gain":0,"max_hp_loss":0,"event_name":"The Library","floor":24,"gold_loss":0,"cards_obtained":["Perfected Strike"]},{"damage_healed":0,"gold_gain":0,"player_choice":"Fight","damage_taken":0,"max_hp_gain":0,"max_hp_loss":0,"event_name":"MindBloom","floor":36,"gold_loss":0},{"damage_healed":0,"gold_gain":0,"player_choice":"Memory 1","damage_taken":0,"max_hp_gain":0,"max_hp_loss":0,"event_name":"SensoryStone","floor":37,"gold_loss":0},{"cards_removed":["Defend_R"],"damage_healed":0,"gold_gain":0,"player_choice":"Removed Skill","damage_taken":0,"max_hp_gain":0,"max_hp_loss":0,"event_name":"Falling","floor":38,"gold_loss":0},{"damage_healed":0,"gold_gain":0,"player_choice":"Forge","damage_taken":0,"max_hp_gain":0,"max_hp_loss":0,"event_name":"Accursed Blacksmith","floor":39,"gold_loss":0,"cards_upgraded":["Pummel"]},{"damage_healed":33,"gold_gain":0,"player_choice":"Writhe","damage_taken":0,"max_hp_gain":0,"max_hp_loss":0,"event_name":"Winding Halls","floor":46,"gold_loss":0,"cards_obtained":["Writhe"]}],"is_beta":false,"boss_relics":[{"not_picked":["Runic Cube","Runic Dome"],"picked":"Calling Bell"},{"not_picked":["Pandora\u0027s Box","Fusion Hammer"],"picked":"Black Star"}],"items_purged_floors":[],"is_endless":false,"potions_floor_spawned":[1,3,6,16,27,30,33,35,40,44],"killed_by":"The Heart","ascension_level":2}}