{"host":"4eao2pkwlmv012cz","time":1614055991,"event":{"mods":["BaseMod","Bestiary","Bossed Relics","Colored Powertips","Minty Spire (QoL Compilation)","Permanent Neow","Quick Restart","Random Character Button","StSLib"],"gold_per_floor":[144,189,169,169,214,214,164,164,164],"floor_reached":8,"language":"ENG","playtime":229,"items_purged":[],"score":71,"play_id":"ce1dfd94-bd61-465d-bf3e-3a24761179cf","local_time":"20210222235311","daily_mods":["Draft","Flight","Midas"],"is_ascension_mode":false,"campfire_choices":[{"floor":6,"key":"REST"}],"circlet_count":0,"master_deck":["Spot Weakness","Battle Trance","Armaments","Flame Barrier","Heavy Blade","Heavy Blade","Flex","True Grit","Pummel","Flex","Heavy Blade","Heavy Blade","Uppercut","True Grit","Entrench","Battle Trance"],"relics":["Burning Blood"],"acts_visited":["Exordium"],"potions_floor_usage":[],"damage_taken":[{"damage":0,"enemies":"Jaw Worm","floor":1,"turns":2},{"damage":0,"enemies":"Cultist","floor":2,"turns":3},{"damage":0,"enemies":"2 Louse","floor":5,"turns":2},{"damage":0,"enemies":"Gremlin Nob","floor":8,"turns":1}],"seed_played":"-7386017133472573341","potions_obtained":[{"floor":1,"key":"DistilledChaos"},{"floor":2,"key":"Dexterity Potion"},{"floor":3,"key":"Dexterity Potion"}],"is_trial":false,"path_per_floor":["M","M","?","$","M","R","?","E"],"character_chosen":"IRONCLAD","items_purchased":[],"campfire_rested":1,"item_purchase_floors":[],"current_hp_per_floor":[80,80,80,80,80,80,80,80,80],"gold":164,"neow_bonus":"","is_daily":true,"chose_seed":false,"campfire_upgraded":0,"win_rate":0.0,"timestamp":1614055991,"path_taken":["M","M","?","$","?","R","?","E"],"items_purchased_type":[],"build_version":"2020-12-22","purchased_purges":0,"victory":false,"max_hp_per_floor":[80,80,80,80,80,80,80,80,80],"card_choices":[{"not_picked":["Entrench","Thunderclap"],"picked":"Spot Weakness","floor":0},{"not_picked":["True Grit","Evolve"],"picked":"Battle Trance","floor":0},{"not_picked":["Body Slam","Iron Wave"],"picked":"Armaments","floor":0},{"not_picked":["Searing Blow","Shrug It Off"],"picked":"Flame Barrier","floor":0},{"not_picked":["Flex","Shockwave"],"picked":"Heavy Blade","floor":0},{"not_picked":["Clash","Wild Strike"],"picked":"Heavy Blade","floor":0},{"not_picked":["Infernal Blade","Thunderclap"],"picked":"Flex","floor":0},{"not_picked":["Iron Wave","Body Slam"],"picked":"Heavy Blade","floor":0},{"not_picked":["Pommel Strike","Rampage"],"picked":"True Grit","floor":0},{"not_picked":["Reckless Charge","Headbutt"],"picked":"Pummel","floor":0},{"not_picked":["Cleave","Body Slam"],"picked":"Flex","floor":0},{"not_picked":["Anger","Perfected Strike"],"picked":"Heavy Blade","floor":0},{"not_picked":["Iron Wave","Warcry"],"picked":"Heavy Blade","floor":0},{"not_picked":["Pommel Strike","Battle Trance"],"picked":"Uppercut","floor":0},{"not_picked":["Perfected Strike","Headbutt"],"picked":"True Grit","floor":0},{"not_picked":["Heavy Blade","Anger","Sword Boomerang"],"picked":"SKIP","floor":1},{"not_picked":["Armaments","Shrug It Off"],"picked":"Entrench","floor":2},{"not_picked":["True Grit","Flex"],"picked":"Battle Trance","floor":5}],"player_experience":2945706,"relics_obtained":[],"event_choices":[{"damage_healed":0,"gold_gain":0,"player_choice":"Bought 1 Potion","damage_taken":0,"max_hp_gain":0,"max_hp_loss":0,"event_name":"The Woman in Blue","floor":3,"gold_loss":0},{"cards_removed":["Heavy Blade"],"damage_healed":0,"gold_gain":0,"player_choice":"Card Removal","damage_taken":0,"max_hp_gain":0,"max_hp_loss":0,"event_name":"The Cleric","floor":7,"gold_loss":50}],"is_beta":false,"boss_relics":[],"items_purged_floors":[],"is_endless":false,"potions_floor_spawned":[1,2],"killed_by":"Gremlin Nob","ascension_level":0}}