{"host":"h3ogdo6no3ehk88q","time":1614120579,"event":{"mods":["AchievementEnabler","BaseMod","Minty Spire (QoL Compilation)","StSLib","SuperFastMode"],"gold_per_floor":[113,126,136,146,146,146,174,7,7,60,86,86,97,154,165,185,200,217,251,251,325,325,325,401,401,420,345,363,363,382,382,382],"floor_reached":31,"language":"ENG","playtime":936,"items_purged":[],"score":661,"play_id":"896b241a-2a83-4cfb-bb33-ee902bad4d06","local_time":"20210223174939","is_ascension_mode":true,"campfire_choices":[{"data":"True Grit","floor":6,"key":"SMITH"},{"data":"Feed","floor":9,"key":"SMITH"},{"floor":12,"key":"RECALL"},{"data":"Uppercut","floor":20,"key":"SMITH"},{"floor":23,"key":"REST"}],"circlet_count":0,"master_deck":["AscendersBane","Strike_R+1","Strike_R","Strike_R","Strike_R","Defend_R","Defend_R","Defend_R","Defend_R","Bash","Feed+1","True Grit+1","Feel No Pain","Reaper+1","Uppercut+1","Twin Strike","Spot Weakness","Limit Break","Feed"],"relics":["Burning Blood","Pantograph","Membership Card","MealTicket","Whetstone","Orichalcum","Black Star","SlaversCollar"],"acts_visited":["Exordium","TheCity"],"potions_floor_usage":[4,16,19,21,26,30,31],"damage_taken":[{"damage":11,"enemies":"Cultist","floor":1,"turns":4},{"damage":17,"enemies":"Small Slimes","floor":2,"turns":5},{"damage":4,"enemies":"Jaw Worm","floor":3,"turns":4},{"damage":22,"enemies":"Exordium Wildlife","floor":4,"turns":7},{"damage":43,"enemies":"3 Sentries","floor":7,"turns":16},{"damage":3,"enemies":"3 Louse","floor":13,"turns":3},{"damage":11,"enemies":"Large Slime","floor":15,"turns":9},{"damage":10,"enemies":"Looter","floor":16,"turns":4},{"damage":18,"enemies":"Exordium Thugs","floor":17,"turns":5},{"damage":27,"enemies":"3 Louse","floor":18,"turns":3},{"damage":23,"enemies":"Lagavulin","floor":19,"turns":5},{"damage":73,"enemies":"Slime Boss","floor":21,"turns":13},{"damage":27,"enemies":"Slime Boss","floor":24,"turns":9},{"damage":2,"enemies":"Chosen","floor":26,"turns":4},{"damage":41,"enemies":"3 Byrds","floor":28,"turns":6},{"damage":44,"enemies":"Shelled Parasite and Fungi","floor":30,"turns":5},{"damage":98,"enemies":"Cultist and Chosen","floor":31,"turns":10}],"seed_played":"7459915483099997518","potions_obtained":[{"floor":1,"key":"FearPotion"},{"floor":7,"key":"SkillPotion"},{"floor":13,"key":"Swift Potion"},{"floor":17,"key":"Strength Potion"},{"floor":19,"key":"Fire Potion"},{"floor":24,"key":"SkillPotion"},{"floor":26,"key":"Dexterity Potion"}],"is_trial":false,"path_per_floor":["M","M","M","M","?","R","E","$","R","T","T","R","M","?","M","M","M","M","E","R","B",null,"R","B",null,"M","?","M","?","M","M"],"character_chosen":"IRONCLAD","items_purchased":["Membership Card","Uppercut"],"campfire_rested":1,"item_purchase_floors":[8,8],"current_hp_per_floor":[63,55,60,44,71,71,48,48,48,48,48,48,70,70,69,74,74,77,64,64,58,58,90,112,112,115,115,97,97,75,0,0],"gold":382,"neow_bonus":"ONE_RANDOM_RARE_CARD","is_daily":false,"chose_seed":false,"campfire_upgraded":3,"win_rate":0.0,"timestamp":1614120579,"path_taken":["M","M","M","?","?","R","E","$","R","T","T","R","M","?","M","M","?","M","E","R","BOSS","R","BOSS","M","?","M","?","M","M"],"items_purchased_type":["Relic","Card"],"build_version":"2020-12-22","purchased_purges":0,"victory":false,"max_hp_per_floor":[75,78,81,81,81,81,84,84,84,84,84,84,88,88,92,96,100,100,104,104,108,108,108,112,112,115,115,122,122,126,126,126],"card_choices":[{"not_picked":["Heavy Blade","Iron Wave"],"picked":"True Grit","floor":1},{"not_picked":["Anger","Evolve","Rampage"],"picked":"SKIP","floor":2},{"not_picked":["Heavy Blade","Flex"],"picked":"Feel No Pain","floor":3},{"not_picked":["Power Through","Dark Embrace"],"picked":"Reaper","floor":4},{"not_picked":["Havoc","Power Through","Juggernaut"],"picked":"SKIP","floor":7},{"not_picked":["Dark Embrace","Pummel"],"picked":"Twin Strike","floor":13},{"not_picked":["Thunderclap","Pommel Strike","Flex"],"picked":"SKIP","floor":15},{"not_picked":["Shrug It Off","Heavy Blade"],"picked":"Spot Weakness","floor":16},{"not_picked":["Cleave","Anger","Perfected Strike"],"picked":"SKIP","floor":17},{"not_picked":["Sentinel","Twin Strike","Dropkick"],"picked":"SKIP","floor":18},{"not_picked":["Armaments","Dual Wield","Clash"],"picked":"SKIP","floor":19},{"not_picked":["Berserk","Exhume"],"picked":"Limit Break","floor":21},{"not_picked":["Brutality","Barricade"],"picked":"Feed","floor":24},{"not_picked":["Anger","Armaments","Flex"],"picked":"SKIP","floor":26},{"not_picked":["Anger","Twin Strike","Second Wind"],"picked":"SKIP","floor":28},{"not_picked":["Second Wind+1","Dual Wield","Havoc"],"picked":"SKIP","floor":30}],"player_experience":882555,"relics_obtained":[{"floor":7,"key":"Pantograph"},{"floor":10,"key":"MealTicket"},{"floor":11,"key":"Whetstone"},{"floor":19,"key":"Orichalcum"}],"event_choices":[{"damage_healed":27,"gold_gain":0,"player_choice":"Banana","damage_taken":0,"max_hp_gain":0,"max_hp_loss":0,"event_name":"Big Fish","floor":5,"gold_loss":0},{"damage_healed":0,"gold_gain":57,"player_choice":"Gained Gold","damage_taken":0,"max_hp_gain":0,"max_hp_loss":0,"event_name":"Golden Wing","floor":14,"gold_loss":0},{"cards_removed":["Strike_R"],"damage_healed":0,"gold_gain":0,"player_choice":"Gave Gold","damage_taken":0,"max_hp_gain":0,"max_hp_loss":0,"event_name":"Beggar","floor":27,"gold_loss":75},{"damage_healed":0,"gold_gain":0,"player_choice":"Ignored","damage_taken":0,"max_hp_gain":0,"max_hp_loss":0,"event_name":"The Mausoleum","floor":29,"gold_loss":0}],"is_beta":false,"boss_relics":[{"not_picked":["Empty Cage","Pandora\u0027s Box"],"picked":"Black Star"},{"not_picked":["Busted Crown","Velvet Choker"],"picked":"SlaversCollar"}],"items_purged_floors":[],"is_endless":false,"potions_floor_spawned":[1,7,13,17,19,24,26],"killed_by":"Cultist and Chosen","ascension_level":15}}