{"host":"snd6571rw3150vxe","time":1614124074,"event":{"mods":["AchievementEnabler","BaseMod","Bestiary","Colored Powertips","Highlight Path","Minty Spire (QoL Compilation)","Quick Restart","Random Character Button","Relic Stats","StSLib","slay the spire mod where everything is the same but ironclad has a cowboy hat"],"gold_per_floor":[112,187,204,217,217,249,424,424,478,489,505,540,540,566,566,664,664,676,601,601,588,605,605,634,689,736,750,750,760,760,435,435,534,534,554,554,9,0,0,34,43,117,168,227,261,285,312,326,326,326],"floor_reached":51,"language":"ENG","playtime":8190,"items_purged":["Strike_B"],"score":1006,"play_id":"ac7c324a-e5a1-4585-b52a-5ec8eb37adab","local_time":"20210224014754","is_ascension_mode":true,"campfire_choices":[{"floor":13.0,"key":"REST"},{"floor":15.0,"key":"REST"},{"floor":23,"key":"REST"},{"floor":28,"key":"REST"},{"floor":30,"key":"REST"},{"data":"Defragment","floor":32,"key":"SMITH"},{"floor":41,"key":"REST"},{"floor":49,"key":"REST"}],"circlet_count":0,"master_deck":["Strike_B","Strike_B+1","Defend_B+1","Defend_B","Defend_B","Zap","Dualcast","Defragment+1","Glacier","Blizzard","Sweeping Beam","Rebound","Buffer","Hologram+1","Ball Lightning+1","Ball Lightning+1","Chaos","Defragment","Defragment+1","Electrodynamics","Go for the Eyes+1","Leap+1","Echo Form+1","Cold Snap+1","Barrage+1"],"relics":["Cracked Core","Tiny Chest","Strawberry","Symbiotic Virus","Toy Ornithopter","Inserter","Gremlin Horn","Regal Pillow","Dream Catcher","Akabeko","Philosopher\u0027s Stone","Thread and Needle","Meat on the Bone","Red Mask","CeramicFish","Frozen Egg 2","Blood Vial","Pocketwatch","Smiling Mask"],"acts_visited":["Exordium","TheCity","TheBeyond"],"potions_floor_usage":[24,24,46,50],"damage_taken":[{"damage":1.0,"enemies":"2 Louse","floor":1.0,"turns":3.0},{"damage":7.0,"enemies":"Jaw Worm","floor":3.0,"turns":4.0},{"damage":0.0,"enemies":"Small Slimes","floor":4.0,"turns":3.0},{"damage":16.0,"enemies":"3 Sentries","floor":6.0,"turns":10.0},{"damage":0.0,"enemies":"Blue Slaver","floor":10.0,"turns":4.0},{"damage":1.0,"enemies":"Red Slaver","floor":11.0,"turns":5.0},{"damage":10.0,"enemies":"Lagavulin","floor":12.0,"turns":8.0},{"damage":9,"enemies":"The Guardian","floor":16,"turns":18},{"damage":19,"enemies":"Chosen","floor":18,"turns":8},{"damage":9,"enemies":"2 Thieves","floor":21,"turns":5},{"damage":13,"enemies":"Centurion and Healer","floor":22,"turns":13},{"damage":39,"enemies":"Book of Stabbing","floor":24,"turns":9},{"damage":21,"enemies":"Chosen and Byrds","floor":27,"turns":8},{"damage":19,"enemies":"Cultist and Chosen","floor":29,"turns":4},{"damage":83,"enemies":"Collector","floor":33,"turns":12},{"damage":20,"enemies":"3 Darklings","floor":35,"turns":6},{"damage":23,"enemies":"Reptomancer","floor":40,"turns":6},{"damage":2,"enemies":"Mind Bloom Boss Battle","floor":44,"turns":6},{"damage":16,"enemies":"Nemesis","floor":45,"turns":9},{"damage":7,"enemies":"3 Shapes","floor":46,"turns":4},{"damage":11,"enemies":"Sphere and 2 Shapes","floor":47,"turns":5},{"damage":8,"enemies":"Transient","floor":48,"turns":5},{"damage":18,"enemies":"Time Eater","floor":50,"turns":10}],"seed_played":"-3724008232133650392","potions_obtained":[{"floor":0.0,"key":"DistilledChaos"},{"floor":0.0,"key":"Fire Potion"},{"floor":0.0,"key":"DistilledChaos"},{"floor":6.0,"key":"FocusPotion"},{"floor":21,"key":"Block Potion"},{"floor":35,"key":"ColorlessPotion"},{"floor":40,"key":"Ancient Potion"},{"floor":46,"key":"Strength Potion"},{"floor":47,"key":"Energy Potion"}],"is_trial":false,"path_per_floor":["M","?","M","M","?","E","?","?","T","M","M","E","R","T","R","B",null,"M","?","?","M","M","R","E","T","T","M","R","M","R","$","R","B",null,"M","?","$","?","?","E","R","T","T","?","E","M","M","M","R","B",null],"character_chosen":"DEFECT","items_purchased":["FairyPotion","Akabeko","Thread and Needle","Meat on the Bone"],"campfire_rested":7,"item_purchase_floors":[31,31,37,37],"current_hp_per_floor":[67,56,49,49,49,33,33,18,25,25,24,14,38,38,62,53,75,56,56,56,47,34,58,29,29,29,8,47,28,67,67,67,8,64,44,44,44,44,44,33,72,72,72,72,58,58,49,43,82,69],"gold":326,"neow_bonus":"THREE_SMALL_POTIONS","is_daily":false,"chose_seed":false,"campfire_upgraded":1,"win_rate":0.0,"timestamp":1614124074,"path_taken":["M","?","M","M","?","E","?","?","T","M","?","E","R","?","R","BOSS","M","?","?","?","M","R","E","?","T","M","R","M","R","$","R","BOSS","M","?","$","?","?","E","R","?","T","?","E","?","M","M","R","BOSS"],"items_purchased_type":["Potion","Relic","Relic","Relic"],"build_version":"2020-12-22","purchased_purges":1,"victory":true,"max_hp_per_floor":[75,75,75,75,75,75,75,75,82,82,82,82,82,82,82,82,82,82,82,82,82,82,82,82,82,82,82,82,82,82,82,82,82,82,82,82,82,82,82,82,82,82,82,82,82,82,82,82,82,82],"relic_stats":{"Regal Pillow":60,"Inserter":[55],"Gremlin Horn":[17,17],"counters":[23,165],"CeramicFish":54,"Smiling Mask":0,"Blood Vial":10,"Dream Catcher":4,"Tiny Chest":3,"obtain_stats":[{"Regal Pillow":25,"Inserter":17,"Gremlin Horn":24,"CeramicFish":40,"Thread and Needle":37,"Frozen Egg 2":42,"Smiling Mask":45,"Akabeko":31,"Blood Vial":43,"Dream Catcher":26,"Strawberry":9,"Tiny Chest":6,"Philosopher\u0027s Stone":34,"Red Mask":38,"Cracked Core":0,"Symbiotic Virus":12,"Toy Ornithopter":14,"Meat on the Bone":37,"Pocketwatch":44},{"Regal Pillow":12,"Inserter":8,"Gremlin Horn":12,"CeramicFish":17,"Thread and Needle":16,"Frozen Egg 2":17,"Smiling Mask":19,"Akabeko":14,"Blood Vial":17,"Dream Catcher":12,"Strawberry":4,"Tiny Chest":4,"Philosopher\u0027s Stone":15,"Red Mask":16,"Cracked Core":0,"Symbiotic Virus":7,"Toy Ornithopter":7,"Meat on the Bone":16,"Pocketwatch":18},{"Regal Pillow":90,"Inserter":55,"Gremlin Horn":90,"CeramicFish":126,"Thread and Needle":120,"Frozen Egg 2":126,"Smiling Mask":141,"Akabeko":102,"Blood Vial":126,"Dream Catcher":90,"Strawberry":20,"Tiny Chest":20,"Philosopher\u0027s Stone":114,"Red Mask":120,"Cracked Core":0,"Symbiotic Virus":37,"Toy Ornithopter":37,"Meat on the Bone":120,"Pocketwatch":132}],"Toy Ornithopter":20,"Meat on the Bone":12,"Pocketwatch":[30]},"card_choices":[{"not_picked":["Conserve Battery","Redo"],"picked":"Defragment","floor":1.0},{"not_picked":["Conserve Battery","Chaos"],"picked":"Glacier","floor":3.0},{"not_picked":["Stack","Coolheaded"],"picked":"Blizzard","floor":4.0},{"not_picked":["Storm","Tempest","Hello World"],"picked":"SKIP","floor":6.0},{"not_picked":["Chill","Leap"],"picked":"Sweeping Beam","floor":10.0},{"not_picked":["Hologram","Coolheaded"],"picked":"Rebound","floor":11.0},{"not_picked":["Coolheaded","Meteor Strike","Leap"],"picked":"SKIP","floor":12.0},{"not_picked":["Core Surge","Multi-Cast"],"picked":"Buffer","floor":16},{"not_picked":["Redo","Tempest"],"picked":"Hologram+1","floor":18},{"not_picked":["Force Field","Conserve Battery","Doom and Gloom"],"picked":"SKIP","floor":21},{"not_picked":["Scrape","Turbo+1","Skim"],"picked":"SKIP","floor":22},{"not_picked":["Gash","Coolheaded+1"],"picked":"Ball Lightning+1","floor":24},{"not_picked":["Sweeping Beam","Rebound"],"picked":"Ball Lightning+1","floor":27},{"not_picked":["Rip and Tear+1","Turbo+1"],"picked":"Chaos","floor":28},{"not_picked":["Leap","Echo Form"],"picked":"Defragment","floor":29},{"not_picked":["Double Energy+1","Barrage","Beam Cell"],"picked":"SKIP","floor":35},{"not_picked":["Gash","Beam Cell"],"picked":"Electrodynamics","floor":40},{"not_picked":["Coolheaded","Chill+1"],"picked":"Go for the Eyes+1","floor":41},{"not_picked":["Conserve Battery","Gash"],"picked":"Leap+1","floor":44},{"not_picked":["Cold Snap","Amplify"],"picked":"Echo Form+1","floor":45},{"not_picked":["Beam Cell+1","Compile Driver+1"],"picked":"Cold Snap+1","floor":46},{"not_picked":["Compile Driver","Force Field+1"],"picked":"Barrage+1","floor":47},{"not_picked":["Go for the Eyes","Tempest+1","Cold Snap"],"picked":"SKIP","floor":48}],"player_experience":401929,"relics_obtained":[{"floor":6.0,"key":"Tiny Chest"},{"floor":9.0,"key":"Strawberry"},{"floor":12.0,"key":"Symbiotic Virus"},{"floor":14.0,"key":"Toy Ornithopter"},{"floor":24,"key":"Gremlin Horn"},{"floor":25,"key":"Regal Pillow"},{"floor":26,"key":"Dream Catcher"},{"floor":40,"key":"CeramicFish"},{"floor":42,"key":"Frozen Egg 2"},{"floor":43,"key":"Blood Vial"},{"floor":44,"key":"Pocketwatch"},{"floor":45,"key":"Smiling Mask"}],"event_choices":[{"damage_healed":0.0,"max_hp_gain":0.0,"max_hp_loss":0.0,"gold_gain":75.0,"event_name":"World of Goop","player_choice":"Gather Gold","floor":2.0,"gold_loss":0.0,"damage_taken":11.0},{"damage_healed":0.0,"max_hp_gain":0.0,"max_hp_loss":0.0,"gold_gain":0.0,"event_name":"Golden Wing","player_choice":"Ignored","floor":5.0,"gold_loss":0.0,"damage_taken":0.0},{"damage_healed":0.0,"max_hp_gain":0.0,"max_hp_loss":0.0,"gold_gain":175.0,"event_name":"Liars Game","player_choice":"AGREE","floor":7.0,"gold_loss":0.0,"damage_taken":0.0,"cards_obtained":["Doubt"]},{"damage_healed":0.0,"max_hp_gain":0.0,"max_hp_loss":0.0,"gold_gain":0.0,"event_name":"Shining Light","player_choice":"Entered Light","floor":8.0,"gold_loss":0.0,"damage_taken":15.0,"cards_upgraded":["Strike_B","Defend_B"]},{"cards_removed":["Doubt"],"damage_healed":0,"gold_gain":0,"player_choice":"Gave Gold","damage_taken":0,"max_hp_gain":0,"max_hp_loss":0,"event_name":"Beggar","floor":19,"gold_loss":75},{"cards_removed":["Strike_B"],"damage_healed":0,"gold_gain":0,"player_choice":"Offered Basic","damage_taken":0,"max_hp_gain":0,"max_hp_loss":0,"event_name":"Bonfire Elementals","floor":20,"gold_loss":0},{"cards_removed":["Defend_B"],"damage_healed":0,"gold_gain":0,"player_choice":"Removed Skill","damage_taken":0,"max_hp_gain":0,"max_hp_loss":0,"event_name":"Falling","floor":36,"gold_loss":0},{"damage_healed":0,"gold_gain":0,"player_choice":"Paid","damage_taken":0,"relics_obtained":["Red Mask"],"max_hp_gain":0,"max_hp_loss":0,"event_name":"Tomb of Lord Red Mask","floor":38,"gold_loss":9},{"damage_healed":0,"gold_gain":0,"player_choice":"Copied","damage_taken":0,"max_hp_gain":0,"max_hp_loss":0,"event_name":"Duplicator","floor":39,"gold_loss":0,"cards_obtained":["Defragment"]},{"damage_healed":0,"gold_gain":0,"player_choice":"Fight","damage_taken":0,"max_hp_gain":0,"max_hp_loss":0,"event_name":"MindBloom","floor":44,"gold_loss":0}],"is_beta":false,"boss_relics":[{"not_picked":["Nuclear Battery","Tiny House"],"picked":"Inserter"},{"not_picked":["SacredBark","Astrolabe"],"picked":"Philosopher\u0027s Stone"}],"items_purged_floors":[31],"is_endless":false,"potions_floor_spawned":[1,6,21,35,40,46,47],"ascension_level":8}}