{"host":"e8hwgc5hwysw32tq","time":1614065477,"event":{"mods":["BaseMod","Downfall","Googly Eyes","Minty Spire (QoL Compilation)","StSLib","Together in Spire"],"gold_per_floor":[99,99,119,136,46,46,70,111,120,120,158,177,219,378,391,498,498,498,517,99,99,99,140,163,207,207,225,249,288,288,330,343,448,448,448,465,484,495,505,560,560,595,595,645,683,683,703,733,747,747,747,747],"floor_reached":50,"language":"ENG","playtime":4554,"items_purged":["hexamod:Defend","hexamod:Defend"],"score":735,"play_id":"49a6d1ba-05d5-419a-856d-a6d6e714b3ad","local_time":"20210222233117","is_ascension_mode":true,"campfire_choices":[{"data":"hexamod:Sear","floor":1.0,"key":"SMITH"},{"floor":10.0,"key":"REST"},{"data":"1","floor":18.0,"key":"LIFT"},{"floor":26.0,"key":"REST"},{"data":"expansioncontent:StudyTheSpire","floor":30.0,"key":"SMITH"},{"floor":35.0,"key":"RECALL"},{"floor":43,"key":"REST"}],"circlet_count":0,"master_deck":["hexamod:Strike+1","hexamod:Strike+1","hexamod:Strike+1","hexamod:Defend+1","hexamod:Defend+1","hexamod:Sear+1","hexamod:Float","hexamod:EmpoweredFlame","hexamod:ShieldOfDarkness+1","hexamod:FastForward+1","hexamod:Hexaguard+1","downfall:Malfunctioning","hexamod:SpectralSpark","hexamod:NecessarySacrifice","hexamod:Hexaguard","downfall:Icky","hexamod:TimeOfNeed","hexamod:GhostLash+1","expansioncontent:StudyTheSpire+1","hexamod:CatchUp","hexamod:GhostShield+1","hexamod:WildfireWeapon","Bandage Up","hexamod:FlamesFromBeyond+1","hexamod:RetreatToShadows","hexamod:AdvancingGuard+1","hexamod:TimeOfNeed","hexamod:PowerFromBeyond+1","hexamod:InspiringFlames","hexamod:RecurringNightmare+1"],"relics":["hexamod:SpiritBrand","Regal Pillow","downfall:ShatteredFragment","Bag of Marbles","CeramicFish","Girya","StrikeDummy","Busted Crown","TheAbacus","Pen Nib","Ancient Tea Set","Art of War","Ginger","War Paint","Fusion Hammer","Du-Vu Doll","Toy Ornithopter","Orichalcum","Shovel","Juzu Bracelet","Anchor"],"acts_visited":["Exordium","TheCity","TheBeyond"],"potions_floor_usage":[50,50],"damage_taken":[{"damage":1.0,"enemies":"Jaw Worm","floor":3.0,"turns":3.0},{"damage":0.0,"enemies":"2 Louse","floor":4.0,"turns":2.0},{"damage":0.0,"enemies":"downfall:FleeingMerchant","floor":5.0,"turns":4.0},{"damage":11.0,"enemies":"Gremlin Nob","floor":8.0,"turns":3.0},{"damage":10.0,"enemies":"Lagavulin","floor":11.0,"turns":6.0},{"damage":0.0,"enemies":"Cultist","floor":12.0,"turns":3.0},{"damage":8.0,"enemies":"3 Sentries","floor":13.0,"turns":6.0},{"damage":0.0,"enemies":"Large Slime","floor":15.0,"turns":5.0},{"damage":4.0,"enemies":"SI_SHIV_ARCHETYPE","floor":16.0,"turns":6.0},{"damage":0.0,"enemies":"Chosen","floor":19.0,"turns":3.0},{"damage":0.0,"enemies":"downfall:FleeingMerchant","floor":20.0,"turns":4.0},{"damage":24.0,"enemies":"Book of Stabbing","floor":23.0,"turns":5.0},{"damage":7.0,"enemies":"Slavers","floor":25.0,"turns":5.0},{"damage":13.0,"enemies":"Shell Parasite","floor":28.0,"turns":4.0},{"damage":14.0,"enemies":"Gremlin Leader","floor":29.0,"turns":5.0},{"damage":13.0,"enemies":"Book of Stabbing","floor":31.0,"turns":4.0},{"damage":0.0,"enemies":"Centurion and Healer","floor":32.0,"turns":4.0},{"damage":31.0,"enemies":"DF_ARCHETYPE_CLAW","floor":33.0,"turns":8.0},{"damage":8.0,"enemies":"3 Shapes","floor":36.0,"turns":4.0},{"damage":0.0,"enemies":"Orb Walker","floor":37.0,"turns":3.0},{"damage":0.0,"enemies":"Jaw Worm Horde","floor":38.0,"turns":4.0},{"damage":9.0,"enemies":"Writhing Mass","floor":39.0,"turns":6.0},{"damage":40.0,"enemies":"2 Orb Walkers","floor":40.0,"turns":6.0},{"damage":19,"enemies":"Nemesis","floor":42,"turns":5},{"damage":15,"enemies":"Nemesis","floor":44,"turns":5},{"damage":6,"enemies":"Giant Head","floor":45,"turns":7},{"damage":6,"enemies":"Transient","floor":47,"turns":5},{"damage":19,"enemies":"Nemesis","floor":48,"turns":5},{"damage":8,"enemies":"Spire Growth","floor":49,"turns":4},{"damage":69,"enemies":"WA_ARCHETYPE_DIVINITY","floor":50,"turns":5}],"seed_played":"-854016527588919620","potions_obtained":[{"floor":3.0,"key":"SkillPotion"},{"floor":12.0,"key":"EssenceOfSteel"},{"floor":15.0,"key":"SneckoOil"},{"floor":23.0,"key":"GamblersBrew"},{"floor":28.0,"key":"hexamod:DoubleChargePotion"},{"floor":29.0,"key":"AttackPotion"},{"floor":31.0,"key":"SteroidPotion"},{"floor":38.0,"key":"hexamod:DoubleChargePotion"}],"is_trial":false,"path_per_floor":["R","?","M","M","$","?","T","E","?","R","E","M","E","?","M","B",null,"R","M","$","?","?","E","T","E","R","?","M","E","R","E","M","B",null,"R","M","M","M","M","?","T","E","R","?","E","?","M","E","M","B"],"character_chosen":"THE_SPIRIT","items_purchased":["expansioncontent:StudyTheSpire","TheAbacus"],"campfire_rested":3,"item_purchase_floors":[20,20],"current_hp_per_floor":[70,49,48,48,48,48,48,37,37,70,60,60,52,52,52,48,70,70,70,70,57,57,33,33,26,63,63,54,44,44,35,39,12,75,75,67,71,75,70,34,34,19,56,45,43,43,41,26,22,0,0,0],"gold":747,"neow_bonus":"RANDOM_COMMON_RELIC","is_daily":false,"chose_seed":false,"campfire_upgraded":2,"win_rate":0.0,"timestamp":1614065477,"path_taken":["R","?","M","M","$","?","T","E","?","R","E","M","E","?","M","BOSS","R","M","$","?","?","E","T","E","R","?","M","E","R","E","M","BOSS","R","M","M","M","?","?","T","E","R","?","E","?","M","E","M","BOSS"],"items_purchased_type":["Card","Relic"],"build_version":"2020-12-22","purchased_purges":2,"victory":false,"max_hp_per_floor":[70,70,70,70,70,70,70,70,70,70,70,70,70,70,70,70,70,70,70,70,75,75,75,75,75,75,75,75,75,75,75,75,75,75,75,75,75,75,75,75,75,75,75,75,75,75,75,75,75,75,75,75],"card_choices":[{"not_picked":["hexamod:HauntingEcho","hexamod:FlamesFromBeyond"],"picked":"hexamod:EmpoweredFlame","floor":3.0},{"not_picked":["hexamod:EtherealExpedition","hexamod:HeatMetal"],"picked":"hexamod:ShieldOfDarkness","floor":4.0},{"not_picked":["hexamod:Hexaguard","hexamod:HeatMetal"],"picked":"hexamod:FastForward","floor":5.0},{"not_picked":["hexamod:HeatCrush","hexamod:GhostLash"],"picked":"hexamod:Hexaguard","floor":8.0},{"not_picked":["hexamod:Hexaguard","hexamod:SpectersWail"],"picked":"hexamod:SpectralSpark","floor":11.0},{"not_picked":["hexamod:SearingWound","hexamod:RainOfEmbers"],"picked":"hexamod:NecessarySacrifice","floor":12.0},{"not_picked":["hexamod:GhostLash","hexamod:Incineration"],"picked":"hexamod:Hexaguard","floor":13.0},{"not_picked":["hexamod:ThermalTransfer","hexamod:Firestarter","hexamod:NightmareStrike"],"picked":"SKIP","floor":15.0},{"not_picked":["hexamod:VolcanoVisage","hexamod:Toasty"],"picked":"hexamod:TimeOfNeed","floor":16.0},{"not_picked":["hexamod:ThermalTransfer"],"picked":"SKIP","floor":19.0},{"not_picked":[],"picked":"hexamod:GhostLash+1","floor":20.0},{"not_picked":[],"picked":"hexamod:CatchUp","floor":23.0},{"not_picked":[],"picked":"hexamod:GhostShield+1","floor":25.0},{"not_picked":[],"picked":"hexamod:FlamesFromBeyond","floor":28.0},{"not_picked":[],"picked":"hexamod:RetreatToShadows","floor":29.0},{"not_picked":[],"picked":"hexamod:AdvancingGuard+1","floor":31.0},{"not_picked":["hexamod:AdvancingGuard"],"picked":"SKIP","floor":32.0},{"not_picked":[],"picked":"hexamod:TimeOfNeed","floor":33.0},{"not_picked":["hexamod:GhostOfSpirePast"],"picked":"SKIP","floor":36.0},{"not_picked":["hexamod:HeatShield+1"],"picked":"SKIP","floor":37.0},{"not_picked":["hexamod:NightmareGuise"],"picked":"SKIP","floor":38.0},{"not_picked":["hexamod:EtherealExpedition"],"picked":"SKIP","floor":39.0},{"not_picked":[],"picked":"hexamod:PowerFromBeyond+1","floor":40.0},{"not_picked":["hexamod:RetreatToShadows"],"picked":"SKIP","floor":42},{"not_picked":[],"picked":"hexamod:InspiringFlames","floor":45},{"not_picked":[],"picked":"hexamod:RecurringNightmare+1","floor":47},{"not_picked":["hexamod:SkipABeat"],"picked":"SKIP","floor":48},{"not_picked":["hexamod:SpectralSpark"],"picked":"SKIP","floor":49}],"player_experience":478773,"relics_obtained":[{"floor":7.0,"key":"Bag of Marbles"},{"floor":8.0,"key":"CeramicFish"},{"floor":11.0,"key":"Girya"},{"floor":13.0,"key":"StrikeDummy"},{"floor":23.0,"key":"Pen Nib"},{"floor":24.0,"key":"Ancient Tea Set"},{"floor":25.0,"key":"Art of War"},{"floor":29.0,"key":"Ginger"},{"floor":31.0,"key":"War Paint"},{"floor":40.0,"key":"Du-Vu Doll"},{"floor":41.0,"key":"Toy Ornithopter"},{"floor":42,"key":"Orichalcum"},{"floor":44,"key":"Shovel"},{"floor":45,"key":"Juzu Bracelet"},{"floor":48,"key":"Anchor"}],"event_choices":[{"cards_removed":["hexamod:Strike"],"damage_healed":0.0,"max_hp_gain":0.0,"max_hp_loss":0.0,"gold_gain":0.0,"event_name":"The Cleric","player_choice":"Card Removal","floor":6.0,"gold_loss":0.0,"damage_taken":0.0},{"damage_healed":0.0,"max_hp_gain":0.0,"max_hp_loss":0.0,"gold_gain":0.0,"event_name":"Mysterious Sphere","player_choice":"Fight","floor":40.0,"gold_loss":0.0,"damage_taken":0.0}],"is_beta":false,"boss_relics":[{"not_picked":["Black Star","Pandora\u0027s Box"],"picked":"Busted Crown"},{"not_picked":["Runic Pyramid","Tiny House"],"picked":"Fusion Hammer"}],"items_purged_floors":[5,20],"is_endless":false,"potions_floor_spawned":[3,12,15,23,28,29,31,38,39,45,48],"killed_by":"WA_ARCHETYPE_DIVINITY","ascension_level":1}}