{"host":"pu1pmxeu7vyxsds8","time":1614101930,"event":{"mods":["Act Like it!","BaseMod","Block Reminder","Minty Spire (QoL Compilation)","Permanent Neow","Quick Restart","Relic Stats"],"gold_per_floor":[119,131,56,56,56,87,87,122,146,177,191,216,251,271,271,366,366,366,39,39,39],"floor_reached":20,"language":"SPA","playtime":2828,"items_purged":["Strike_G","Strike_G"],"score":228,"play_id":"4c7177c4-6d20-440f-b6c2-cf82eeb8f5e6","local_time":"20210223143850","is_ascension_mode":true,"campfire_choices":[{"data":"1","floor":7.0,"key":"LIFT"},{"data":"2","floor":15.0,"key":"LIFT"},{"data":"3","floor":18.0,"key":"LIFT"}],"circlet_count":0,"master_deck":["Strike_G","Strike_G","Strike_G","Defend_G","Defend_G","Defend_G+1","Defend_G","Defend_G","Survivor+1","Neutralize+1","Caltrops","Footwork+1","Quick Slash","Noxious Fumes","Slice","Backflip","PiercingWail","Outmaneuver","After Image","Footwork"],"relics":["Ring of the Snake","Tiny Chest","Girya","Boot","Toy Ornithopter","Pocketwatch","War Paint","Centennial Puzzle","Fusion Hammer","Oddly Smooth Stone"],"acts_visited":["TheEnding"],"potions_floor_usage":[20,20],"damage_taken":[{"damage":4.0,"enemies":"2 Louse","floor":1.0,"turns":3.0},{"damage":0.0,"enemies":"Small Slimes","floor":2.0,"turns":4.0},{"damage":28.0,"enemies":"Gremlin Nob","floor":6.0,"turns":5.0},{"damage":11.0,"enemies":"Lagavulin","floor":8.0,"turns":10.0},{"damage":15.0,"enemies":"3 Sentries","floor":10.0,"turns":8.0},{"damage":0.0,"enemies":"Cultist","floor":11.0,"turns":3.0},{"damage":1.0,"enemies":"Lagavulin","floor":13.0,"turns":7.0},{"damage":0.0,"enemies":"Exordium Thugs","floor":14.0,"turns":5.0},{"damage":2.0,"enemies":"Hexaghost","floor":16.0,"turns":9.0},{"damage":81,"enemies":"Shield and Spear","floor":20,"turns":8}],"seed_played":"2077092255404941164","potions_obtained":[{"floor":1.0,"key":"FearPotion"},{"floor":6.0,"key":"Dexterity Potion"},{"floor":13.0,"key":"Swift Potion"}],"is_trial":false,"path_per_floor":["M","M","$","?","?","E","R","E","T","E","M","T","E","M","R","B",null,"R","$","E"],"character_chosen":"THE_SILENT","items_purchased":["Footwork","Oddly Smooth Stone"],"campfire_rested":0,"item_purchase_floors":[19,19],"current_hp_per_floor":[66,66,66,63,63,35,35,24,24,9,9,9,8,8,8,6,70,70,70,0,0],"gold":39,"neow_bonus":"UPGRADE_CARD","is_daily":false,"chose_seed":false,"campfire_upgraded":0,"win_rate":0.0,"timestamp":1614101930,"path_taken":["M","M","$","?","?","E","R","E","T","E","?","?","E","M","R","BOSS","R","$","E"],"items_purchased_type":["Card","Relic"],"build_version":"2020-12-22","purchased_purges":2,"victory":false,"max_hp_per_floor":[70,70,70,70,70,70,70,70,70,70,70,70,70,70,70,70,70,70,70,70,70],"relic_stats":{"Centennial Puzzle":[6],"counters":[8,55],"Tiny Chest":0,"War Paint":["Survivor","Defend_G"],"Boot":[1],"obtain_stats":[{"Girya":6,"Centennial Puzzle":13,"Oddly Smooth Stone":19,"Tiny Chest":0,"Fusion Hammer":17,"War Paint":12,"Boot":8,"Toy Ornithopter":9,"Ring of the Snake":0,"Pocketwatch":10},{"Girya":1,"Centennial Puzzle":5,"Oddly Smooth Stone":7,"Tiny Chest":0,"Fusion Hammer":7,"War Paint":4,"Boot":2,"Toy Ornithopter":2,"Ring of the Snake":0,"Pocketwatch":3},{"Girya":5,"Centennial Puzzle":33,"Oddly Smooth Stone":47,"Tiny Chest":0,"Fusion Hammer":47,"War Paint":26,"Boot":15,"Toy Ornithopter":15,"Ring of the Snake":0,"Pocketwatch":23}],"Toy Ornithopter":5,"Ring of the Snake":[16],"Pocketwatch":[30]},"card_choices":[{"not_picked":["Dash","Predator"],"picked":"Caltrops","floor":1.0},{"not_picked":["Sucker Punch","Flying Knee"],"picked":"Footwork","floor":2.0},{"not_picked":["Flying Knee","Outmaneuver"],"picked":"Quick Slash","floor":6.0},{"not_picked":["Poisoned Stab","Choke"],"picked":"Noxious Fumes","floor":8.0},{"not_picked":["Endless Agony","Bane"],"picked":"Slice","floor":10.0},{"not_picked":["Masterful Stab","Deflect"],"picked":"Backflip","floor":11.0},{"not_picked":["Backstab","Endless Agony"],"picked":"PiercingWail","floor":13.0},{"not_picked":["Skewer","Quick Slash"],"picked":"Outmaneuver","floor":14.0},{"not_picked":["Wraith Form v2","Storm of Steel"],"picked":"After Image","floor":16.0}],"player_experience":52505,"relics_obtained":[{"floor":6.0,"key":"Girya"},{"floor":8.0,"key":"Boot"},{"floor":9.0,"key":"Toy Ornithopter"},{"floor":10.0,"key":"Pocketwatch"},{"floor":12.0,"key":"War Paint"},{"floor":13.0,"key":"Centennial Puzzle"}],"event_choices":[{"damage_healed":0.0,"max_hp_gain":0.0,"max_hp_loss":0.0,"gold_gain":0.0,"event_name":"Scrap Ooze","player_choice":"Success","floor":4.0,"gold_loss":0.0,"damage_taken":3.0,"relics_obtained":["Tiny Chest"]},{"damage_healed":0.0,"max_hp_gain":0.0,"max_hp_loss":0.0,"gold_gain":0.0,"event_name":"Accursed Blacksmith","player_choice":"Forge","floor":5.0,"gold_loss":0.0,"damage_taken":0.0,"cards_upgraded":["Footwork"]}],"is_beta":false,"boss_relics":[{"not_picked":["Black Star","WristBlade"],"picked":"Fusion Hammer"}],"items_purged_floors":[3,19],"is_endless":false,"potions_floor_spawned":[1,6,13],"killed_by":"Shield and Spear","ascension_level":3}}