{"host":"i45hfqkcke4zequp","time":1614068347,"event":{"mods":["AchievementEnabler","BaseMod","BetterRewards","Minty Spire (QoL Compilation)","Permanent Neow","Shop Mod","SuperFastMode"],"gold_per_floor":[118,118,134,134,144,179,198,198,198,198,221,238,254,254,254,352,352,352,378,229,239,257,257,287,287,338,338,338,371,371,387,387,484,484,502,247,247,295,295,295,321,321,371,2,2,28,41,41,41,41],"floor_reached":51,"language":"KOR","playtime":2999,"items_purged":["Decay"],"score":1023,"play_id":"53d207b7-f809-475c-a598-0921dd51fd7e","local_time":"20210223171907","is_ascension_mode":true,"campfire_choices":[{"floor":8.0,"key":"REST"},{"floor":10.0,"key":"REST"},{"data":"BattleHymn","floor":15.0,"key":"SMITH"},{"floor":23.0,"key":"REST"},{"data":"Blasphemy","floor":28.0,"key":"SMITH"},{"floor":30.0,"key":"REST"},{"data":"Eruption","floor":32.0,"key":"SMITH"},{"floor":40.0,"key":"REST"},{"data":"Scrawl","floor":42.0,"key":"SMITH"},{"data":"DevaForm","floor":45.0,"key":"SMITH"},{"floor":49,"key":"REST"}],"circlet_count":0,"master_deck":["Strike_P+1","Strike_P+1","Strike_P+1","Strike_P+1","Defend_P+1","Defend_P+1","Defend_P+1","Defend_P+1","Eruption+1","Vigilance","BattleHymn+1","Blasphemy+1","ClearTheMind","FollowUp","TalkToTheHand","FollowUp","Evaluate","Vengeance","SignatureMove","DevaForm+1","CurseOfTheBell","Weave+1","Worship","Wallop","Scrawl+1","CarveReality","LessonLearned","FollowUp+1","ThirdEye+1","DevaForm","Prostrate+1","Protect+1"],"relics":["PureWater","Dead Branch","StoneCalendar","Yang","Kunai","Damaru","Calling Bell","Juzu Bracelet","Question Card","Incense Burner","Red Mask","Akabeko","White Beast Statue","Potion Belt","MutagenicStrength","Art of War","Busted Crown","Shuriken","Turnip","Omamori","Blood Vial","Anchor","Toy Ornithopter"],"acts_visited":["Exordium","TheCity","TheBeyond"],"potions_floor_usage":[46,46,50,50],"damage_taken":[{"damage":4.0,"enemies":"Small Slimes","floor":1.0,"turns":3.0},{"damage":4.0,"enemies":"Jaw Worm","floor":3.0,"turns":3.0},{"damage":0.0,"enemies":"Cultist","floor":5.0,"turns":2.0},{"damage":12.0,"enemies":"3 Sentries","floor":6.0,"turns":4.0},{"damage":24.0,"enemies":"Exordium Wildlife","floor":7.0,"turns":3.0},{"damage":0.0,"enemies":"3 Louse","floor":12.0,"turns":2.0},{"damage":0.0,"enemies":"Large Slime","floor":13.0,"turns":2.0},{"damage":23.0,"enemies":"Hexaghost","floor":16.0,"turns":6.0},{"damage":12.0,"enemies":"Shell Parasite","floor":18.0,"turns":2.0},{"damage":0.0,"enemies":"Masked Bandits","floor":19.0,"turns":2.0},{"damage":3.0,"enemies":"3 Byrds","floor":21.0,"turns":4.0},{"damage":18.0,"enemies":"Snake Plant","floor":22.0,"turns":4.0},{"damage":15.0,"enemies":"Book of Stabbing","floor":24.0,"turns":4.0},{"damage":20.0,"enemies":"Slavers","floor":29.0,"turns":4.0},{"damage":1.0,"enemies":"Sentry and Sphere","floor":31.0,"turns":3.0},{"damage":17.0,"enemies":"Champ","floor":33.0,"turns":4.0},{"damage":8.0,"enemies":"3 Shapes","floor":35.0,"turns":2.0},{"damage":21.0,"enemies":"2 Orb Walkers","floor":38.0,"turns":3.0},{"damage":0.0,"enemies":"Reptomancer","floor":41.0,"turns":4.0},{"damage":35,"enemies":"Nemesis","floor":46,"turns":5},{"damage":5,"enemies":"Orb Walker","floor":47,"turns":4},{"damage":11,"enemies":"Donu and Deca","floor":50,"turns":5}],"seed_played":"3784698251316735842","potions_obtained":[{"floor":3.0,"key":"Block Potion"},{"floor":5.0,"key":"FairyPotion"},{"floor":7.0,"key":"AttackPotion"},{"floor":13.0,"key":"Swift Potion"},{"floor":16.0,"key":"SmokeBomb"},{"floor":19.0,"key":"Block Potion"},{"floor":21.0,"key":"FearPotion"},{"floor":24.0,"key":"StancePotion"},{"floor":29.0,"key":"BottledMiracle"},{"floor":31.0,"key":"DistilledChaos"},{"floor":33.0,"key":"AttackPotion"},{"floor":35.0,"key":"LiquidMemories"},{"floor":41.0,"key":"PowerPotion"},{"floor":46,"key":"Energy Potion"},{"floor":47,"key":"Block Potion"}],"is_trial":false,"path_per_floor":["M","?","M","?","M","E","M","R","T","R","T","M","M","?","R","B",null,"M","?","$","M","M","R","E","?","T","?","R","E","R","M","R","B",null,"M","$","?","?","?","R","E","R","T","$","R","E","M","?","R","B",null],"character_chosen":"WATCHER","items_purchased":["BattleHymn","Blasphemy","Akabeko","Shuriken","Anchor","DevaForm"],"campfire_rested":6,"item_purchase_floors":[0,0,20,36,44,44],"current_hp_per_floor":[21,21,17,17,17,5,21,42,42,63,63,63,63,68,68,45,69,57,57,57,54,36,59,44,44,44,44,44,24,47,46,46,29,65,57,57,57,36,36,59,59,59,59,59,59,26,23,42,65,66],"gold":41,"neow_bonus":"","is_daily":false,"chose_seed":false,"campfire_upgraded":5,"win_rate":0.0,"timestamp":1614068347,"path_taken":["M","?","M","?","M","E","M","R","T","R","?","M","?","?","R","BOSS","M","?","$","M","M","R","E","?","T","?","R","E","R","M","R","BOSS","M","$","?","?","?","R","E","R","T","$","R","E","M","?","R","BOSS"],"items_purchased_type":["Card","Card","Relic","Relic","Relic","Card"],"build_version":"2020-12-22","purchased_purges":1,"victory":true,"max_hp_per_floor":[72,72,72,72,72,72,72,72,72,72,72,72,72,77,77,77,77,77,77,77,77,77,77,77,77,77,77,77,77,77,77,77,77,77,77,77,77,77,77,77,77,77,77,77,77,77,77,77,77,77],"card_choices":[{"not_picked":["Perseverance","SignatureMove"],"picked":"ClearTheMind","floor":1.0},{"not_picked":["FlyingSleeves","DeceiveReality"],"picked":"FollowUp","floor":3.0},{"not_picked":["Weave","Swivel"],"picked":"TalkToTheHand","floor":5.0},{"not_picked":["Tantrum","Crescendo"],"picked":"FollowUp","floor":6.0},{"not_picked":["Tantrum","WindmillStrike"],"picked":"Evaluate","floor":7.0},{"not_picked":["Halt","Crescendo"],"picked":"Vengeance","floor":12.0},{"not_picked":["FlyingSleeves","Vengeance"],"picked":"SignatureMove","floor":13.0},{"not_picked":["ConjureBlade","MasterReality"],"picked":"DevaForm","floor":16.0},{"not_picked":["EmptyBody","ThirdEye","BowlingBash"],"picked":"Weave+1","floor":19.0},{"not_picked":["DeceiveReality","FollowUp+1","SashWhip"],"picked":"Worship","floor":21.0},{"not_picked":["Wireheading","Collect","LikeWater"],"picked":"Wallop","floor":22.0},{"not_picked":["LikeWater+1","Swivel","Crescendo"],"picked":"Scrawl","floor":24.0},{"not_picked":["FollowUp","Collect","BowlingBash"],"picked":"CarveReality","floor":29.0},{"not_picked":["EmptyFist+1","TalkToTheHand","CrushJoints","Halt"],"picked":"SKIP","floor":31.0},{"not_picked":["ConjureBlade","Blasphemy","Alpha"],"picked":"LessonLearned","floor":33.0},{"not_picked":["InnerPeace+1"],"picked":"FollowUp+1","floor":35.0},{"not_picked":["FlyingSleeves+1"],"picked":"ThirdEye+1","floor":38.0},{"not_picked":["Halt+1","BowlingBash+1"],"picked":"SKIP","floor":41.0},{"not_picked":["Perseverance+1"],"picked":"Prostrate+1","floor":46},{"not_picked":["Fasting2"],"picked":"Protect+1","floor":47}],"player_experience":595281,"relics_obtained":[{"floor":6.0,"key":"Yang"},{"floor":9.0,"key":"Kunai"},{"floor":11.0,"key":"Damaru"},{"floor":17.0,"key":"Juzu Bracelet"},{"floor":17.0,"key":"Question Card"},{"floor":17.0,"key":"Incense Burner"},{"floor":19.0,"key":"Red Mask"},{"floor":24.0,"key":"White Beast Statue"},{"floor":26.0,"key":"Potion Belt"},{"floor":29.0,"key":"Art of War"},{"floor":38.0,"key":"Turnip"},{"floor":41.0,"key":"Omamori"},{"floor":43.0,"key":"Blood Vial"},{"floor":46,"key":"Toy Ornithopter"}],"event_choices":[{"damage_healed":0.0,"max_hp_gain":0.0,"max_hp_loss":0.0,"gold_gain":0.0,"event_name":"Golden Wing","player_choice":"Ignored","floor":2.0,"gold_loss":0.0,"damage_taken":0.0},{"damage_healed":0.0,"max_hp_gain":0.0,"max_hp_loss":0.0,"gold_gain":0.0,"event_name":"Shining Light","player_choice":"Ignored","floor":4.0,"gold_loss":0.0,"damage_taken":0.0},{"damage_healed":0.0,"max_hp_gain":5.0,"max_hp_loss":0.0,"gold_gain":0.0,"event_name":"Big Fish","player_choice":"Donut","floor":14.0,"gold_loss":0.0,"damage_taken":0.0},{"damage_healed":0.0,"max_hp_gain":0.0,"max_hp_loss":0.0,"gold_gain":0.0,"event_name":"Masked Bandits","player_choice":"Fought Bandits","floor":19.0,"gold_loss":0.0,"damage_taken":0.0},{"damage_healed":0.0,"max_hp_gain":0.0,"max_hp_loss":0.0,"gold_gain":0.0,"event_name":"Back to Basics","player_choice":"Simplicity","floor":25.0,"gold_loss":0.0,"damage_taken":0.0,"cards_upgraded":["Strike_P","Strike_P","Strike_P","Strike_P","Defend_P","Defend_P","Defend_P","Defend_P"]},{"damage_healed":0.0,"max_hp_gain":0.0,"max_hp_loss":0.0,"gold_gain":0.0,"event_name":"Drug Dealer","player_choice":"Inject Mutagens","floor":27.0,"gold_loss":0.0,"damage_taken":0.0,"relics_obtained":["MutagenicStrength"]},{"damage_healed":0.0,"max_hp_gain":0.0,"max_hp_loss":0.0,"gold_gain":0.0,"event_name":"Wheel of Change","player_choice":"Cursed","floor":37.0,"gold_loss":0.0,"damage_taken":0.0,"cards_obtained":["Decay"]},{"damage_healed":0.0,"max_hp_gain":0.0,"max_hp_loss":0.0,"gold_gain":0.0,"event_name":"Mysterious Sphere","player_choice":"Fight","floor":38.0,"gold_loss":0.0,"damage_taken":0.0},{"damage_healed":0.0,"max_hp_gain":0.0,"max_hp_loss":0.0,"gold_gain":0.0,"event_name":"The Moai Head","player_choice":"Ignored","floor":39.0,"gold_loss":0.0,"damage_taken":0.0},{"damage_healed":19,"gold_gain":0,"player_choice":"Writhe","damage_taken":0,"max_hp_gain":0,"max_hp_loss":0,"event_name":"Winding Halls","floor":48,"gold_loss":0,"cards_obtained":["Writhe"]}],"is_beta":false,"boss_relics":[{"not_picked":["SacredBark","VioletLotus"],"picked":"Calling Bell"},{"not_picked":["SlaversCollar","Philosopher\u0027s Stone"],"picked":"Busted Crown"}],"items_purged_floors":[44],"is_endless":false,"potions_floor_spawned":[3,5,7,13,16,18,19,21,24,29,31,33,35,38,41,46,47],"ascension_level":7}}