{"host":"ihhmze8k3dygjpvp","time":1614098878,"event":{"mods":["10 clothes from DAL","Act Like it!","BaseMod","Colored Map","Hallownest","Highlight Path","Minty Spire (QoL Compilation)","MostiFishMod","Pale of the Ancients","Quick Restart","RumiaBox-露米娅的神秘盒子","Shop Mod","Spicy Shops","StSLib","TestMod","[IsaacMod]以撒尖塔","【功能Mod】混沌之环修复补丁","【功能Mod】聪明的最终Boss"],"gold_per_floor":[114,114,207,224,242,272,272,212,212,212,245,245,261,287,287,384,384,400,400,400,416,429,454,454,454,454],"floor_reached":25,"language":"ZHS","playtime":636,"items_purged":["Defend_G"],"score":345,"play_id":"e4f8e64e-ff6a-4c33-a4c6-435968cdaa37","local_time":"20210224004758","is_ascension_mode":true,"campfire_choices":[{"data":"Terror","floor":7,"key":"SMITH"},{"data":"Deadly Poison","floor":10,"key":"SMITH"},{"floor":15,"key":"RECALL"},{"floor":24,"key":"REST"}],"circlet_count":0,"master_deck":["Strike_G","Strike_G+1","Strike_G","Strike_G+1","Strike_G","Defend_G","Defend_G","Defend_G","Defend_G","Survivor+1","Neutralize","Terror+1","Dagger Throw","Deadly Poison+1","Deadly Poison+1","Regret","Night Terror","Poisoned Stab","Poisoned Stab+1"],"relics":["Ring of the Snake","testmod-TestBox","HushsDoor","DaveBox","The Courier","MoneyPower","testmod-Faith","SynthV:TestCard","Gremlin Horn","TheBean","ZombieArmy","War Paint","ChiXiaoBlade","Enchiridion","Dream Catcher"],"acts_visited":["Exordium","TheCity"],"potions_floor_usage":[6,16,16,22,23,25],"damage_taken":[{"damage":4,"enemies":"Small Slimes","floor":1,"turns":3},{"damage":1,"enemies":"2 Louse","floor":4,"turns":3},{"damage":1,"enemies":"Cultist","floor":5,"turns":3},{"damage":8,"enemies":"Lagavulin","floor":6,"turns":5},{"damage":0,"enemies":"3 Sentries","floor":11,"turns":1},{"damage":0,"enemies":"Looter","floor":13,"turns":2},{"damage":3,"enemies":"Gremlin Nob","floor":14,"turns":2},{"damage":28,"enemies":"The Guardian","floor":16,"turns":6},{"damage":15,"enemies":"Shell Parasite","floor":18,"turns":3},{"damage":5,"enemies":"Chosen","floor":21,"turns":2},{"damage":24,"enemies":"Centurion and Healer","floor":22,"turns":3},{"damage":0,"enemies":"Book of Stabbing","floor":23,"turns":1},{"damage":40,"enemies":"Slavers","floor":25,"turns":3}],"seed_played":"8444796110868058136","potions_obtained":[{"floor":4,"key":"DistilledChaos"},{"floor":11,"key":"LiquidBronze"},{"floor":13,"key":"Energy Potion"},{"floor":16,"key":"testmod-EscapePotion"},{"floor":18,"key":"Fire Potion"},{"floor":21,"key":"Strength Potion"}],"is_trial":false,"path_per_floor":["M","?","?","M","M","E","R","$","T","R","E","?","M","E","R","B",null,"M","?","?","M","M","E","R","E"],"character_chosen":"THE_SILENT","items_purchased":["Deadly Poison"],"campfire_rested":1,"item_purchase_floors":[8],"current_hp_per_floor":[73,58,43,42,41,33,33,33,33,33,33,33,33,30,30,2,77,62,46,46,41,17,17,40,0,0],"gold":454,"neow_bonus":"TEN_PERCENT_HP_BONUS","is_daily":false,"chose_seed":false,"campfire_upgraded":2,"win_rate":0.0,"timestamp":1614098878,"path_taken":["M","?","?","M","M","E","R","$","T","R","E","?","M","E","R","BOSS","M","?","?","M","M","E","R","E"],"items_purchased_type":["Card"],"build_version":"2020-12-22","purchased_purges":1,"victory":false,"max_hp_per_floor":[77,77,77,77,77,77,77,77,77,77,77,77,77,77,77,77,77,77,77,77,77,77,77,77,77,77],"card_choices":[{"not_picked":[],"picked":"Bomb","floor":0},{"not_picked":["Flying Knee","Endless Agony","Underhanded Strike"],"picked":"SKIP","floor":1},{"not_picked":["Dodge and Roll","Skewer","Infinite Blades","Well Laid Plans","Quick Slash"],"picked":"SKIP","floor":4},{"not_picked":["Skewer","Dodge and Roll","Deflect","Flying Knee"],"picked":"Terror","floor":5},{"not_picked":["Bane","MostiFishMod:InvigoratingSolution","Flechettes","Deflect"],"picked":"Dagger Throw","floor":6},{"not_picked":["Reflex","Dodge and Roll","Venomology","Cloak And Dagger"],"picked":"Deadly Poison","floor":11},{"not_picked":["Cloak And Dagger","Riddle With Holes","Slice","Sucker Punch","MostiFishMod:PerfectParry"],"picked":"SKIP","floor":13},{"not_picked":["Blade Dance","Dodge and Roll","Bane","After Image","MostiFishMod:PoisonShield"],"picked":"SKIP","floor":14},{"not_picked":["MostiFishMod:FullyArmed","MostiFishMod:WinterMarkForm","MostiFishMod:AdrenalineArouse","Doppelganger"],"picked":"Night Terror","floor":16},{"not_picked":["Outmaneuver","PiercingWail","Well Laid Plans","Prepared"],"picked":"Poisoned Stab","floor":18},{"not_picked":["Outmaneuver","PiercingWail","Calculated Gamble","Quick Slash+1","Tactician"],"picked":"SKIP","floor":21},{"not_picked":["Escape Plan+1","Backflip","MostiFishMod:PerfectParry+1","Deflect","Dash"],"picked":"SKIP","floor":22},{"not_picked":["Underhanded Strike","Dash+1","Slice+1","Backflip"],"picked":"Poisoned Stab+1","floor":23}],"player_experience":19290,"relics_obtained":[{"floor":1,"key":"SynthV:TestCard"},{"floor":6,"key":"Gremlin Horn"},{"floor":11,"key":"TheBean"},{"floor":14,"key":"War Paint"},{"floor":19,"key":"Enchiridion"},{"floor":23,"key":"Dream Catcher"}],"event_choices":[{"damage_healed":0,"gold_gain":0,"player_choice":"Entered Light","damage_taken":15,"max_hp_gain":0,"max_hp_loss":0,"event_name":"Shining Light","floor":2,"gold_loss":0,"cards_upgraded":["Strike_G","Strike_G"]},{"damage_healed":0,"gold_gain":0,"player_choice":"Box","damage_taken":0,"relics_obtained":["ZombieArmy"],"max_hp_gain":0,"max_hp_loss":0,"event_name":"Big Fish","floor":12,"gold_loss":0,"cards_obtained":["Regret"]},{"damage_healed":0,"gold_gain":0,"player_choice":"Obtained Book","damage_taken":16,"max_hp_gain":0,"max_hp_loss":0,"event_name":"Cursed Tome","floor":19,"gold_loss":0},{"damage_healed":0,"gold_gain":0,"player_choice":"Ignored","damage_taken":0,"max_hp_gain":0,"max_hp_loss":0,"event_name":"Ghosts","floor":20,"gold_loss":0}],"is_beta":false,"boss_relics":[{"not_picked":["Cursed Key","MoonlightInvasionPlan"],"picked":"ChiXiaoBlade"},{"not_picked":[]}],"items_purged_floors":[8],"is_endless":false,"potions_floor_spawned":[4,11,13,16,18,21],"killed_by":"Slavers","ascension_level":2}}