{"host":"qrfkyfrpo74atslb","time":1614076283,"event":{"mods":["Astrologer","Bartender","BaseMod","Beaked The Cultist","Better Note","Better Third Choice","CapriCore","Colored Map","Colored Powertips","Conspire","DeckTracker","Downfall","GungeonMod","Hermit","Hero for Fun","Hubris","Koishi","LagranYue(???·?)","Mad Scientist","Marisa????????","Minty Spire (QoL Compilation)","Prisma Mod","Reimu??????","Remilia??????","StSLib","The Administrix","The Alterego","The Bladedancer","The Cursed","The Gatherer","The Immortal","The Mystic","The Necromancer","The Runesmith","The Servant 0.9.4","The Wild Card","TheSwordswoman","WarShipGirlsR/????R mod","Yakumo Yukari mod","Yuyuko"],"gold_per_floor":[116,127,12,25,25,58,68,98,98,98,164,164,164],"floor_reached":12,"language":"ENG","playtime":515,"items_purged":[],"score":113,"play_id":"0a837d94-df40-4ab1-a38e-e7cc1fadd838","local_time":"20210223233123","is_ascension_mode":false,"campfire_choices":[],"circlet_count":0,"master_deck":["Serious_Punch","Strike_Lin:ReiMu","Strike_Lin:ReiMu","Strike_Lin:ReiMu","Strike_Lin:ReiMu","Defend_Lin:ReiMu","Defend_Lin:ReiMu","Defend_Lin:ReiMu","Defend_Lin:ReiMu","NB:ReiMu","Stagnation:ReiMu","AlertArray:ReiMu","SealNeedle:ReiMu","Enchanting:ReiMu","SpreadBorder2:ReiMu","SpreadBorder2:ReiMu","DoubleButterfly:ReiMu","TightArray:ReiMu"],"relics":["FlyPower:ReiMu","LagranYue:RandomDrawCardRelic","NeowsBlessing","DemoMod:GnawedKey","hubris:Potato","hubris:Teleporter","Dream Catcher","Golden Idol","Darkstone Periapt"],"acts_visited":["Exordium"],"potions_floor_usage":[8,8],"damage_taken":[{"damage":0,"enemies":"Cultist","floor":1,"turns":1},{"damage":0,"enemies":"Small Slimes","floor":2,"turns":1},{"damage":0,"enemies":"2 Louse","floor":4,"turns":1},{"damage":26,"enemies":"3 Sentries","floor":6,"turns":12},{"damage":0,"enemies":"Looter","floor":7,"turns":3},{"damage":28,"enemies":"Gremlin Nob","floor":8,"turns":9},{"damage":0,"enemies":"Gremlin Nob","floor":11,"turns":2},{"damage":16,"enemies":"3 Sentries","floor":12,"turns":5}],"seed_played":"2459640133640321361","potions_obtained":[{"floor":1,"key":"sneckomod:MuddlingPotion"},{"floor":2,"key":"SkillPotion"},{"floor":6,"key":"DemoMod:LeadSkinPotion"}],"is_trial":false,"path_per_floor":["M","M","$","M","?","E","M","E","T","?","?","E"],"character_chosen":"REIMU","items_purchased":["DemoMod:GnawedKey"],"campfire_rested":0,"item_purchase_floors":[3],"current_hp_per_floor":[65,65,65,65,65,39,39,11,11,11,11,0,0],"gold":164,"neow_bonus":"THREE_ENEMY_KILL","is_daily":false,"chose_seed":false,"campfire_upgraded":0,"win_rate":0.0,"timestamp":1614076283,"path_taken":["M","?","$","M","?","E","M","E","T","?","?","E"],"items_purchased_type":["Relic"],"build_version":"2020-12-22","purchased_purges":0,"victory":false,"max_hp_per_floor":[65,65,65,65,65,65,65,65,65,60,60,60,60],"card_choices":[{"not_picked":["Meditation:ReiMu","RainPray2:ReiMu"],"picked":"AlertArray:ReiMu","floor":1},{"not_picked":["OctopathBindingBorder2:ReiMu","EmergencyTakeOff:ReiMu"],"picked":"SealNeedle:ReiMu","floor":2},{"not_picked":["SealNeedle:ReiMu","LearningPray:ReiMu"],"picked":"Enchanting:ReiMu","floor":4},{"not_picked":["CardOfSanctity:ReiMu","Dreaming2:ReiMu"],"picked":"SpreadBorder2:ReiMu","floor":6},{"not_picked":["CollectionFlower2:ReiMu","Gathering:ReiMu"],"picked":"SpreadBorder2:ReiMu","floor":7},{"not_picked":["UpKicking:ReiMu","EmergencyTakeOff:ReiMu"],"picked":"DoubleButterfly:ReiMu","floor":8},{"not_picked":["CardOfSanctity:ReiMu","Intuition:ReiMu"],"picked":"TightArray:ReiMu","floor":11}],"player_experience":129627,"relics_obtained":[{"floor":6,"key":"hubris:Potato"},{"floor":8,"key":"hubris:Teleporter"},{"floor":9,"key":"Dream Catcher"},{"floor":11,"key":"Darkstone Periapt"}],"event_choices":[{"damage_healed":0,"gold_gain":0,"player_choice":"Leave","damage_taken":0,"max_hp_gain":0,"max_hp_loss":0,"event_name":"conspire:Investor","floor":5,"gold_loss":0},{"damage_healed":0,"gold_gain":0,"player_choice":"Lose Max HP","damage_taken":0,"relics_obtained":["Golden Idol"],"max_hp_gain":0,"max_hp_loss":5,"event_name":"Golden Idol","floor":10,"gold_loss":0},{"damage_healed":0,"gold_gain":30,"player_choice":"Searched \u00273\u0027 times","damage_taken":0,"max_hp_gain":0,"max_hp_loss":0,"event_name":"Dead Adventurer","floor":11,"gold_loss":0}],"is_beta":false,"boss_relics":[],"items_purged_floors":[],"is_endless":false,"potions_floor_spawned":[1,2,6],"killed_by":"3 Sentries","ascension_level":0}}