{"host":"hig4mmxcip4vq5ai","time":1614074264,"event":{"mods":["Aspiration","BaseMod","Challenge The Spire","Colored Powertips","Conspire","Energized Spire","Friendly Minions","Halation","Hubris","Infinite Spire","Minty Spire (QoL Compilation)","Replay The Spire","Shop Mod","Small Relic Pack","StSLib"],"gold_per_floor":[360,360,380,392,409,409,25,25,73,73,73,73,93,113,113,188,188,205,223,242,254,254,254,273,273,273,286,136,136,136,167,167,239,239,250,266,38,38,38,38,38,38,119,129,129,32,42,42,42,42],"floor_reached":51,"language":"RUS","playtime":2603,"items_purged":["Pain","Regret","Voices"],"score":1167,"play_id":"ffa1a747-0d59-42c1-9753-ef1d8b2d42ac","local_time":"20210223125744","is_ascension_mode":true,"campfire_choices":[{"data":"Concentrate","floor":6,"key":"SMITH"},{"data":"Neutralize","floor":8,"key":"SMITH"},{"floor":10,"key":"REST"},{"floor":15,"key":"REST"},{"data":"Burst","floor":23,"key":"SMITH"},{"floor":25,"key":"REST"},{"floor":32,"key":"REST"},{"data":"After Image","floor":40,"key":"SMITH"},{"data":"Accuracy","floor":42,"key":"SMITH"},{"floor":49,"key":"REST"}],"circlet_count":0,"master_deck":["AscendersBane","Strike_G+1","Strike_G","Strike_G","Strike_G+1","Defend_G","Defend_G+1","Defend_G","Defend_G","Defend_G","Survivor","Neutralize+1","Concentrate+1","Hidden Blade","ReplayTheSpireMod:Scrap Shanks","ReplayTheSpireMod:Scrap Shanks+1","hubris:Sniper+1","Dagger Throw+1","Burst+1","Hidden Blade","Acrobatics+1","Backflip","Hidden Blade+1","Cloak And Dagger+1","Accuracy+1","After Image+1","hubris:SlightOfHand+1","Adrenaline+1","Acrobatics+1"],"relics":["Ring of the Snake","WarpedTongs","ReplayTheSpireMod:Shallot","Bronze Scales","Replay:Bottled Steam","conspire:RunicOctahedron","Replay:Multitool","Prayer Wheel","halation:HeavySnake","ReplayTheSpireMod:CursedCoin","hubris:SphereOfDissonance","Quantum Egg","Toxic Egg 2"],"acts_visited":["Exordium","TheCity","TheBeyond"],"potions_floor_usage":[14,24,31],"damage_taken":[{"damage":5,"enemies":"Small Slimes","floor":1,"turns":5},{"damage":8,"enemies":"Cultist","floor":3,"turns":5},{"damage":2,"enemies":"2 Louse","floor":4,"turns":3},{"damage":21,"enemies":"2 Fungi Beasts","floor":5,"turns":6},{"damage":20,"enemies":"Exordium Wildlife","floor":13,"turns":6},{"damage":10,"enemies":"Looter","floor":14,"turns":3},{"damage":31,"enemies":"Fading Forest","floor":16,"turns":11},{"damage":0,"enemies":"3 Byrds","floor":18,"turns":3},{"damage":0,"enemies":"Chosen","floor":19,"turns":4},{"damage":23,"enemies":"Centurion and Healer","floor":20,"turns":5},{"damage":8,"enemies":"Snake Plant","floor":21,"turns":4},{"damage":12,"enemies":"Snecko","floor":24,"turns":4},{"damage":13,"enemies":"Shelled Parasite and Fungi","floor":27,"turns":4},{"damage":0,"enemies":"Gremlin Leader","floor":31,"turns":3},{"damage":11,"enemies":"Champ","floor":33,"turns":6},{"damage":19,"enemies":"3 Darklings","floor":35,"turns":5},{"damage":11,"enemies":"Orb Walker","floor":36,"turns":3},{"damage":4,"enemies":"Sphere and 2 Shapes","floor":44,"turns":3},{"damage":1,"enemies":"Maw","floor":47,"turns":4},{"damage":1,"enemies":"Awakened One","floor":50,"turns":5}],"seed_played":"-7171422415866285134","potions_obtained":[{"floor":1,"key":"Explosive Potion"},{"floor":4,"key":"Energy Potion"},{"floor":16,"key":"Toxic Potion"},{"floor":21,"key":"SkillPotion"},{"floor":27,"key":"CunningPotion"},{"floor":31,"key":"Reflective Coating"},{"floor":36,"key":"PowerPotion"}],"is_trial":false,"path_per_floor":["M","?","M","M","M","R","$","R","T","R","?","$","M","M","R","B",null,"M","M","M","M","?","R","M","R","T","M","$","?","R","E","R","B",null,"M","M","$","?","?","R","T","R","T","M","?","$","M","AVR","R","B",null],"character_chosen":"THE_SILENT","items_purchased":["ReplayTheSpireMod:Scrap Shanks","ReplayTheSpireMod:Shallot","Block Potion","ReplayTheSpireMod:CursedCoin","hubris:SphereOfDissonance","GhostInAJar"],"campfire_rested":5,"item_purchase_floors":[7,7,28,37,37,46],"current_hp_per_floor":[54,54,46,44,23,23,23,23,23,42,42,42,22,12,31,18,54,54,54,31,23,23,23,11,30,30,17,17,17,36,36,55,44,61,42,31,31,31,31,31,31,31,31,27,27,27,26,26,45,44],"gold":42,"neow_bonus":"TWO_FIFTY_GOLD","is_daily":false,"chose_seed":false,"campfire_upgraded":5,"win_rate":0.0,"timestamp":1614074264,"path_taken":["M","?","M","?","M","R","$","R","T","R","?","$","M","M","R","BOSS","M","M","?","M","?","R","M","R","T","M","$","?","R","E","R","BOSS","M","M","$","?","?","R","?","R","T","M","?","$","?","AVR","R","BOSS"],"items_purchased_type":["Card","Relic","Potion","Relic","Relic","Potion"],"build_version":"2020-12-22","purchased_purges":3,"victory":true,"max_hp_per_floor":[66,66,66,66,66,66,66,66,66,66,66,66,66,66,66,66,66,66,66,66,66,66,66,66,66,66,66,66,66,66,66,66,66,66,66,66,66,66,66,66,66,66,66,66,66,66,66,66,66,66],"card_choices":[{"not_picked":["Deadly Poison","Poisoned Stab"],"picked":"Concentrate","floor":1},{"not_picked":["Outmaneuver","ReplayTheSpireMod:Exploit Weakness","Deadly Poison"],"picked":"SKIP","floor":3},{"not_picked":["Blade Dance","Quick Slash"],"picked":"Hidden Blade","floor":4},{"not_picked":["Phantasmal Killer","Deadly Poison","Poisoned Stab"],"picked":"SKIP","floor":5},{"not_picked":["Slice","Backstab"],"picked":"hubris:Sniper","floor":13},{"not_picked":["Distraction","Skewer"],"picked":"Dagger Throw","floor":14},{"not_picked":["Bullet Time","Grand Finale"],"picked":"Burst","floor":16},{"not_picked":["hubris:SlightOfHand","Accuracy"],"picked":"Hidden Blade","floor":18},{"not_picked":["Masterful Stab","PiercingWail"],"picked":"Acrobatics","floor":19},{"not_picked":["Sucker Punch","PiercingWail","Fluid Movement"],"picked":"SKIP","floor":20},{"not_picked":["Dagger Throw","Die Die Die"],"picked":"Backflip","floor":21},{"not_picked":["Slice+1","Flying Knee"],"picked":"Hidden Blade+1","floor":24},{"not_picked":["Dagger Throw","Leg Sweep"],"picked":"Cloak And Dagger","floor":27},{"not_picked":["hubris:SlightOfHand+1","Outmaneuver"],"picked":"Accuracy","floor":31},{"not_picked":["A Thousand Cuts","Glass Knife"],"picked":"After Image","floor":33},{"not_picked":["hubris:SlightOfHand","Underhanded Strike+1","Flying Knee"],"picked":"SKIP","floor":35},{"not_picked":["Sucker Punch","Poisoned Stab+1","Dodge and Roll"],"picked":"SKIP","floor":35},{"not_picked":["Crippling Poison+1","Eviscerate"],"picked":"hubris:SlightOfHand+1","floor":44},{"not_picked":["Skewer","conspire:PoisonWeapons+1","Slice+1"],"picked":"SKIP","floor":44},{"not_picked":["hubris:SlightOfHand+1","ReplayTheSpireMod:Exploit Weakness+1"],"picked":"Adrenaline+1","floor":47},{"not_picked":["Sucker Punch+1","Dagger Throw"],"picked":"Acrobatics+1","floor":47}],"player_experience":439283,"relics_obtained":[{"floor":9,"key":"Bronze Scales"},{"floor":11,"key":"Replay:Bottled Steam"},{"floor":26,"key":"Replay:Multitool"},{"floor":31,"key":"Prayer Wheel"},{"floor":41,"key":"Quantum Egg"},{"floor":43,"key":"Toxic Egg 2"}],"event_choices":[{"damage_healed":0,"gold_gain":0,"player_choice":"Rummage","damage_taken":0,"relics_obtained":["WarpedTongs"],"max_hp_gain":0,"max_hp_loss":0,"event_name":"Accursed Blacksmith","floor":2,"gold_loss":0,"cards_obtained":["Pain"]},{"damage_healed":0,"gold_gain":0,"player_choice":"Relic","damage_taken":0,"max_hp_gain":0,"max_hp_loss":0,"event_name":"Wheel of Change","floor":11,"gold_loss":0},{"damage_healed":0,"gold_gain":0,"player_choice":"Ignored","damage_taken":0,"max_hp_gain":0,"max_hp_loss":0,"event_name":"Vampires","floor":22,"gold_loss":0},{"cards_removed":["Strike_G"],"damage_healed":0,"gold_gain":0,"player_choice":"Purged","damage_taken":0,"max_hp_gain":0,"max_hp_loss":0,"event_name":"Purifier","floor":45,"gold_loss":0}],"is_beta":false,"boss_relics":[{"not_picked":["halation:PlatinumPhoenix","halation:Yufonium"],"picked":"conspire:RunicOctahedron"},{"not_picked":["energizedSpire:HugeHouse","Velvet Choker"],"picked":"halation:HeavySnake"}],"items_purged_floors":[7,28,37],"is_endless":false,"potions_floor_spawned":[1,4,13,16,21,27,31,33,35,36],"ascension_level":14}}