{"host":"ssviq0y9yg8c9gbe","time":1614057346,"event":{"mods":["AchievementEnabler","Act Like it!","BaseMod","Colored Map","Colored Powertips","Highlight Path","Hubris","Minty Spire (QoL Compilation)","Replay The Spire","StSLib"],"gold_per_floor":[367,367,367,384,401,430,430,430,430,443,469,469,469,485,485,583,583,593,542,561,576,576,604,272,285,311,343,343,357,216,216,216,216,216],"floor_reached":33,"language":"ENG","playtime":1904,"items_purged":["Hallucinations","Voices"],"score":325,"play_id":"30916dec-2ff8-42f3-8f81-8804da35f32b","local_time":"20210223001546","is_ascension_mode":true,"campfire_choices":[{"floor":12,"key":"REST"},{"floor":15,"key":"REST"},{"floor":28,"key":"REST"},{"floor":32,"key":"REST"}],"circlet_count":0,"master_deck":["Bash+1","Flex","Inflame","True Grit","Sword Boomerang","Armaments+1","Seeing Red+1","Flex+1","Berserk","Searing Blow","Combust","Immolate","Carnage","hubris:CleavingFinish","Reckless Charge","Carnage","Barricade","Rupture","Reckless Charge","Sword Boomerang","ReplayTheSpireMod:Strike From Hell","Pommel Strike","Havoc+1","Armaments+1","Exhume+1","Burning Pact+1","Thunderclap","Sword Boomerang+1","Dropkick+1"],"relics":["Burning Blood","ReplayTheSpireMod:Ring of Addiction","White Beast Statue","Potion Belt","Replay:Bottled Snecko","Toxic Egg 2","Replay:Bottled Steam","Replay:Grab Bag","hubris:GrandSneckoEye","Ooze Armor","Pandora\u0027s Box","Pet Ghost","Akabeko","Mirror","Art of War","Blue Doll"],"acts_visited":["Exordium","TheCity"],"potions_floor_usage":[5,11,11,11,14,16,16,21,23,23,27,27,27,33,33,33],"damage_taken":[{"damage":11,"enemies":"Cultist","floor":1,"turns":4},{"damage":9,"enemies":"2 Louse","floor":4,"turns":2},{"damage":7,"enemies":"Small Slimes","floor":5,"turns":3},{"damage":31,"enemies":"Lagavulin","floor":6,"turns":5},{"damage":34,"enemies":"Exordium Wildlife","floor":10,"turns":4},{"damage":17,"enemies":"Replay:BlueRogue","floor":11,"turns":5},{"damage":26,"enemies":"Exordium Thugs","floor":14,"turns":4},{"damage":62,"enemies":"Fading Forest","floor":16,"turns":11},{"damage":6,"enemies":"Chosen","floor":18,"turns":3},{"damage":0,"enemies":"3 Byrds","floor":20,"turns":3},{"damage":10,"enemies":"Snake Plant","floor":21,"turns":4},{"damage":31,"enemies":"Replay:Snechameleon","floor":23,"turns":3},{"damage":17,"enemies":"3 Cultists","floor":25,"turns":4},{"damage":40,"enemies":"Gremlin Leader","floor":27,"turns":6},{"damage":24,"enemies":"Cultist and Chosen","floor":29,"turns":4},{"damage":40,"enemies":"Champ","floor":33,"turns":3}],"seed_played":"2126121313287472334","potions_obtained":[{"floor":1,"key":"PowerPotion"},{"floor":2,"key":"ElixirPotion"},{"floor":2,"key":"Milkshake"},{"floor":2,"key":"Fire Potion"},{"floor":4,"key":"Adrenaline Potion"},{"floor":5,"key":"Block Potion"},{"floor":6,"key":"BloodPotion"},{"floor":11,"key":"Weak Potion"},{"floor":14,"key":"Explosive Potion"},{"floor":16,"key":"SneckoOil"},{"floor":18,"key":"Fire Potion"},{"floor":20,"key":"ColorlessPotion"},{"floor":21,"key":"Energy Potion"},{"floor":23,"key":"Toxic Potion"},{"floor":25,"key":"DuplicationPotion"},{"floor":27,"key":"Strength Potion"},{"floor":29,"key":"Languid Potion"}],"is_trial":false,"path_per_floor":["M","?","?","M","M","E","?","$","T","M","E","R","T","M","R","B",null,"M","$","M","M","?","E","$","M","T","E","R","M","$","?","R","B"],"character_chosen":"IRONCLAD","items_purchased":["Pommel Strike","Mirror","Dropkick+1"],"campfire_rested":4,"item_purchase_floors":[19,24,30],"current_hp_per_floor":[75,75,75,72,71,46,51,51,51,23,28,52,52,32,56,10,83,83,83,81,77,77,52,52,41,41,7,30,15,15,15,39,0,0],"gold":216,"neow_bonus":"TWO_FIFTY_GOLD","is_daily":false,"chose_seed":false,"campfire_upgraded":0,"win_rate":0.0,"timestamp":1614057346,"path_taken":["M","?","?","M","?","E","?","?","T","M","E","R","?","M","R","BOSS","M","$","M","M","?","E","$","M","T","E","R","M","$","?","R","BOSS"],"items_purchased_type":["Card","Relic","Card"],"build_version":"2020-12-22","purchased_purges":2,"victory":false,"max_hp_per_floor":[80,80,80,80,80,80,85,85,83,83,83,83,83,83,83,83,83,83,83,81,81,81,81,81,81,81,79,79,82,82,80,80,80,80],"card_choices":[{"not_picked":["Bloodletting","Anger"],"picked":"Flex","floor":1},{"not_picked":["Warcry","Iron Wave"],"picked":"Inflame","floor":4},{"not_picked":["ReplayTheSpireMod:Muscle Training","Feel No Pain"],"picked":"True Grit","floor":5},{"not_picked":["ReplayTheSpireMod:Limb From Limb","Replay:Undeath\u0027s Touch"],"picked":"Sword Boomerang","floor":6},{"not_picked":["Brutality","Headbutt"],"picked":"Armaments+1","floor":10},{"not_picked":["Anger","Dropkick"],"picked":"Seeing Red+1","floor":11},{"not_picked":["Armaments+1","Cleave"],"picked":"Flex+1","floor":14},{"not_picked":["Hemogenesis","Juggernaut"],"picked":"Berserk","floor":16},{"not_picked":["Wild Strike","Body Slam"],"picked":"ReplayTheSpireMod:Strike From Hell","floor":18},{"not_picked":["Clash","Rupture"],"picked":"Havoc+1","floor":20},{"not_picked":["Clothesline","ReplayTheSpireMod:Limb From Limb"],"picked":"Armaments+1","floor":21},{"not_picked":["ReplayTheSpireMod:Muscle Training+1","Rage+1"],"picked":"Exhume+1","floor":23},{"not_picked":["Clash","Pommel Strike"],"picked":"Burning Pact+1","floor":25},{"not_picked":["Combust","Warcry+1"],"picked":"Thunderclap","floor":27},{"not_picked":["Warcry+1","Dual Wield+1"],"picked":"Sword Boomerang+1","floor":29}],"player_experience":250877,"relics_obtained":[{"floor":2,"key":"ReplayTheSpireMod:Ring of Addiction"},{"floor":2,"key":"White Beast Statue"},{"floor":2,"key":"Potion Belt"},{"floor":6,"key":"Replay:Bottled Snecko"},{"floor":9,"key":"Toxic Egg 2"},{"floor":11,"key":"Replay:Bottled Steam"},{"floor":23,"key":"Akabeko"},{"floor":26,"key":"Art of War"},{"floor":27,"key":"Blue Doll"}],"event_choices":[{"damage_healed":0,"gold_gain":0,"player_choice":"Upgraded","damage_taken":0,"max_hp_gain":0,"max_hp_loss":0,"event_name":"Upgrade Shrine","floor":3,"gold_loss":0,"cards_upgraded":["Bash"]},{"damage_healed":0,"gold_gain":0,"player_choice":"Donut","damage_taken":0,"max_hp_gain":5,"max_hp_loss":0,"event_name":"Big Fish","floor":7,"gold_loss":0},{"damage_healed":0,"gold_gain":0,"player_choice":"Ignored","damage_taken":0,"max_hp_gain":0,"max_hp_loss":0,"event_name":"Ghosts","floor":31,"gold_loss":0}],"is_beta":false,"boss_relics":[{"not_picked":["Electric Blood","hubris:HollowSoul"],"picked":"Replay:Grab Bag"},{"not_picked":["Velvet Choker","Busted Crown"],"picked":"hubris:GrandSneckoEye"},{"not_picked":["Ectoplasm","ReplayTheSpireMod:DimensionalGlitch"],"picked":"Ooze Armor"},{"not_picked":["Runic Cube","hubris:Stopwatch"],"picked":"Pandora\u0027s Box"}],"items_purged_floors":[24,30],"is_endless":false,"potions_floor_spawned":[1,4,5,6,10,11,14,16,18,20,21,23,25,27,29],"killed_by":"Champ","ascension_level":2}}