{"host":"vrsxkkch9ccrec7k","time":1614066198,"event":{"mods":["Act Like it!","BaseMod","Bestiary","Better Altar","Better Match","Better Note","Better Sensory Stone","Better Skull","Better Third Choice","Better Vampires","Downfall","Minty Spire (QoL Compilation)","Permanent Neow","Relic Stats","Spicy Shops","StSLib"],"gold_per_floor":[99,118,136,136,147,147,147,147,17,33,66,66,81,181,194,268,268,268,286,386,20,35,68,68,81,81,98,98,114,114,144,155,233,233,233,247,260,277,277,277,277,277,292,292,292,25,25,11,30,30,30,30],"floor_reached":50,"language":"ENG","playtime":4221,"items_purged":["champ:Strike","champ:Strike","champ:Strike"],"score":896,"play_id":"c7f4235d-afba-42f0-8e54-b1057de4ab77","local_time":"20210223024318","is_ascension_mode":true,"campfire_choices":[{"data":"champ:Taunt","floor":1,"key":"SMITH"},{"data":"champ:PreciseThrust","floor":6,"key":"SMITH"},{"floor":12,"key":"REST"},{"data":"champ:StrikeOfGenius","floor":18,"key":"SMITH"},{"floor":26,"key":"REST"},{"data":"champ:HoldFirm","floor":28,"key":"SMITH"},{"floor":30,"key":"REST"},{"data":"champ:ShieldSlam","floor":35,"key":"SMITH"},{"data":"champ:GladiatorStyle","floor":40,"key":"SMITH"},{"data":"champ:Endure","floor":44,"key":"SMITH"},{"data":"champ:Backstep","floor":47,"key":"SMITH"}],"circlet_count":0,"master_deck":["AscendersBane","champ:Defend","champ:Defend","champ:Defend","champ:Defend","champ:Execute+1","champ:Taunt+1","champ:PreciseThrust+1","champ:CrookedStrike","champ:TornadoPunch","champ:EnragedBash","champ:FocusedBerserking","champ:GladiatorStyle+1","champ:EnGarde","champ:BerserkerStyle","champ:Endure+1","champ:StrikeOfGenius+1","champ:HoldFirm+1","champ:FocusedBerserking","champ:FanOfKnives","champ:TripleStrike","champ:ShieldSlam+1","champ:DeathBlow+1","champ:GladiatorStyle+1","champ:LastStand+1","champ:Haymaker+1","champ:FocusedBerserking","champ:Backstep+1","champ:Improvising+1","champ:FancyFootwork"],"relics":["champ:ChampionCrown","Letter Opener","Mercury Hourglass","CloakClasp","SlaversCollar","Potion Belt","Anchor","Frozen Egg 2","Guardian:GemstoneGun","Nunchaku","sneckomod:SneckoTalon","Blue Candle","hexamod:CandleOfCauterizing","Membership Card","Bag of Preparation","HornCleat"],"acts_visited":["Exordium","TheCity","TheBeyond"],"potions_floor_usage":[11,14,16,16,25,25,31,37,43,50,50,50],"damage_taken":[{"damage":14,"enemies":"Jaw Worm","floor":2,"turns":4},{"damage":10,"enemies":"Small Slimes","floor":3,"turns":3},{"damage":12,"enemies":"2 Louse","floor":5,"turns":3},{"damage":30,"enemies":"downfall:FleeingMerchant","floor":9,"turns":4},{"damage":24,"enemies":"Exordium Thugs","floor":10,"turns":3},{"damage":25,"enemies":"3 Sentries","floor":11,"turns":5},{"damage":5,"enemies":"downfall:LooterAlt","floor":13,"turns":3},{"damage":47,"enemies":"downfall:LooterAlt","floor":14,"turns":8},{"damage":11,"enemies":"2 Fungi Beasts","floor":15,"turns":3},{"damage":59,"enemies":"WA_ARCHETYPE_RETAIN","floor":16,"turns":5},{"damage":28,"enemies":"Chosen","floor":19,"turns":3},{"damage":107,"enemies":"downfall:LadyInBlue","floor":20,"turns":8},{"damage":48,"enemies":"downfall:FleeingMerchant","floor":21,"turns":4},{"damage":44,"enemies":"Spheric Guardian","floor":22,"turns":4},{"damage":35,"enemies":"Gremlin Leader","floor":23,"turns":5},{"damage":46,"enemies":"3 Cultists","floor":25,"turns":4},{"damage":65,"enemies":"Centurion and Healer","floor":27,"turns":5},{"damage":78,"enemies":"Shelled Parasite and Fungi","floor":29,"turns":7},{"damage":61,"enemies":"Book of Stabbing","floor":31,"turns":5},{"damage":23,"enemies":"Snake Plant","floor":32,"turns":3},{"damage":132,"enemies":"SI_MIRROR_ARCHETYPE","floor":33,"turns":10},{"damage":36,"enemies":"3 Shapes","floor":36,"turns":2},{"damage":46,"enemies":"3 Darklings","floor":37,"turns":5},{"damage":65,"enemies":"Sphere and 2 Shapes","floor":38,"turns":4},{"damage":32,"enemies":"Jaw Worm Horde","floor":43,"turns":3},{"damage":57,"enemies":"downfall:FleeingMerchant","floor":46,"turns":4},{"damage":10,"enemies":"downfall:FleeingMerchant","floor":48,"turns":1},{"damage":45,"enemies":"Spire Growth","floor":49,"turns":3},{"damage":91,"enemies":"DF_ARCHETYPE_ORBS","floor":50,"turns":6}],"seed_played":"3227903280523834144","potions_obtained":[{"floor":3,"key":"GamblersBrew"},{"floor":10,"key":"sneckomod:MuddlingPotion"},{"floor":11,"key":"Guardian:BlockOnCardUsePotion"},{"floor":13,"key":"SkillPotion"},{"floor":15,"key":"DuplicationPotion"},{"floor":16,"key":"Dexterity Potion"},{"floor":20,"key":"Strength Potion"},{"floor":20,"key":"Ancient Potion"},{"floor":20,"key":"champ:UltimateStancePotion"},{"floor":20,"key":"Energy Potion"},{"floor":25,"key":"champ:CounterPotion"},{"floor":31,"key":"EssenceOfSteel"},{"floor":32,"key":"bronze:BurnAndBuffPotion"},{"floor":37,"key":"Dexterity Potion"},{"floor":38,"key":"ColorlessPotion"},{"floor":43,"key":"GamblersBrew"}],"is_trial":false,"path_per_floor":["R","M","M","?","M","R","T","?","$","M","E","R","M","?","M","B",null,"R","M","?","$","M","E","T","M","R","M","R","M","R","E","M","B",null,"R","M","M","M","?","R","T","?","M","R","?","$","R","$","M","B"],"character_chosen":"THE_CHAMP","items_purchased":["champ:GladiatorStyle","Anchor","champ:ShieldSlam","Membership Card","Bag of Preparation","champ:Improvising+1","champ:FancyFootwork","HornCleat","champ:OpenerPotion"],"campfire_rested":3,"item_purchase_floors":[9,21,21,46,46,48,48,48,48],"current_hp_per_floor":[73,69,69,69,67,67,67,67,67,53,48,72,72,55,51,48,73,73,73,71,71,55,35,35,35,59,59,59,41,65,56,55,30,68,68,68,68,60,60,60,60,60,57,57,57,57,57,57,57,0,0,0],"gold":30,"neow_bonus":"UPGRADE_CARD","is_daily":false,"chose_seed":false,"campfire_upgraded":8,"win_rate":0.0,"timestamp":1614066198,"path_taken":["R","M","M","?","M","R","T","?","$","M","E","R","M","?","M","BOSS","R","M","?","?","M","E","T","M","R","M","R","M","R","E","M","BOSS","R","M","M","M","?","R","T","?","M","R","?","$","R","$","M","BOSS"],"items_purchased_type":["Card","Relic","Card","Relic","Relic","Card","Card","Relic","Potion"],"build_version":"2020-12-22","purchased_purges":3,"victory":false,"max_hp_per_floor":[81,81,81,81,81,81,81,81,81,81,81,81,81,81,81,81,81,81,81,81,81,81,81,81,81,81,81,81,81,81,81,81,81,81,81,81,81,81,81,81,81,81,81,81,81,81,81,81,81,81,81,81],"relic_stats":{"Nunchaku":[9],"counters":[29,127],"Blue Candle":[0],"CloakClasp":[143],"Bag of Preparation":[6],"Letter Opener":[218],"obtain_stats":[{"Potion Belt":20,"hexamod:CandleOfCauterizing":42,"Guardian:GemstoneGun":24,"Blue Candle":41,"champ:ChampionCrown":0,"CloakClasp":14,"Bag of Preparation":46,"Letter Opener":7,"Frozen Egg 2":23,"sneckomod:SneckoTalon":34,"Mercury Hourglass":11,"SlaversCollar":17,"Anchor":21,"Nunchaku":31,"HornCleat":48,"Membership Card":46},{"Potion Belt":12,"hexamod:CandleOfCauterizing":24,"Guardian:GemstoneGun":15,"Blue Candle":24,"champ:ChampionCrown":0,"CloakClasp":8,"Bag of Preparation":26,"Letter Opener":3,"Frozen Egg 2":15,"sneckomod:SneckoTalon":21,"Mercury Hourglass":6,"SlaversCollar":10,"Anchor":13,"Nunchaku":19,"HornCleat":27,"Membership Card":26},{"Potion Belt":52,"hexamod:CandleOfCauterizing":110,"Guardian:GemstoneGun":65,"Blue Candle":110,"champ:ChampionCrown":0,"CloakClasp":33,"Bag of Preparation":117,"Letter Opener":10,"Frozen Egg 2":65,"sneckomod:SneckoTalon":99,"Mercury Hourglass":22,"SlaversCollar":41,"Anchor":56,"Nunchaku":86,"HornCleat":118,"Membership Card":117}],"Mercury Hourglass":[292]},"card_choices":[{"not_picked":["champ:Backstep","champ:PerfectedStrike"],"picked":"champ:PreciseThrust","floor":2},{"not_picked":["champ:BerserkersShout","champ:PerfectedStrike"],"picked":"champ:CrookedStrike","floor":3},{"not_picked":["champ:RageSigil","champ:StanceDance"],"picked":"champ:TornadoPunch","floor":5},{"not_picked":["champ:ViciousMockery","champ:DefensiveStyle"],"picked":"champ:FocusedBerserking","floor":9},{"not_picked":["champ:Shatter","champ:BerserkersShout"],"picked":"champ:EnGarde","floor":10},{"not_picked":["champ:ShieldSigil","champ:AdrenalArmor"],"picked":"champ:BerserkerStyle","floor":11},{"not_picked":["champ:PreemptiveStrike","champ:EnGarde"],"picked":"champ:Endure","floor":13},{"not_picked":["champ:ShieldSigil","champ:CrookedStrike"],"picked":"champ:StrikeOfGenius","floor":15},{"not_picked":["champ:EnchantShield","champ:SwordThrow"],"picked":"champ:HoldFirm","floor":16},{"not_picked":["champ:DefensiveShout","champ:BerserkersShout"],"picked":"champ:FocusedBerserking","floor":19},{"not_picked":["champ:EnGarde","champ:StanceDance"],"picked":"champ:FanOfKnives","floor":20},{"not_picked":["champ:FlashCut","champ:BladeFlurry+1"],"picked":"champ:TripleStrike","floor":21},{"not_picked":["champ:PerfectedStrike","champ:Lariat"],"picked":"champ:DeathBlow+1","floor":22},{"not_picked":["champ:Encircle","champ:FanOfKnives","champ:CrownThrow"],"picked":"SKIP","floor":23},{"not_picked":["champ:BerserkerStyle+1","champ:Encircle","champ:TornadoPunch"],"picked":"SKIP","floor":25},{"not_picked":["champ:BladeFlurry","champ:Shatter","champ:BerserkersShout"],"picked":"SKIP","floor":27},{"not_picked":["champ:DeathBlow","champ:DefensiveShout+1","champ:EnragedBash"],"picked":"SKIP","floor":29},{"not_picked":["champ:BringItOn","champ:FalseCounter","champ:VampiricStrike"],"picked":"SKIP","floor":31},{"not_picked":["champ:PreemptiveStrike","champ:GutPunch"],"picked":"champ:GladiatorStyle+1","floor":32},{"not_picked":["champ:IgnorePain","champ:DancingMaster+1"],"picked":"champ:LastStand+1","floor":33},{"not_picked":["champ:CrownThrow","champ:EnGarde","champ:GutPunch"],"picked":"SKIP","floor":36},{"not_picked":["champ:BladeFlurry","champ:BerserkersShout"],"picked":"champ:Haymaker+1","floor":37},{"not_picked":["champ:BerserkerStyle+1","champ:AdrenalArmor"],"picked":"champ:FocusedBerserking","floor":38},{"not_picked":["champ:AdrenalArmor","champ:BerserkersShout","champ:FalseCounter+1"],"picked":"SKIP","floor":43},{"not_picked":["champ:RecklessLeap","champ:PreemptiveStrike"],"picked":"champ:Backstep","floor":46},{"not_picked":["champ:HeartStrike","champ:CrookedStrike","champ:RapidStrikes"],"picked":"SKIP","floor":48},{"not_picked":["champ:CrownThrow","champ:Shatter","champ:DefensiveShout+1"],"picked":"SKIP","floor":49}],"player_experience":1999679,"relics_obtained":[{"floor":7,"key":"Letter Opener"},{"floor":11,"key":"Mercury Hourglass"},{"floor":14,"key":"CloakClasp"},{"floor":20,"key":"Potion Belt"},{"floor":23,"key":"Frozen Egg 2"},{"floor":24,"key":"Guardian:GemstoneGun"},{"floor":31,"key":"Nunchaku"},{"floor":41,"key":"Blue Candle"},{"floor":42,"key":"hexamod:CandleOfCauterizing"}],"event_choices":[{"damage_healed":0,"gold_gain":0,"cards_transformed":["champ:Strike"],"player_choice":"Change","damage_taken":0,"max_hp_gain":0,"max_hp_loss":0,"event_name":"Living Wall","floor":8,"gold_loss":0,"cards_obtained":["champ:EnragedBash"]}],"is_beta":false,"boss_relics":[{"not_picked":["Philosopher\u0027s Stone","Runic Dome"],"picked":"SlaversCollar"},{"not_picked":["Black Star","Astrolabe"],"picked":"sneckomod:SneckoTalon"}],"items_purged_floors":[9,21,48],"is_endless":false,"potions_floor_spawned":[3,10,11,13,15,16,20,25,31,32,37,38,43,49],"killed_by":"DF_ARCHETYPE_ORBS","ascension_level":16}}