{"host":"28p8ce41sjwa6lzf","time":1614094282,"event":{"mods":["BaseMod","Bestiary","Colored Map","Colored Powertips","Dark Map","Highlight Path","Minty Spire (QoL Compilation)","Permanent Neow","Quick Restart","Random Character Button","Rare Cards Sparkle","Relic Stats","StSLib","Unceasing Turn Reminder"],"gold_per_floor":[119,119,136,149,161,193,193,193,193],"floor_reached":8,"language":"ENG","playtime":362,"items_purged":[],"score":116,"play_id":"dbb350f5-ca4d-45c5-bbfe-424c89841d69","local_time":"20210223093122","is_ascension_mode":true,"campfire_choices":[{"floor":7,"key":"REST"}],"circlet_count":0,"master_deck":["AscendersBane","Strike_G","Strike_G","Strike_G","Strike_G","Strike_G","Defend_G","Defend_G","Defend_G","Defend_G","Defend_G","Survivor","Neutralize","Bouncing Flask","Predator","Burst","Deadly Poison","Backflip"],"relics":["Ring of the Snake","Ginger","Smiling Mask"],"acts_visited":["Exordium"],"potions_floor_usage":[5,6,8],"damage_taken":[{"damage":0,"enemies":"Small Slimes","floor":1,"turns":5},{"damage":1,"enemies":"Jaw Worm","floor":3,"turns":3},{"damage":0,"enemies":"Cultist","floor":4,"turns":4},{"damage":4,"enemies":"2 Fungi Beasts","floor":5,"turns":3},{"damage":29,"enemies":"3 Sentries","floor":6,"turns":11},{"damage":30,"enemies":"Gremlin Nob","floor":8,"turns":3}],"seed_played":"808186083041725721","potions_obtained":[{"floor":3,"key":"Swift Potion"},{"floor":5,"key":"SpeedPotion"},{"floor":6,"key":"Strength Potion"}],"is_trial":false,"path_per_floor":["M","?","M","M","M","E","R","E"],"character_chosen":"THE_SILENT","items_purchased":[],"campfire_rested":1,"item_purchase_floors":[],"current_hp_per_floor":[44,44,43,43,39,10,29,0,0],"gold":193,"neow_bonus":"ONE_RARE_RELIC","is_daily":false,"chose_seed":false,"campfire_upgraded":0,"win_rate":0.0,"timestamp":1614094282,"path_taken":["M","?","M","M","M","E","R","E"],"items_purchased_type":[],"build_version":"2020-12-22","purchased_purges":0,"victory":false,"max_hp_per_floor":[66,66,66,66,66,66,66,66,66],"relic_stats":{"counters":[6,29],"Ginger":[1],"Smiling Mask":0,"obtain_stats":[{"Ginger":0,"Smiling Mask":6,"Ring of the Snake":0},{"Ginger":0,"Smiling Mask":5,"Ring of the Snake":0},{"Ginger":0,"Smiling Mask":26,"Ring of the Snake":0}],"Ring of the Snake":[12]},"card_choices":[{"not_picked":["Sucker Punch","Deflect"],"picked":"Bouncing Flask","floor":1},{"not_picked":["Bane","Backstab"],"picked":"Predator","floor":3},{"not_picked":["Acrobatics","Slice"],"picked":"Burst","floor":4},{"not_picked":["Well Laid Plans","Dagger Spray"],"picked":"Deadly Poison","floor":5},{"not_picked":["Deflect","Expertise"],"picked":"Backflip","floor":6}],"player_experience":1377726,"relics_obtained":[{"floor":6,"key":"Smiling Mask"}],"event_choices":[{"damage_healed":0,"gold_gain":0,"player_choice":"Ignored","damage_taken":0,"max_hp_gain":0,"max_hp_loss":0,"event_name":"Shining Light","floor":2,"gold_loss":0}],"is_beta":false,"boss_relics":[],"items_purged_floors":[],"is_endless":false,"potions_floor_spawned":[3,5,6],"killed_by":"Gremlin Nob","ascension_level":20}}