{"host":"ovivighfa421z0zp","time":1614082356,"event":{"mods":["BaseMod","Colored Map","DeckTracker","Keyboard Shortcuts","Minty Spire (QoL Compilation)","Permanent Neow","Quick Restart","Replay The Spire","StSLib","SuperFastMode","The Cursed"],"gold_per_floor":[14,14,32,42,192,192,225,235,259,286,302,333,333,378,378,453,453,469,481,29,42,54,54,87,12,35,62,76,96,96,130,130,208,208,221,238,287,304,3,35,60,85,85,85,99,116,148,163,163,163,163],"floor_reached":52,"language":"KOR","playtime":2988,"items_purged":[],"score":2648,"play_id":"924d2941-331c-4838-8d44-628a207e201b","local_time":"20210223211236","is_ascension_mode":true,"campfire_choices":[{"data":"TheCursedMod:CursedWand","floor":6,"key":"SMITH"},{"data":"TheCursedMod:AbyssShockwave","floor":13,"key":"SMITH"},{"data":"TheCursedMod:SpitefulPlan","floor":23,"key":"SMITH"},{"data":"Pot Of Greed","floor":30,"key":"SMITH"},{"data":"Pot Of Greed","floor":32,"key":"SMITH"},{"data":"Pot Of Greed","floor":44,"key":"SMITH"}],"circlet_count":0,"master_deck":["AscendersBane","TheCursedMod:Defend_TheCursed","TheCursedMod:Defend_TheCursed","TheCursedMod:CursedWand+1","TheCursedMod:CleanUpWorkshop","TheCursedMod:Dregs","TheCursedMod:SpitefulPlan+1","Spreading Infection","TheCursedMod:Evocation","TheCursedMod:CursedAmulet","Doubt","TheCursedMod:Grudge","TheCursedMod:RapidMovement","TheCursedMod:CursedMace","TheCursedMod:AshesToAshes","TheCursedMod:AbyssShockwave+1","Pain","TheCursedMod:DemonSword","TheCursedMod:Wield","TheCursedMod:ForbiddenAlchemy","TheCursedMod:ShockAndAwe","AbeCurse","TheCursedMod:ShockAndAwe","TheCursedMod:ShockAndAwe+1","TheCursedMod:Wield+1","TheCursedMod:AshesToAshes","TheCursedMod:AshesToAshes","Pot Of Greed+1","Pot Of Greed+1","Pot Of Greed+1","TheCursedMod:SpitefulPray","TheCursedMod:DemonicPact","TheCursedMod:CircleOfCorruption","TheCursedMod:CursedShiv+1","Pot Of Greed","TheCursedMod:CursedAmulet","TheCursedMod:CircleOfCorruption+1","TheCursedMod:AshesToAshes","TheCursedMod:SpitefulStrike+1","TheCursedMod:ShockAndAwe+1","TheCursedMod:CursedMace+1","TheCursedMod:LuckyCharm","TheCursedMod:CursedShiv+1","TheCursedMod:CursedShiv+1","TheCursedMod:CursedSpellbook+1","TheCursedMod:DemonicPact","TheCursedMod:CursedArmor+1","Pot Of Greed","TheCursedMod:PrepareRite","TheCursedMod:CursedAmulet"],"relics":["TheCursedMod:BlackMagic101","Ring of Misfortune","ReplayTheSpireMod:Ring of Addiction","White Beast Statue","Toy Ornithopter","Replay:Rubber Ducky","Replay:Mystery Machine","PreservedInsect","FossilizedHelix","Pear","Abe\u0027s Treasure","Molten Egg 2","Grinning Jar","ReplayFunnel","Potion Belt","Iron Hammer","Empty Cage","Mango","Sling","Kunai","Unceasing Top","Happy Flower","Snack Pack","Gremlin Food"],"acts_visited":["Exordium","TheCity","TheBeyond"],"potions_floor_usage":[3,4,7,8,10,11,12,16,16,16,16,18,19,19,21,21,21,22,24,24,27,27,27,28,29,29,29,31,33,35,36,37,37,38,40,40,41,42,42,42,45,46,48,50,51,51,51,51,51,51,51,51,51,51,51,51,51,51,51,51],"damage_taken":[{"damage":9,"enemies":"Jaw Worm","floor":1,"turns":6},{"damage":0,"enemies":"Small Slimes","floor":3,"turns":3},{"damage":2,"enemies":"2 Louse","floor":4,"turns":4},{"damage":2,"enemies":"Lagavulin","floor":7,"turns":6},{"damage":0,"enemies":"2 Fungi Beasts","floor":8,"turns":4},{"damage":0,"enemies":"Gremlin Nob","floor":10,"turns":5},{"damage":0,"enemies":"Blue Slaver","floor":11,"turns":5},{"damage":5,"enemies":"Replay:BlueRogue","floor":12,"turns":4},{"damage":0,"enemies":"Hexaghost","floor":16,"turns":8},{"damage":0,"enemies":"Spheric Guardian","floor":18,"turns":3},{"damage":0,"enemies":"Chosen","floor":19,"turns":2},{"damage":0,"enemies":"Sentry and Sphere","floor":21,"turns":4},{"damage":0,"enemies":"Snake Plant","floor":22,"turns":2},{"damage":0,"enemies":"Slavers","floor":24,"turns":2},{"damage":0,"enemies":"Replay:Snechameleon","floor":27,"turns":2},{"damage":0,"enemies":"Snecko","floor":28,"turns":2},{"damage":0,"enemies":"Cultist and Chosen","floor":29,"turns":5},{"damage":0,"enemies":"Slavers","floor":31,"turns":1},{"damage":0,"enemies":"Automaton","floor":33,"turns":6},{"damage":0,"enemies":"3 Darklings","floor":35,"turns":2},{"damage":0,"enemies":"Orb Walker","floor":36,"turns":2},{"damage":0,"enemies":"2 Orb Walkers","floor":37,"turns":4},{"damage":0,"enemies":"Maw","floor":38,"turns":4},{"damage":0,"enemies":"Giant Head","floor":40,"turns":3},{"damage":0,"enemies":"Mind Bloom Boss Battle","floor":41,"turns":3},{"damage":0,"enemies":"R_Hoarder","floor":42,"turns":4},{"damage":0,"enemies":"Sphere and 2 Shapes","floor":45,"turns":3},{"damage":0,"enemies":"Writhing Mass","floor":46,"turns":2},{"damage":0,"enemies":"Reptomancer","floor":47,"turns":1},{"damage":0,"enemies":"4 Shapes","floor":48,"turns":2},{"damage":0,"enemies":"Donu and Deca","floor":50,"turns":4},{"damage":0,"enemies":"Replay:Hell Engine","floor":51,"turns":4}],"seed_played":"-2858534222049264029","potions_obtained":[{"floor":1,"key":"AttackPotion"},{"floor":2,"key":"ColorlessPotion"},{"floor":3,"key":"Energy Potion"},{"floor":4,"key":"SkillPotion"},{"floor":7,"key":"SkillPotion"},{"floor":8,"key":"BlessingOfTheForge"},{"floor":10,"key":"ColorlessPotion"},{"floor":11,"key":"Ancient Potion"},{"floor":12,"key":"Block Potion"},{"floor":16,"key":"Strength Potion"},{"floor":19,"key":"ColorlessPotion"},{"floor":21,"key":"Weak Potion"},{"floor":22,"key":"GamblersBrew"},{"floor":24,"key":"FearPotion"},{"floor":27,"key":"Adrenaline Potion"},{"floor":28,"key":"DistilledChaos"},{"floor":29,"key":"LifebloodPotion"},{"floor":31,"key":"ColorlessPotion"},{"floor":33,"key":"CultistPotion"},{"floor":35,"key":"AttackPotion"},{"floor":36,"key":"Ancient Potion"},{"floor":37,"key":"Reflective Coating"},{"floor":38,"key":"Regen Potion"},{"floor":40,"key":"Fire Potion"},{"floor":41,"key":"Elixir"},{"floor":42,"key":"Strength Potion"},{"floor":45,"key":"Swift Potion"},{"floor":46,"key":"Block Potion"},{"floor":47,"key":"Strength Potion"},{"floor":48,"key":"LiquidBronze"}],"is_trial":false,"path_per_floor":["M","?","M","M","?","R","E","M","T","E","M","E","R","?","R_BF","B",null,"M","M","$","M","M","R","E","?","T","E","M","M","R","E","R","B",null,"M","M","?","M","$","E","?","E","T","R","M","M","E","M","R_BF","B","B",null],"character_chosen":"THE_CURSED","items_purchased":["Molten Egg 2","TheCursedMod:ShockAndAwe+1","TheCursedMod:Wield+1","TheCursedMod:CursedMace+1","TheCursedMod:LuckyCharm","Sling"],"campfire_rested":0,"item_purchase_floors":[20,20,20,39,39,39],"current_hp_per_floor":[69,69,74,77,77,77,80,85,85,85,85,80,80,90,90,93,93,93,93,93,93,93,93,93,93,93,93,93,93,93,93,93,93,93,93,93,107,107,107,107,107,107,107,107,107,107,107,107,107,107,107],"gold":163,"neow_bonus":"TWENTY_PERCENT_HP_BONUS","is_daily":false,"chose_seed":false,"campfire_upgraded":6,"win_rate":0.0,"timestamp":1614082356,"path_taken":["M","?","M","M","?","R","E","M","T","E","M","E","R","?","R_BF","BOSS","M","M","$","M","M","R","E","?","T","E","?","M","R","E","R","BOSS","M","M","?","M","$","E","?","E","T","R","M","?","E","M","R_BF","BOSS","BOSS"],"items_purchased_type":["Relic","Card","Card","Card","Card","Relic"],"build_version":"2020-12-22","purchased_purges":0,"victory":true,"max_hp_per_floor":[85,85,85,85,85,85,85,85,85,85,85,85,85,95,95,93,93,93,93,93,93,93,93,93,93,93,93,93,93,93,93,93,93,93,93,93,107,107,107,107,107,107,107,107,107,107,107,107,107,107,107],"card_choices":[{"not_picked":["TheCursedMod:SmokeScreen","TheCursedMod:SpitefulStrike"],"picked":"TheCursedMod:SpitefulPlan","floor":1},{"not_picked":["TheCursedMod:CircleOfWindfury","TheCursedMod:CircleOfBlood"],"picked":"TheCursedMod:Evocation","floor":3},{"not_picked":["TheCursedMod:FleshFromBone","TheCursedMod:CircleOfCorruption"],"picked":"TheCursedMod:CursedAmulet","floor":4},{"not_picked":["TheCursedMod:CursedShiv","TheCursedMod:FleshFromBone"],"picked":"TheCursedMod:Grudge","floor":7},{"not_picked":["TheCursedMod:Stigma","TheCursedMod:SpitefulPray"],"picked":"TheCursedMod:RapidMovement","floor":8},{"not_picked":["TheCursedMod:FleshFromBone","TheCursedMod:SpitefulPray"],"picked":"TheCursedMod:CursedMace","floor":10},{"not_picked":["TheCursedMod:CursedShiv","TheCursedMod:Obscuration"],"picked":"TheCursedMod:AshesToAshes","floor":11},{"not_picked":["TheCursedMod:SmokeScreen","TheCursedMod:CircleOfFlame"],"picked":"TheCursedMod:AbyssShockwave","floor":12},{"not_picked":["TheCursedMod:AbyssShockwave","TheCursedMod:BlessingInDisguise"],"picked":"TheCursedMod:DemonSword","floor":14},{"not_picked":["TheCursedMod:Torture","TheCursedMod:CursedMace"],"picked":"TheCursedMod:Wield","floor":14},{"not_picked":["TheCursedMod:ParallelWorld","TheCursedMod:CircleOfAbyss"],"picked":"TheCursedMod:ShockAndAwe","floor":16},{"not_picked":["TheCursedMod:SaltUponWound","TheCursedMod:Stigma","TheCursedMod:Stretching"],"picked":"SKIP","floor":18},{"not_picked":["TheCursedMod:CircleOfCorruption","TheCursedMod:Stigma"],"picked":"TheCursedMod:ShockAndAwe","floor":19},{"not_picked":["TheCursedMod:VitalStrike+1","TheCursedMod:Obscuration"],"picked":"TheCursedMod:AshesToAshes","floor":21},{"not_picked":["TheCursedMod:CursedShiv+1","TheCursedMod:RavingStaff+1"],"picked":"TheCursedMod:AshesToAshes","floor":22},{"not_picked":["TheCursedMod:CursedAmulet","TheCursedMod:SurpriseAttack+1"],"picked":"TheCursedMod:SpitefulPray","floor":24},{"not_picked":["TheCursedMod:SmokeScreen","TheCursedMod:CircleOfBlood"],"picked":"TheCursedMod:CursedShiv+1","floor":27},{"not_picked":["TheCursedMod:CursedBlade+1","TheCursedMod:WearCloak"],"picked":"TheCursedMod:CursedAmulet","floor":28},{"not_picked":["TheCursedMod:SurpriseAttack+1","TheCursedMod:CircleOfCorruption","TheCursedMod:Stigma+1"],"picked":"SKIP","floor":29},{"not_picked":["TheCursedMod:ParallelWorld","TheCursedMod:SmokeScreen"],"picked":"TheCursedMod:CircleOfCorruption+1","floor":31},{"not_picked":["TheCursedMod:ReleasedStrength+1","TheCursedMod:SoulCrush+1"],"picked":"TheCursedMod:AshesToAshes","floor":35},{"not_picked":["TheCursedMod:Obscuration","TheCursedMod:EmpowerCircles+1"],"picked":"TheCursedMod:SpitefulStrike+1","floor":36},{"not_picked":["TheCursedMod:RapidMovement","TheCursedMod:FleshFromBone"],"picked":"TheCursedMod:ShockAndAwe+1","floor":37},{"not_picked":["TheCursedMod:FleshFromBone","TheCursedMod:Obscuration+1","TheCursedMod:TacticalStrike+1"],"picked":"SKIP","floor":38},{"not_picked":["TheCursedMod:StingEye+1","TheCursedMod:Mangle+1"],"picked":"TheCursedMod:CursedShiv+1","floor":40},{"not_picked":["TheCursedMod:Stigma+1","TheCursedMod:HellfireBreathing"],"picked":"TheCursedMod:CursedShiv+1","floor":41},{"not_picked":["TheCursedMod:Grudge+1","TheCursedMod:HellfireBreathing+1"],"picked":"TheCursedMod:CursedSpellbook+1","floor":42},{"not_picked":["TheCursedMod:PrepareRite","TheCursedMod:AshesToAshes+1"],"picked":"TheCursedMod:DemonicPact","floor":45},{"not_picked":["TheCursedMod:StingEye+1","TheCursedMod:VitalStrike+1"],"picked":"TheCursedMod:CursedArmor+1","floor":46},{"not_picked":["TheCursedMod:CursedAmulet","TheCursedMod:SpitefulPray"],"picked":"TheCursedMod:PrepareRite","floor":47},{"not_picked":["TheCursedMod:CursedAmulet","TheCursedMod:Torture+1","TheCursedMod:Obscuration+1"],"picked":"SKIP","floor":48}],"player_experience":812472,"relics_obtained":[{"floor":2,"key":"Ring of Misfortune"},{"floor":2,"key":"ReplayTheSpireMod:Ring of Addiction"},{"floor":2,"key":"White Beast Statue"},{"floor":2,"key":"Toy Ornithopter"},{"floor":7,"key":"Replay:Rubber Ducky"},{"floor":9,"key":"Replay:Mystery Machine"},{"floor":10,"key":"PreservedInsect"},{"floor":12,"key":"FossilizedHelix"},{"floor":14,"key":"Pear"},{"floor":24,"key":"Grinning Jar"},{"floor":26,"key":"ReplayFunnel"},{"floor":27,"key":"Potion Belt"},{"floor":31,"key":"Iron Hammer"},{"floor":37,"key":"Mango"},{"floor":40,"key":"Kunai"},{"floor":41,"key":"Unceasing Top"},{"floor":42,"key":"Happy Flower"},{"floor":43,"key":"Snack Pack"},{"floor":47,"key":"Gremlin Food"}],"event_choices":[{"damage_healed":0,"gold_gain":150,"player_choice":"AGREE","damage_taken":0,"max_hp_gain":0,"max_hp_loss":0,"event_name":"Liars Game","floor":5,"gold_loss":0,"cards_obtained":["Doubt"]},{"damage_healed":0,"gold_gain":0,"cards_transformed":["TheCursedMod:Strike_TheCursed","TheCursedMod:Defend_TheCursed"],"player_choice":"Transformed Cards","damage_taken":0,"max_hp_gain":0,"max_hp_loss":0,"event_name":"Designer","floor":25,"gold_loss":75,"cards_obtained":["TheCursedMod:DemonicPact","TheCursedMod:CircleOfCorruption"]},{"damage_healed":0,"gold_gain":0,"player_choice":"Fight","damage_taken":0,"max_hp_gain":0,"max_hp_loss":0,"event_name":"Mysterious Sphere","floor":37,"gold_loss":0},{"damage_healed":0,"gold_gain":0,"player_choice":"Fight","damage_taken":0,"max_hp_gain":0,"max_hp_loss":0,"event_name":"MindBloom","floor":41,"gold_loss":0}],"is_beta":false,"boss_relics":[{"not_picked":["TheCursedMod:BlackMagicAdvanced","Painkiller Herb"],"picked":"Abe\u0027s Treasure"},{"not_picked":["Velvet Choker","Cursed Key"],"picked":"Empty Cage"}],"items_purged_floors":[],"is_endless":false,"potions_floor_spawned":[1,3,4,7,8,10,11,12,16,18,19,21,22,24,27,28,29,31,33,35,36,37,38,40,41,42,45,46,47,48],"ascension_level":20}}