{"host":"6pic12dj9p7186mz","time":1614038631,"event":{"mods":["BaseMod","Minty Spire (QoL Compilation)","Permanent Neow","Relic Stats","StSLib"],"gold_per_floor":[110,126,126,140,215,259,259,299,299,332,346,173,197,220,220,341,341,326,344,259,259,81,81,121,121,145,184,200,231,246,171,171,299,299,313,313,327,327,327,368,393,433,433,433,433,87,123,137,137,137],"floor_reached":51,"language":"ENG","playtime":2942,"items_purged":["Strike_B","Strike_B"],"score":954,"play_id":"322b34b3-ac4d-44fb-8e75-11981ea13cfe","local_time":"20210222180351","is_ascension_mode":true,"campfire_choices":[{"data":"Zap","floor":7,"key":"SMITH"},{"data":"Streamline","floor":15,"key":"SMITH"},{"data":"Loop","floor":23,"key":"SMITH"},{"data":"Creative AI","floor":25,"key":"SMITH"},{"data":"Electrodynamics","floor":32,"key":"SMITH"},{"data":"Loop","floor":44,"key":"SMITH"},{"data":"Mayhem","floor":49,"key":"SMITH"}],"circlet_count":0,"master_deck":["Defend_B","Defend_B","Defend_B","Defend_B","Zap+1","Dualcast","Glacier","Conserve Battery","Sweeping Beam","Cold Snap+1","Streamline+1","Chill","Gash","Compile Driver","Redo+1","Turbo+1","Cold Snap+1","Creative AI+1","Conserve Battery+1","Coolheaded+1","Loop+1","Fission+1","Aggregate+1","Electrodynamics+1","Fusion+1","Force Field+1","Defragment","Consume+1","Core Surge","Mayhem+1","Bandage Up+1","Panacea+1","Loop+1","Amplify+1","Barrage","White Noise+1","Biased Cognition","Mayhem","Redo+1","Echo Form","Defragment","Conserve Battery+1"],"relics":["FrozenCore","Golden Idol","Mercury Hourglass","Bottled Flame","Ornamental Fan","Toxic Egg 2","Happy Flower","Prayer Wheel","Girya","PreservedInsect","Tiny Chest","Strawberry","Snecko Eye","FossilizedHelix","Shuriken","Whetstone","Vajra","Membership Card","Art of War"],"acts_visited":["Exordium","TheCity","TheBeyond"],"potions_floor_usage":[10,28,40,40,48,50,50],"damage_taken":[{"damage":1,"enemies":"2 Louse","floor":1,"turns":2},{"damage":0,"enemies":"Jaw Worm","floor":2,"turns":4},{"damage":0,"enemies":"Small Slimes","floor":4,"turns":3},{"damage":19,"enemies":"Lagavulin","floor":6,"turns":12},{"damage":0,"enemies":"3 Sentries","floor":8,"turns":6},{"damage":15,"enemies":"Lagavulin","floor":10,"turns":7},{"damage":3,"enemies":"3 Louse","floor":11,"turns":2},{"damage":0,"enemies":"Exordium Thugs","floor":13,"turns":4},{"damage":5,"enemies":"Hexaghost","floor":16,"turns":11},{"damage":0,"enemies":"2 Thieves","floor":18,"turns":5},{"damage":0,"enemies":"Shell Parasite","floor":19,"turns":5},{"damage":24,"enemies":"Gremlin Leader","floor":24,"turns":8},{"damage":8,"enemies":"Book of Stabbing","floor":27,"turns":7},{"damage":7,"enemies":"3 Cultists","floor":28,"turns":5},{"damage":16,"enemies":"Gremlin Leader","floor":29,"turns":7},{"damage":0,"enemies":"Shelled Parasite and Fungi","floor":30,"turns":6},{"damage":12,"enemies":"Automaton","floor":33,"turns":11},{"damage":0,"enemies":"3 Darklings","floor":35,"turns":3},{"damage":0,"enemies":"3 Shapes","floor":37,"turns":2},{"damage":17,"enemies":"Reptomancer","floor":40,"turns":6},{"damage":0,"enemies":"Spire Growth","floor":41,"turns":6},{"damage":11,"enemies":"Giant Head","floor":42,"turns":9},{"damage":16,"enemies":"Nemesis","floor":47,"turns":9},{"damage":0,"enemies":"3 Darklings","floor":48,"turns":4},{"damage":17,"enemies":"Donu and Deca","floor":50,"turns":10}],"seed_played":"-5146164416139942791","potions_obtained":[{"floor":1,"key":"Weak Potion"},{"floor":8,"key":"SmokeBomb"},{"floor":10,"key":"Dexterity Potion"},{"floor":11,"key":"AttackPotion"},{"floor":19,"key":"FairyPotion"},{"floor":28,"key":"Fire Potion"},{"floor":33,"key":"DistilledChaos"},{"floor":40,"key":"Fire Potion"},{"floor":42,"key":"AttackPotion"},{"floor":48,"key":"SkillPotion"}],"is_trial":false,"path_per_floor":["M","M","?","M","?","E","R","E","T","E","M","$","M","T","R","B",null,"M","M","?","?","$","R","E","R","T","E","M","E","M","?","R","B",null,"M","?","M","?","T","E","M","E","T","R","?","$","E","M","R","B",null],"character_chosen":"DEFECT","items_purchased":["Redo+1","Turbo+1","Loop","Fission+1","Membership Card","Mayhem","DuplicationPotion","Redo+1"],"campfire_rested":0,"item_purchase_floors":[12,12,22,22,46,46,46,46],"current_hp_per_floor":[74,74,69,69,58,39,39,39,39,24,21,21,21,21,21,16,69,69,69,69,69,69,69,45,45,45,37,30,21,21,21,21,9,76,76,66,66,66,66,49,55,50,50,50,50,50,40,40,40,29],"gold":137,"neow_bonus":"TRANSFORM_CARD","is_daily":false,"chose_seed":false,"campfire_upgraded":7,"win_rate":0.0,"timestamp":1614038631,"path_taken":["M","M","?","M","?","E","R","E","T","E","M","$","M","?","R","BOSS","M","M","?","?","$","R","E","R","T","E","M","E","M","?","R","BOSS","M","?","M","?","?","E","M","E","T","R","?","$","E","?","R","BOSS"],"items_purchased_type":["Card","Card","Card","Card","Relic","Card","Potion","Card"],"build_version":"2020-12-22","purchased_purges":2,"victory":true,"max_hp_per_floor":[75,75,69,69,69,69,69,69,69,69,69,69,69,69,69,69,69,69,69,69,69,69,69,69,69,69,69,69,76,76,76,76,76,76,76,76,76,76,76,76,76,76,76,76,76,76,76,76,76,76],"relic_stats":{"Happy Flower":[38],"counters":[25,150],"Golden Idol":182,"PreservedInsect":318,"Whetstone":["Cold Snap","Cold Snap"],"FrozenCore":[32],"Mercury Hourglass":[574],"Ornamental Fan":[112],"Shuriken":[6],"Snecko Eye":[90,93,90,92],"Prayer Wheel":6,"Tiny Chest":1,"Art of War":[3],"obtain_stats":[{"Girya":24,"Happy Flower":14,"Golden Idol":3,"Vajra":45,"PreservedInsect":26,"Whetstone":43,"Mercury Hourglass":6,"FrozenCore":17,"Bottled Flame":8,"Ornamental Fan":9,"Shuriken":42,"Strawberry":29,"Snecko Eye":34,"Prayer Wheel":20,"Tiny Chest":27,"Art of War":47,"Membership Card":46,"Toxic Egg 2":10,"Cracked Core":0,"FossilizedHelix":40},{"Girya":12,"Happy Flower":8,"Golden Idol":2,"Vajra":22,"PreservedInsect":12,"Whetstone":22,"Mercury Hourglass":4,"FrozenCore":9,"Bottled Flame":5,"Ornamental Fan":5,"Shuriken":22,"Strawberry":15,"Snecko Eye":17,"Prayer Wheel":11,"Tiny Chest":13,"Art of War":23,"Membership Card":22,"Toxic Egg 2":6,"Cracked Core":0,"FossilizedHelix":20},{"Girya":69,"Happy Flower":40,"Golden Idol":6,"Vajra":128,"PreservedInsect":69,"Whetstone":128,"Mercury Hourglass":21,"FrozenCore":51,"Bottled Flame":27,"Ornamental Fan":27,"Shuriken":128,"Strawberry":87,"Snecko Eye":104,"Prayer Wheel":61,"Tiny Chest":75,"Art of War":136,"Membership Card":128,"Toxic Egg 2":34,"Cracked Core":0,"FossilizedHelix":114}]},"card_choices":[{"not_picked":["Recycle","Hologram"],"picked":"Conserve Battery","floor":1},{"not_picked":["Hologram","Rebound"],"picked":"Sweeping Beam","floor":2},{"not_picked":["Turbo","Leap"],"picked":"Cold Snap","floor":4},{"not_picked":["Hologram","Glacier"],"picked":"Streamline","floor":6},{"not_picked":["Rainbow","Tempest"],"picked":"Chill","floor":8},{"not_picked":["Force Field+1","Reprogram+1"],"picked":"Gash","floor":10},{"not_picked":["Rebound","Cold Snap"],"picked":"Compile Driver","floor":11},{"not_picked":["Scrape","Storm"],"picked":"Cold Snap","floor":13},{"not_picked":["Hyperbeam","All For One"],"picked":"Creative AI","floor":16},{"not_picked":["Turbo+1","Ball Lightning"],"picked":"Conserve Battery+1","floor":18},{"not_picked":["Gash","Darkness+1"],"picked":"Coolheaded+1","floor":19},{"not_picked":["Scrape","Melter"],"picked":"Aggregate+1","floor":24},{"not_picked":["Go for the Eyes","Streamline"],"picked":"Electrodynamics","floor":27},{"not_picked":["Lockon","Cold Snap"],"picked":"Fusion+1","floor":28},{"not_picked":["Steam+1","Turbo+1","Darkness+1"],"picked":"SKIP","floor":28},{"not_picked":["Fusion+1","Hello World"],"picked":"Force Field+1","floor":29},{"not_picked":["Machine Learning","Leap+1"],"picked":"Defragment","floor":30},{"not_picked":["Coolheaded+1","Turbo+1"],"picked":"Consume+1","floor":30},{"not_picked":["Meteor Strike","Multi-Cast+1"],"picked":"Core Surge","floor":33},{"not_picked":["Beam Cell","Cold Snap+1","Sweeping Beam+1"],"picked":"SKIP","floor":35},{"not_picked":["Beam Cell+1","Go for the Eyes","Lockon"],"picked":"SKIP","floor":35},{"not_picked":["PanicButton+1","Forethought+1"],"picked":"Mayhem","floor":36},{"not_picked":["Transmutation+1","Magnetism"],"picked":"Bandage Up+1","floor":36},{"not_picked":["Discovery+1","Jack Of All Trades+1"],"picked":"Panacea+1","floor":36},{"not_picked":["Leap+1","Rip and Tear+1"],"picked":"Loop","floor":37},{"not_picked":["Static Discharge+1","Rip and Tear+1","Go for the Eyes+1"],"picked":"SKIP","floor":37},{"not_picked":["Ball Lightning","Steam+1"],"picked":"Barrage","floor":40},{"not_picked":["Cold Snap+1","Stack+1"],"picked":"White Noise+1","floor":41},{"not_picked":["Compile Driver","Melter","Recycle+1"],"picked":"SKIP","floor":41},{"not_picked":["Compile Driver","Gash+1"],"picked":"Biased Cognition","floor":42},{"not_picked":["All For One","Sweeping Beam"],"picked":"Echo Form","floor":47},{"not_picked":["Go for the Eyes","Aggregate+1"],"picked":"Defragment","floor":48},{"not_picked":["Sweeping Beam","Turbo+1"],"picked":"Conserve Battery+1","floor":48}],"player_experience":47599,"relics_obtained":[{"floor":6,"key":"Mercury Hourglass"},{"floor":8,"key":"Bottled Flame"},{"floor":9,"key":"Ornamental Fan"},{"floor":10,"key":"Toxic Egg 2"},{"floor":14,"key":"Happy Flower"},{"floor":24,"key":"Girya"},{"floor":26,"key":"PreservedInsect"},{"floor":27,"key":"Tiny Chest"},{"floor":29,"key":"Strawberry"},{"floor":40,"key":"FossilizedHelix"},{"floor":42,"key":"Shuriken"},{"floor":43,"key":"Whetstone"},{"floor":47,"key":"Art of War"}],"event_choices":[{"damage_healed":0,"gold_gain":0,"player_choice":"Lose Max HP","damage_taken":0,"relics_obtained":["Golden Idol"],"max_hp_gain":0,"max_hp_loss":6,"event_name":"Golden Idol","floor":3,"gold_loss":0},{"damage_healed":0,"gold_gain":75,"player_choice":"Gather Gold","damage_taken":11,"max_hp_gain":0,"max_hp_loss":0,"event_name":"World of Goop","floor":5,"gold_loss":0},{"damage_healed":0,"gold_gain":0,"player_choice":"Obtained Relic","damage_taken":0,"relics_obtained":["Prayer Wheel"],"max_hp_gain":0,"max_hp_loss":0,"event_name":"Addict","floor":20,"gold_loss":85},{"damage_healed":0,"gold_gain":0,"player_choice":"Ignored","damage_taken":0,"max_hp_gain":0,"max_hp_loss":0,"event_name":"Vampires","floor":21,"gold_loss":0},{"cards_removed":["Strike_B"],"damage_healed":0,"gold_gain":0,"player_choice":"Gave Gold","damage_taken":0,"max_hp_gain":0,"max_hp_loss":0,"event_name":"Beggar","floor":31,"gold_loss":75},{"damage_healed":0,"gold_gain":0,"player_choice":"Memory 3","damage_taken":10,"max_hp_gain":0,"max_hp_loss":0,"event_name":"SensoryStone","floor":36,"gold_loss":0},{"damage_healed":0,"gold_gain":0,"player_choice":"1 cards matched","damage_taken":0,"max_hp_gain":0,"max_hp_loss":0,"event_name":"Match and Keep!","floor":38,"gold_loss":0,"cards_obtained":["Amplify"]},{"damage_healed":0,"gold_gain":0,"player_choice":"Gave Potion","damage_taken":0,"relics_obtained":["Vajra"],"max_hp_gain":0,"max_hp_loss":0,"event_name":"WeMeetAgain","floor":45,"gold_loss":0}],"is_beta":false,"boss_relics":[{"not_picked":["Busted Crown","Cursed Key"],"picked":"FrozenCore"},{"not_picked":["SlaversCollar","Pandora\u0027s Box"],"picked":"Snecko Eye"}],"items_purged_floors":[12,46],"is_endless":false,"potions_floor_spawned":[1,8,10,11,16,19,28,33,37,40,42,48],"ascension_level":3}}