{"host":"eny0bxnatoru6fum","time":1614107805,"event":{"mods":["100% Spire Juice","A Magickal Journey","AchievementEnabler","AlwaysNeverKeys","Aspiration","BaseMod","Beaked The Cultist","Better Note","BetterRewards","Colored Map","Colored Powertips","Conspire","Curses Come First","DeckTracker","Duelist Mod","Energized Spire","Glutton Mod","Halation","Hubris","Infinite Spire","Jedi Mod","Lobotomy","LobotomyExtend","Marisa????????","Minty Spire (QoL Compilation)","Permanent Neow","Relic Sorter","Replay The Spire","Shop Mod","Spicy Shops","Spikes Relics","StSLib","Synergy Search","The Alterego","The Animator","The Blue Laboratory","The Bug Knight","The Cursed","The Hierophant","The Jungle","The Problem Sleuth","The Runesmith","The Sage","The Servant 0.9.4","The Spell Scribe","Waifu the Spire"],"gold_per_floor":[117,117,131,151,169,198,198,218,218,218,6,6,6,25,25,129,129,147,119,119,119],"floor_reached":20,"language":"ENG","playtime":2443,"items_purged":[],"score":301,"play_id":"491e00e8-e48d-4c5c-b393-e60c7e268e91","local_time":"20210223131645","is_ascension_mode":false,"campfire_choices":[{"floor":13,"key":"RECALL"},{"floor":15,"key":"REST"}],"circlet_count":0,"master_deck":["theScribe:StarterAttack","theScribe:StarterAttack","theScribe:LightningStrike","theScribe:LightningStrike","theScribe:StarterDefend","theScribe:StarterDefend","theScribe:StarterDefend","theScribe:IcyDefend","theScribe:IcyDefend+1","theScribe:StarterModifier+1","theScribe:Maelstrom","theScribe:MirrorImage","theScribe:FrostvenomToxin","theScribe:ScindoSpellstone","theScribe:Overcharge+1","theScribe:InvigoratingStrike","theScribe:Focused","theScribe:CatalyticCatastrophe","theScribe:Escalation","theScribe:Echo","theScribe:SacrificeRitual+1","theScribe:Focused"],"relics":["theScribe:StarterRelic1","aspiration:ChemicalBlood","Mummified Hand","Replay:Multitool","Runesmith:Locket","War Paint","HollowMod:StagPassRelic","Membership Card","conspire:BottledYoYo","energizedSpire:SpiderWeb"],"acts_visited":["Exordium","TheCity"],"potions_floor_usage":[6,6,16,16,16,20,20],"damage_taken":[{"damage":9,"enemies":"Jaw Worm","floor":1,"turns":6},{"damage":0,"enemies":"conspire:RoseBush","floor":3,"turns":4},{"damage":0,"enemies":"2 Louse","floor":4,"turns":6},{"damage":10,"enemies":"2 Fungi Beasts","floor":5,"turns":7},{"damage":21,"enemies":"Gremlin Nob","floor":6,"turns":5},{"damage":9,"enemies":"Large Slime","floor":8,"turns":16},{"damage":18,"enemies":"Exordium Wildlife","floor":14,"turns":6},{"damage":11,"enemies":"Hexaghost","floor":16,"turns":8},{"damage":16,"enemies":"conspire:FuzzyDice","floor":18,"turns":6},{"damage":25,"enemies":"2 Thieves","floor":19,"turns":5},{"damage":49,"enemies":"Chosen and Byrds","floor":20,"turns":6}],"seed_played":"4705776880429862804","potions_obtained":[{"floor":4,"key":"jedi:hoardpotion"},{"floor":8,"key":"SpeedPotion"},{"floor":19,"key":"blueLaboratory:BottleOfRum"}],"is_trial":false,"path_per_floor":["M","?","M","M","M","E","?","M","T","R","$","?","R","M","R","B",null,"M","M","M"],"character_chosen":"THE_SCRIBE","items_purchased":["aspiration:ChemicalBlood","Mummified Hand","Membership Card","conspire:BottledYoYo"],"campfire_rested":1,"item_purchase_floors":[0,0,11,11],"current_hp_per_floor":[42,35,35,35,25,19,19,10,10,32,32,32,32,14,36,25,75,59,34,0,0],"gold":119,"neow_bonus":"","is_daily":false,"chose_seed":false,"campfire_upgraded":0,"win_rate":0.0,"timestamp":1614107805,"path_taken":["M","?","M","M","M","E","?","M","T","R","?","?","R","M","R","BOSS","M","M","M"],"items_purchased_type":["Relic","Relic","Relic","Relic"],"build_version":"2020-12-22","purchased_purges":0,"victory":false,"max_hp_per_floor":[75,75,75,75,75,75,75,75,75,75,75,75,75,75,75,75,75,75,75,75,75],"card_choices":[{"not_picked":["theScribe:LightningBolt","theScribe:MagicMissiles"],"picked":"theScribe:Maelstrom","floor":1},{"not_picked":["theScribe:FalseLife","theScribe:Frost"],"picked":"theScribe:MirrorImage","floor":3},{"not_picked":["theScribe:BluntWeapons","theScribe:Divination"],"picked":"theScribe:FrostvenomToxin","floor":4},{"not_picked":["theScribe:EnchantedStrike","theScribe:PriceOfKnowledge"],"picked":"theScribe:ScindoSpellstone","floor":5},{"not_picked":["theScribe:Incendio","theScribe:Divination"],"picked":"theScribe:Overcharge","floor":6},{"not_picked":["theScribe:FrostvenomToxin","theScribe:EnchantedStrike"],"picked":"theScribe:InvigoratingStrike","floor":8},{"not_picked":["theScribe:Overcharge","theScribe:TelumSpellstone"],"picked":"theScribe:Focused","floor":14},{"not_picked":["theScribe:FrostvenomToxin+1","theScribe:FranticSearch"],"picked":"theScribe:SacrificeRitual+1","floor":18},{"not_picked":["theScribe:SanguineSurge+1","theScribe:Insight+1"],"picked":"theScribe:Focused","floor":19}],"player_experience":645125,"relics_obtained":[{"floor":6,"key":"War Paint"},{"floor":9,"key":"HollowMod:StagPassRelic"}],"event_choices":[{"damage_healed":0,"gold_gain":0,"player_choice":"Success","damage_taken":7,"relics_obtained":["Runesmith:Locket"],"max_hp_gain":0,"max_hp_loss":0,"event_name":"Scrap Ooze","floor":2,"gold_loss":0},{"cards_removed":["theScribe:StarterDefend"],"damage_healed":0,"gold_gain":0,"player_choice":"Give","damage_taken":0,"max_hp_gain":0,"max_hp_loss":0,"event_name":"betterNote:BetterNote","floor":12,"gold_loss":0,"cards_obtained":["Moonworks:Strike"]}],"is_beta":false,"boss_relics":[{"not_picked":["Runic Dome","hubris:GrandSneckoEye"],"picked":"energizedSpire:SpiderWeb"}],"items_purged_floors":[],"is_endless":false,"potions_floor_spawned":[4,8,19],"killed_by":"Chosen and Byrds","ascension_level":0}}