{"host":"xwl7b08i4vco8s3a","time":1614092001,"event":{"mods":["BaseMod","Colored Powertips","Downfall","Hermit","Minty Spire (QoL Compilation)","Replay The Spire","StSLib","Wandering Minibosses"],"gold_per_floor":[109,109,123,134,147,180,180,200,200,229,229,154,167,223,223,223,223],"floor_reached":16,"language":"ENG","playtime":690,"items_purged":["hermit:Strike_Hermit"],"score":112,"play_id":"9cc928eb-64a5-4124-bc52-6cf0d26a147c","local_time":"20210223155321","is_ascension_mode":false,"campfire_choices":[{"floor":7,"key":"REST"},{"floor":11,"key":"REST"},{"floor":15,"key":"REST"}],"circlet_count":0,"master_deck":["hermit:Strike_Hermit","hermit:Strike_Hermit","hermit:Strike_Hermit","hermit:Defend_Hermit","hermit:Defend_Hermit","hermit:Defend_Hermit","hermit:Defend_Hermit","hermit:Snapshot","hermit:Covet","hermit:Spite","hermit:CursedWeapon","hermit:Enervate","hermit:GoldenBullet","hermit:Quickdraw"],"relics":["hermit:Momento","Replay:Accelerometer","Replay:Mystery Machine","Pen Nib"],"acts_visited":["Exordium"],"potions_floor_usage":[10,10,16],"damage_taken":[{"damage":1,"enemies":"Jaw Worm","floor":1,"turns":5},{"damage":0,"enemies":"Cultist","floor":3,"turns":3},{"damage":2,"enemies":"Small Slimes","floor":4,"turns":3},{"damage":20,"enemies":"Looter","floor":5,"turns":6},{"damage":49,"enemies":"Gremlin Nob","floor":6,"turns":6},{"damage":11,"enemies":"Blue Slaver","floor":8,"turns":4},{"damage":7,"enemies":"3 Sentries","floor":10,"turns":7},{"damage":22,"enemies":"Exordium Thugs","floor":13,"turns":3},{"damage":36,"enemies":"Hexaghost","floor":16,"turns":11}],"seed_played":"-5413790392056513938","potions_obtained":[{"floor":1,"key":"Energy Potion"},{"floor":3,"key":"Energy Potion"},{"floor":8,"key":"ColorlessPotion"},{"floor":13,"key":"Fire Potion"}],"is_trial":false,"path_per_floor":["M","?","M","M","M","E","R","M","T","E","R","$","M","?","R","B"],"character_chosen":"HERMIT","items_purchased":[],"campfire_rested":3,"item_purchase_floors":[],"current_hp_per_floor":[81,73,73,71,51,2,26,15,15,8,32,32,10,10,34,0,0],"gold":223,"neow_bonus":"TEN_PERCENT_HP_BONUS","is_daily":false,"chose_seed":false,"campfire_upgraded":0,"win_rate":0.0,"timestamp":1614092001,"path_taken":["M","?","M","M","?","E","R","M","T","E","R","$","M","?","R","BOSS"],"items_purchased_type":[],"build_version":"2020-12-22","purchased_purges":1,"victory":false,"max_hp_per_floor":[82,82,82,82,82,82,82,82,82,82,82,82,82,82,82,82,82],"card_choices":[{"not_picked":["hermit:GhostlyPresence","hermit:Desperado"],"picked":"hermit:Spite","floor":1},{"not_picked":["hermit:Grudge","hermit:Feint"],"picked":"hermit:CursedWeapon","floor":3},{"not_picked":["hermit:Manifest","hermit:Roulette","hermit:Coalescence"],"picked":"SKIP","floor":4},{"not_picked":["hermit:HoleUp","hermit:CursedWeapon","hermit:ItchyTrigger"],"picked":"SKIP","floor":5},{"not_picked":["hermit:TakeCover","hermit:Adapt","hermit:Ricochet"],"picked":"SKIP","floor":6},{"not_picked":["hermit:Roulette","hermit:Horror"],"picked":"hermit:Enervate","floor":8},{"not_picked":["hermit:Glare","hermit:Brawl"],"picked":"hermit:GoldenBullet","floor":10},{"not_picked":["hermit:WideOpen","hermit:SprayPray"],"picked":"hermit:Quickdraw","floor":13}],"player_experience":450749,"relics_obtained":[{"floor":6,"key":"Replay:Accelerometer"},{"floor":9,"key":"Replay:Mystery Machine"},{"floor":10,"key":"Pen Nib"}],"event_choices":[{"damage_healed":0,"gold_gain":0,"player_choice":"Damaged","damage_taken":8,"max_hp_gain":0,"max_hp_loss":0,"event_name":"Wheel of Change","floor":2,"gold_loss":0},{"damage_healed":0,"gold_gain":56,"player_choice":"Gained Gold","damage_taken":0,"max_hp_gain":0,"max_hp_loss":0,"event_name":"Golden Wing","floor":14,"gold_loss":0}],"is_beta":false,"boss_relics":[],"items_purged_floors":[12],"is_endless":false,"potions_floor_spawned":[1,3,8,13],"killed_by":"Hexaghost","ascension_level":0}}