{"host":"oq9vgnvl0fi8z8ha","time":1614123112,"event":{"mods":["Act Like it!","BaseMod","Block Reminder","Curses Come First","Evolution","Fox Events","Hallownest","Highlight Path","Minty Spire (QoL Compilation)","Relic Stats","Smile Girya","StSLib","The Blue Laboratory","The Bug Knight","Treasure Hunter","Unceasing Turn Reminder"],"gold_per_floor":[709,29,29,29,46,46,73,85,108,143,143,174,174,174,174,275,275,275,67,67,67,67,67,67,67,67,67,67,67,67,67,67,67,67,67,67,67,67,67,67,67,67,67,67,11,11,11,11,11,11,11],"floor_reached":50,"language":"ENG","playtime":4112,"items_purged":[],"score":642,"play_id":"d433ae9d-93b4-47b0-8729-381da3f8c2b8","local_time":"20210223163152","is_ascension_mode":true,"campfire_choices":[{"floor":6,"key":"RECALL"},{"data":"WindmillStrike","floor":11,"key":"SMITH"},{"floor":15,"key":"REST"},{"floor":23,"key":"REST"},{"data":"Consecrate","floor":25,"key":"SMITH"},{"floor":30,"key":"REST"},{"floor":32,"key":"REST"},{"floor":40,"key":"REST"},{"floor":42,"key":"REST"},{"floor":44,"key":"REST"},{"data":"BowlingBash","floor":46,"key":"SMITH"},{"floor":49,"key":"REST"}],"circlet_count":1,"master_deck":["EmptyFist+1","BowlingBash","SashWhip","CrushJoints","ThirdEye+1","Evaluate","EmptyBody","ThirdEye","Eruption","Vigilance","ReachHeaven+1","WindmillStrike+1","Nirvana","CrushJoints","Crescendo","Wireheading","TH:Mimic","Wallop","Swivel","TH:CopperCoins","TH:TreasureMap","CutThroughFate","TH:DeckOfManyThings","Establishment","TH:PixieDust","TH:BikiniMail","ConjureBlade","PathToVictory","Consecrate+1","ClearTheMind","TH:CursedSword","TH:CursedSword","Meditate","TH:CursedSword","TH:BikiniMail","FollowUp","BowlingBash+1","TH:CursedSword","PathToVictory+1","FlurryOfBlows","TH:PixieDust","DevaForm","BattleHymn+1","FlyingSleeves+1","Conclude","TH:DeckOfManyThings","MentalFortress+1","TH:DeckOfManyThings","LikeWater","Evaluate+1","Blind"],"relics":["EVO:Axolotl","Tiny House","Bag of Marbles","White Beast Statue","HandDrill","Hallownest:DreamNailRelic","Ancient Tea Set","Tiny Chest","Potion Belt","Circlet","Bag of Preparation","Ectoplasm","Sling","Lantern","PreservedInsect","Oddly Smooth Stone","Whetstone","The Courier","Empty Cage","HollowMod:LifeEnderRelic","InkBottle"],"acts_visited":["Exordium","TheCity","TheBeyond"],"potions_floor_usage":[7,10,16,18,18,21,27,31,33,33,33,37,38,41,47,50,50,50,50],"damage_taken":[{"damage":3,"enemies":"2_ Uuma","floor":1,"turns":3},{"damage":1,"enemies":"Hallownest:2_Tiktiks_and_1_Crawlid","floor":5,"turns":4},{"damage":13,"enemies":"Hallownest:eliteMossKnight","floor":7,"turns":9},{"damage":0,"enemies":"Hallownest:2_MossCreeps","floor":8,"turns":4},{"damage":8,"enemies":"Hallownest:eliteVengeflyKing","floor":10,"turns":6},{"damage":9,"enemies":"Hallownest:eliteCrystalGuardian","floor":12,"turns":4},{"damage":14,"enemies":"Hallownest:BossBrokenVessel","floor":16,"turns":8},{"damage":26,"enemies":"3 Byrds","floor":18,"turns":7},{"damage":0,"enemies":"Chosen","floor":20,"turns":4},{"damage":15,"enemies":"Snake Plant","floor":21,"turns":5},{"damage":10,"enemies":"HollowMod:Nosk","floor":24,"turns":7},{"damage":0,"enemies":"Gremlin Leader","floor":27,"turns":2},{"damage":14,"enemies":"Centurion and Healer","floor":28,"turns":4},{"damage":9,"enemies":"HollowMod:Nosk","floor":29,"turns":6},{"damage":27,"enemies":"Cultist and Chosen","floor":31,"turns":5},{"damage":39,"enemies":"Automaton","floor":33,"turns":7},{"damage":22,"enemies":"Orb Walker","floor":35,"turns":4},{"damage":42,"enemies":"3 Darklings","floor":37,"turns":5},{"damage":11,"enemies":"Maw","floor":38,"turns":6},{"damage":24,"enemies":"Jaw Worm Horde","floor":41,"turns":4},{"damage":0,"enemies":"Sphere and 2 Shapes","floor":47,"turns":2},{"damage":81,"enemies":"Time Eater","floor":50,"turns":7}],"seed_played":"-3388939744927614109","potions_obtained":[{"floor":0,"key":"LiquidBronze"},{"floor":1,"key":"LiquidBronze"},{"floor":5,"key":"DistilledChaos"},{"floor":7,"key":"DuplicationPotion"},{"floor":10,"key":"blueLaboratory:LouseDecoction"},{"floor":12,"key":"blueLaboratory:LouseDecoction"},{"floor":16,"key":"blueLaboratory:FruitPunch"},{"floor":18,"key":"Block Potion"},{"floor":20,"key":"blueLaboratory:PressurePotion"},{"floor":24,"key":"BlessingOfTheForge"},{"floor":27,"key":"blueLaboratory:PhilterOfMotion"},{"floor":28,"key":"blueLaboratory:FaithlessPotion"},{"floor":29,"key":"blueLaboratory:EpiphanyPotion"},{"floor":31,"key":"blueLaboratory:CorrosionFlask"},{"floor":33,"key":"Strength Potion"},{"floor":35,"key":"blueLaboratory:RememoryPotion"},{"floor":37,"key":"blueLaboratory:BottledTrinity"},{"floor":38,"key":"blueLaboratory:PhilterOfMotion"},{"floor":41,"key":"LiquidBronze"},{"floor":47,"key":"blueLaboratory:LouseDecoction"}],"is_trial":false,"path_per_floor":["M","$","?","?","M","R","E","M","T","E","R","E","?","T","R","B",null,"M","$","M","M","T","R","E","R","T","E","M","E","R","M","R","B",null,"M","?","M","M","T","R","M","R","T","R","$","R","M","?","R","B"],"character_chosen":"WATCHER","items_purchased":["Bag of Marbles","White Beast Statue","HandDrill","Nirvana","CrushJoints","Crescendo","Consecrate","Sling","LikeWater"],"campfire_rested":8,"item_purchase_floors":[2,2,2,2,2,2,19,19,45],"current_hp_per_floor":[75,75,75,75,74,74,61,61,61,53,53,44,44,44,67,53,78,54,54,54,39,39,63,53,53,53,53,39,30,54,27,51,12,80,58,58,16,5,5,29,5,29,29,53,53,53,53,53,77,0,0],"gold":11,"neow_bonus":"BOSS_RELIC","is_daily":false,"chose_seed":false,"campfire_upgraded":3,"win_rate":0.0,"timestamp":1614123112,"path_taken":["M","$","?","?","?","R","E","M","T","E","R","E","?","?","R","BOSS","M","?","M","M","?","R","E","R","T","E","M","E","R","?","R","BOSS","M","?","M","?","?","R","M","R","T","R","$","R","M","?","R","BOSS"],"items_purchased_type":["Relic","Relic","Relic","Card","Card","Card","Card","Relic","Card"],"build_version":"2020-12-22","purchased_purges":0,"victory":false,"max_hp_per_floor":[78,78,78,78,78,78,78,78,78,78,78,78,78,78,78,78,78,80,80,80,80,80,80,80,80,80,80,80,80,80,80,80,80,80,80,80,80,80,80,80,80,80,80,80,80,80,80,80,80,80,80],"relic_stats":{"counters":[22,113],"Tiny Chest":2,"Ectoplasm":381,"PreservedInsect":56,"HandDrill":[34],"Bag of Preparation":[32],"Whetstone":["ReachHeaven","EmptyFist"],"obtain_stats":[{"Potion Belt":12,"Lantern":22,"Tiny House":0,"HollowMod:LifeEnderRelic":39,"Circlet":13,"Oddly Smooth Stone":26,"PreservedInsect":24,"The Courier":29,"Hallownest:DreamNailRelic":4,"Bag of Preparation":14,"EVO:Axolotl":0,"Whetstone":27,"Ancient Tea Set":7,"Sling":19,"Empty Cage":34,"White Beast Statue":2,"Tiny Chest":10,"Ectoplasm":17,"Bag of Marbles":2,"HandDrill":2,"PureWater":0,"InkBottle":43},{"Potion Belt":6,"Lantern":10,"Tiny House":0,"HollowMod:LifeEnderRelic":19,"Circlet":6,"Oddly Smooth Stone":11,"PreservedInsect":11,"The Courier":14,"Hallownest:DreamNailRelic":1,"Bag of Preparation":6,"EVO:Axolotl":0,"Whetstone":12,"Ancient Tea Set":3,"Sling":8,"Empty Cage":16,"White Beast Statue":1,"Tiny Chest":5,"Ectoplasm":7,"Bag of Marbles":1,"HandDrill":1,"PureWater":0,"InkBottle":20},{"Potion Belt":30,"Lantern":54,"Tiny House":0,"HollowMod:LifeEnderRelic":100,"Circlet":30,"Oddly Smooth Stone":61,"PreservedInsect":61,"The Courier":73,"Hallownest:DreamNailRelic":3,"Bag of Preparation":30,"EVO:Axolotl":0,"Whetstone":63,"Ancient Tea Set":16,"Sling":45,"Empty Cage":85,"White Beast Statue":3,"Tiny Chest":26,"Ectoplasm":38,"Bag of Marbles":3,"HandDrill":3,"PureWater":0,"InkBottle":104}],"InkBottle":[3]},"card_choices":[{"not_picked":["Fasting2","Prostrate"],"picked":"ReachHeaven","floor":0},{"not_picked":["Evaluate","EmptyBody"],"picked":"WindmillStrike","floor":1},{"not_picked":["Protect","Indignation"],"picked":"Wireheading","floor":5},{"not_picked":["TH:EnergyPotion"],"picked":"TH:Mimic","floor":7},{"not_picked":["Blasphemy","BattleHymn"],"picked":"Wallop","floor":7},{"not_picked":["CrushJoints","FlyingSleeves"],"picked":"Swivel","floor":8},{"not_picked":["TH:EnergyPotion"],"picked":"TH:CopperCoins","floor":9},{"not_picked":["TH:PixieDust"],"picked":"TH:TreasureMap","floor":10},{"not_picked":["EmptyFist","BattleHymn"],"picked":"CutThroughFate","floor":10},{"not_picked":["TH:EnergyPotion"],"picked":"TH:DeckOfManyThings","floor":12},{"not_picked":["Evaluate","FollowUp"],"picked":"Establishment","floor":12},{"not_picked":["TH:EnergyPotion"],"picked":"TH:PixieDust","floor":14},{"not_picked":["TH:CursedSword"],"picked":"TH:BikiniMail","floor":16},{"not_picked":["Ragnarok","DeusExMachina"],"picked":"ConjureBlade","floor":16},{"not_picked":["Indignation","FollowUp"],"picked":"PathToVictory","floor":18},{"not_picked":["Prostrate","SandsOfTime"],"picked":"Adaptation","floor":20},{"not_picked":["FlyingSleeves+1","Meditate"],"picked":"ClearTheMind","floor":21},{"not_picked":["TH:EnergyPotion"],"picked":"TH:CursedSword","floor":22},{"not_picked":["TH:PixieDust"],"picked":"TH:CursedSword","floor":24},{"not_picked":["Pray","JustLucky"],"picked":"Meditate","floor":24},{"not_picked":["TH:EnergyPotion"],"picked":"TH:CursedSword","floor":26},{"not_picked":["TH:Mimic"],"picked":"TH:BikiniMail","floor":27},{"not_picked":["ClearTheMind+1","FlyingSleeves"],"picked":"FollowUp","floor":27},{"not_picked":["JustLucky","SashWhip"],"picked":"BowlingBash","floor":28},{"not_picked":["TH:EnergyPotion"],"picked":"TH:CursedSword","floor":29},{"not_picked":["EmptyFist+1","LikeWater"],"picked":"PathToVictory+1","floor":29},{"not_picked":["ThirdEye","Pray"],"picked":"FlurryOfBlows","floor":31},{"not_picked":["TH:CopperCoins"],"picked":"TH:PixieDust","floor":33},{"not_picked":["Devotion","Ragnarok"],"picked":"DevaForm","floor":33},{"not_picked":["JustLucky","Halt"],"picked":"BattleHymn+1","floor":35},{"not_picked":["CrushJoints","ThirdEye+1"],"picked":"FlyingSleeves+1","floor":37},{"not_picked":["Blasphemy","CrushJoints"],"picked":"Conclude","floor":38},{"not_picked":["TH:CursedSword"],"picked":"TH:DeckOfManyThings","floor":39},{"not_picked":["Vengeance","Prostrate"],"picked":"MentalFortress+1","floor":41},{"not_picked":["TH:TreasureMap"],"picked":"TH:DeckOfManyThings","floor":43},{"not_picked":["FollowUp","Worship+1"],"picked":"Evaluate+1","floor":47},{"not_picked":["Purity","TH:ArmorSpikes"],"picked":"Blind","floor":48}],"player_experience":257859,"relics_obtained":[{"floor":7,"key":"Ancient Tea Set"},{"floor":10,"key":"Tiny Chest"},{"floor":12,"key":"Potion Belt"},{"floor":14,"key":"Bag of Preparation"},{"floor":22,"key":"Lantern"},{"floor":24,"key":"PreservedInsect"},{"floor":26,"key":"Oddly Smooth Stone"},{"floor":27,"key":"Whetstone"},{"floor":29,"key":"The Courier"},{"floor":39,"key":"HollowMod:LifeEnderRelic"},{"floor":43,"key":"InkBottle"}],"event_choices":[{"damage_healed":0,"gold_gain":0,"player_choice":"Ignored","damage_taken":0,"max_hp_gain":0,"max_hp_loss":0,"event_name":"Purifier","floor":36,"gold_loss":0},{"damage_healed":0,"gold_gain":0,"player_choice":"Memory 1","damage_taken":0,"max_hp_gain":0,"max_hp_loss":0,"event_name":"SensoryStone","floor":48,"gold_loss":0}],"is_beta":false,"boss_relics":[{"not_picked":["SlaversCollar","Runic Pyramid"],"picked":"Ectoplasm"},{"not_picked":["Pandora\u0027s Box","Sozu"],"picked":"Empty Cage"}],"items_purged_floors":[],"is_endless":false,"potions_floor_spawned":[1,5,7,8,10,12,16,18,20,21,24,27,28,29,31,33,35,37,38,41,47],"killed_by":"Time Eater","ascension_level":1}}