{"host":"nwd160me4iqdtr8u","time":1614040770,"event":{"mods":["AchievementEnabler","Act Like it!","BaseMod","Colored Map","DeckTracker","Hallownest","Keyboard Shortcuts","Minty Spire (QoL Compilation)","Quick Restart","Rare Cards Sparkle","Smile Girya","StSLib","SuperFastMode","The Bug Knight","everything is the same but u backflip on backflip"],"gold_per_floor":[112,112,112,132,146,163,189,189,213,213,226,226,241,252,252,252,252],"floor_reached":16,"language":"KOR","playtime":735,"items_purged":[],"score":132,"play_id":"005d85f2-5561-4426-b7b6-8c9c8d1f1eb3","local_time":"20210223093930","is_ascension_mode":true,"campfire_choices":[{"data":"HollowMod:PureNailStrike","floor":10.0,"key":"SMITH"},{"data":"HollowMod:CornifersMapStart","floor":12.0,"key":"SMITH"},{"data":"HollowMod:GoodIntentions","floor":15,"key":"SMITH"}],"circlet_count":0,"master_deck":["HollowMod:NailStrikeStart","HollowMod:NailStrikeStart","HollowMod:NailStrikeStart","HollowMod:QuickDashStart","HollowMod:QuickDashStart","HollowMod:QuickDashStart","HollowMod:QuickDashStart","HollowMod:FocusHealStart","HollowMod:PogoStrike","HollowMod:PureNailStrike+1","HollowMod:HeavyBlow","HollowMod:CornifersMapStart+1","HollowMod:ChannelNail","HollowMod:DoubleDash","HollowMod:GoodIntentions+1"],"relics":["HollowMod:VesselMask","NeowsBlessing","Hallownest:DreamNailRelic","Akabeko","HollowMod:MantisClawRelic","Bag of Preparation"],"acts_visited":["Hallownest:Greenpath"],"potions_floor_usage":[16],"damage_taken":[{"damage":0.0,"enemies":"Hallownest:2_MossCreeps","floor":1.0,"turns":1.0},{"damage":0.0,"enemies":"Hallownest:monsterHuskWarrior","floor":4.0,"turns":1.0},{"damage":0.0,"enemies":"Hallownest:2_Baldur","floor":5.0,"turns":1.0},{"damage":13.0,"enemies":"Hallownest:Guard_and_Warrior","floor":6.0,"turns":7.0},{"damage":25.0,"enemies":"Hallownest:eliteCrystalGuardian","floor":7.0,"turns":6.0},{"damage":0.0,"enemies":"Hallownest:monsterMossCharger","floor":11.0,"turns":2.0},{"damage":6,"enemies":"Hallownest:1_Ooma_and_2_Uuma","floor":13,"turns":8},{"damage":5,"enemies":"Hallownest:monsterFoolEater","floor":14,"turns":3},{"damage":39,"enemies":"Hallownest:BossFalseKnight","floor":16,"turns":16}],"seed_played":"6036690903495743828","potions_obtained":[{"floor":4.0,"key":"AttackPotion"},{"floor":5.0,"key":"FearPotion"},{"floor":7.0,"key":"BlessingOfTheForge"}],"is_trial":false,"path_per_floor":["M","?","?","M","M","M","E","T","T","R","M","R","M","M","R","B"],"character_chosen":"THE_BUGKNIGHT","items_purchased":[],"campfire_rested":0,"item_purchase_floors":[],"current_hp_per_floor":[68,68,68,68,68,55,36,36,36,36,36,36,40,35,35,8,8],"gold":252,"neow_bonus":"THREE_ENEMY_KILL","is_daily":false,"chose_seed":false,"campfire_upgraded":3,"win_rate":0.0,"timestamp":1614040770,"path_taken":["M","?","?","M","?","M","E","?","T","R","M","R","M","M","R","BOSS"],"items_purchased_type":[],"build_version":"2020-12-22","purchased_purges":0,"victory":false,"max_hp_per_floor":[75,75,75,75,75,75,75,75,75,75,75,75,75,75,75,75,75],"card_choices":[{"not_picked":["HollowMod:SiblingsSouls","HollowMod:VengefulVoid"],"picked":"HollowMod:PureNailStrike","floor":1.0},{"not_picked":["HollowMod:InfectedAttack","HollowMod:NewLittleFool","HollowMod:DashSlash"],"picked":"SKIP","floor":4.0},{"not_picked":["HollowMod:NewLittleFool","HollowMod:BrokenVessel","HollowMod:InfectedAttack"],"picked":"SKIP","floor":5.0},{"not_picked":["HollowMod:SoulStrike","HollowMod:NewJinnsSoul"],"picked":"HollowMod:CornifersMapStart","floor":6.0},{"not_picked":["HollowMod:NewJinnsSoul","HollowMod:SiblingsSouls"],"picked":"HollowMod:ChannelNail","floor":7.0},{"not_picked":["HollowMod:VoidDash","HollowMod:NewJinnsSoul","HollowMod:HeavyBlow"],"picked":"SKIP","floor":11.0},{"not_picked":["HollowMod:MantisMark","HollowMod:SiblingsSouls"],"picked":"HollowMod:DoubleDash","floor":13},{"not_picked":["HollowMod:VengefulSpirit","HollowMod:WraithStrike"],"picked":"HollowMod:GoodIntentions","floor":14}],"player_experience":502124,"relics_obtained":[{"floor":7.0,"key":"Akabeko"},{"floor":8.0,"key":"HollowMod:MantisClawRelic"},{"floor":9.0,"key":"Bag of Preparation"}],"event_choices":[],"is_beta":false,"boss_relics":[],"items_purged_floors":[],"is_endless":false,"potions_floor_spawned":[4,5,7],"killed_by":"Hallownest:BossFalseKnight","ascension_level":6}}