{"host":"TheHustler","time":1614090269,"event":{"mods":["BaseMod","Block Reminder","Colored Map","Colored Powertips","Minty Spire (QoL Compilation)","Quick Restart","StSLib","SuperFastMode","Unceasing Turn Reminder"],"gold_per_floor":[144,189,189,66,111,201,163,265,277,379,481,493,580,42,42,342,342,387,387,12,12,12,102,147,237,237,837,537,627,627,717,717,1017,1017,1062,1062,1107,1257,657,747,837,837,862,862,862,907,561,651,651,651],"floor_reached":51,"language":"ENG","playtime":1315,"items_purged":["True Grit","Pain"],"score":1081,"play_id":"2231b316-f58b-489c-b97a-e50b1ac64e37","local_time":"20210223152429","daily_mods":["Draft","Flight","Midas"],"is_ascension_mode":false,"campfire_choices":[{"floor":15.0,"key":"REST"},{"floor":30,"key":"REST"},{"floor":32,"key":"REST"},{"data":"1","floor":45,"key":"LIFT"},{"data":"2","floor":49,"key":"LIFT"}],"circlet_count":0,"master_deck":["Body Slam+1","Shrug It Off+1","Shockwave","Heavy Blade","Iron Wave","Pommel Strike","Headbutt","Cleave","Anger","Iron Wave","Uppercut+1","Shrug It Off","Flash of Steel","Dropkick","Fire Breathing","Thunderclap+1","Immolate+1","Dropkick+1","Impervious","Spot Weakness+1","Berserk","Flame Barrier+1","Limit Break+1","Clothesline+1","Inflame","Berserk","Parasite","Barricade"],"relics":["Burning Blood","MawBank","InkBottle","Centennial Puzzle","Molten Egg 2","Calipers","Paper Frog","ClockworkSouvenir","Ancient Tea Set","Snecko Eye","Happy Flower","Akabeko","Bird Faced Urn","Toxic Egg 2","Old Coin","Singing Bowl","Vajra","Whetstone","Dream Catcher","War Paint","SlaversCollar","Girya","FossilizedHelix","Orrery","Toy Ornithopter","Gremlin Horn","Red Skull","Anchor","WarpedTongs","Thread and Needle"],"acts_visited":["Exordium","TheCity","TheBeyond"],"potions_floor_usage":[38,50,50,50],"damage_taken":[{"damage":3.0,"enemies":"Jaw Worm","floor":1.0,"turns":3.0},{"damage":0.0,"enemies":"Cultist","floor":2.0,"turns":3.0},{"damage":0.0,"enemies":"2 Louse","floor":5.0,"turns":3.0},{"damage":19.0,"enemies":"Gremlin Nob","floor":6.0,"turns":4.0},{"damage":13.0,"enemies":"3 Sentries","floor":8.0,"turns":5.0},{"damage":0.0,"enemies":"Lagavulin","floor":10.0,"turns":7.0},{"damage":5.0,"enemies":"Gremlin Nob","floor":11.0,"turns":4.0},{"damage":32.0,"enemies":"Hexaghost","floor":16.0,"turns":5.0},{"damage":1.0,"enemies":"Chosen","floor":18.0,"turns":2.0},{"damage":13,"enemies":"Gremlin Leader","floor":23,"turns":4},{"damage":0,"enemies":"Shell Parasite","floor":24,"turns":2},{"damage":7,"enemies":"Slavers","floor":25,"turns":2},{"damage":0,"enemies":"Colosseum Slavers","floor":27,"turns":1},{"damage":0,"enemies":"Colosseum Nobs","floor":27,"turns":2},{"damage":12,"enemies":"Book of Stabbing","floor":29,"turns":3},{"damage":16,"enemies":"Slavers","floor":31,"turns":2},{"damage":24,"enemies":"Collector","floor":33,"turns":7},{"damage":14,"enemies":"Orb Walker","floor":35,"turns":3},{"damage":19,"enemies":"3 Darklings","floor":37,"turns":3},{"damage":30,"enemies":"Mind Bloom Boss Battle","floor":38,"turns":4},{"damage":0,"enemies":"Reptomancer","floor":40,"turns":4},{"damage":5,"enemies":"Nemesis","floor":41,"turns":5},{"damage":3,"enemies":"Writhing Mass","floor":46,"turns":3},{"damage":0,"enemies":"Giant Head","floor":48,"turns":5},{"damage":24,"enemies":"Awakened One","floor":50,"turns":5}],"seed_played":"-7386017133472573341","potions_obtained":[{"floor":1.0,"key":"DistilledChaos"},{"floor":2.0,"key":"Dexterity Potion"},{"floor":8.0,"key":"LiquidBronze"},{"floor":23,"key":"DuplicationPotion"},{"floor":25,"key":"PowerPotion"},{"floor":38,"key":"Strength Potion"}],"is_trial":false,"path_per_floor":["M","M","?","$","M","E","?","E","T","E","E","?","?","$","R","B",null,"M","?","$","?","?","E","M","E","T","?","$","E","R","E","R","B",null,"M","?","M","?","$","E","E","?","T","?","R","M","$","E","R","B",null],"character_chosen":"IRONCLAD","items_purchased":["Flash of Steel","Dropkick","Paper Frog","ClockworkSouvenir","Ancient Tea Set","Happy Flower","Impervious","Vajra","Whetstone","FossilizedHelix","Orrery","Toy Ornithopter","Barricade","HeartOfIron"],"campfire_rested":3,"item_purchase_floors":[4,4,14,14,14,20,20,28,28,39,39,39,47,47],"current_hp_per_floor":[80,80,80,80,80,67,67,60,60,66,67,67,56,56,80,54,80,80,80,80,80,80,73,79,78,78,80,80,76,84,76,88,72,88,82,90,79,61,69,83,88,88,88,88,88,97,97,106,106,94],"gold":651,"neow_bonus":"","is_daily":true,"chose_seed":false,"campfire_upgraded":0,"win_rate":0.0,"timestamp":1614090269,"path_taken":["M","M","?","$","?","E","?","E","T","E","E","?","?","?","R","BOSS","M","?","$","?","?","E","?","E","T","?","$","E","R","E","R","BOSS","M","?","?","?","$","E","E","?","T","?","R","?","$","E","R","BOSS"],"items_purchased_type":["Card","Card","Relic","Relic","Relic","Relic","Card","Relic","Relic","Relic","Relic","Relic","Card","Potion"],"build_version":"2020-12-18","purchased_purges":2,"victory":true,"max_hp_per_floor":[80,80,80,80,80,80,80,80,80,80,80,80,80,80,80,80,80,80,80,80,80,80,80,80,80,80,80,80,82,84,86,88,88,88,90,90,92,92,100,102,102,102,102,102,102,104,104,106,106,106],"card_choices":[{"not_picked":["Thunderclap","Spot Weakness"],"picked":"Entrench","floor":0.0},{"not_picked":["True Grit","Evolve"],"picked":"Battle Trance","floor":0.0},{"not_picked":["Armaments","Iron Wave"],"picked":"Body Slam","floor":0.0},{"not_picked":["Searing Blow","Flame Barrier"],"picked":"Shrug It Off","floor":0.0},{"not_picked":["Flex","Heavy Blade"],"picked":"Shockwave","floor":0.0},{"not_picked":["Clash","Wild Strike"],"picked":"Heavy Blade","floor":0.0},{"not_picked":["Flex","Infernal Blade"],"picked":"Thunderclap","floor":0.0},{"not_picked":["Heavy Blade","Body Slam"],"picked":"Iron Wave","floor":0.0},{"not_picked":["True Grit","Rampage"],"picked":"Pommel Strike","floor":0.0},{"not_picked":["Pummel","Reckless Charge"],"picked":"Headbutt","floor":0.0},{"not_picked":["Flex","Body Slam"],"picked":"Cleave","floor":0.0},{"not_picked":["Perfected Strike","Heavy Blade"],"picked":"Anger","floor":0.0},{"not_picked":["Heavy Blade","Warcry"],"picked":"Iron Wave","floor":0.0},{"not_picked":["Pommel Strike","Battle Trance"],"picked":"Uppercut","floor":0.0},{"not_picked":["Perfected Strike","Headbutt"],"picked":"True Grit","floor":0.0},{"not_picked":["Heavy Blade","Anger","Sword Boomerang"],"picked":"SKIP","floor":1.0},{"not_picked":["Armaments","Entrench"],"picked":"Shrug It Off","floor":2.0},{"not_picked":["True Grit","Flex","Battle Trance"],"picked":"SKIP","floor":5.0},{"not_picked":["Shrug It Off","Spot Weakness","Perfected Strike"],"picked":"SKIP","floor":6.0},{"not_picked":["Intimidate","Flame Barrier","Evolve"],"picked":"SKIP","floor":8.0},{"not_picked":["Feel No Pain","Headbutt+1"],"picked":"Fire Breathing","floor":10.0},{"not_picked":["Rage","Metallicize"],"picked":"Thunderclap+1","floor":11.0},{"not_picked":["Demon Form","Corruption"],"picked":"Immolate+1","floor":16.0},{"not_picked":["Thunderclap+1","Heavy Blade+1"],"picked":"Dropkick+1","floor":18.0},{"not_picked":["Searing Blow+1","Ghostly Armor"],"picked":"Spot Weakness","floor":23},{"not_picked":["Infernal Blade","Pommel Strike+1","Flex"],"picked":"SKIP","floor":24},{"not_picked":["Iron Wave+1","Thunderclap+1"],"picked":"Berserk","floor":25},{"not_picked":["Entrench+1","Clash+1"],"picked":"Flame Barrier+1","floor":27},{"not_picked":["Reckless Charge+1","Thunderclap+1","Whirlwind+1"],"picked":"Singing Bowl","floor":29},{"not_picked":["Perfected Strike+1","Thunderclap+1","Heavy Blade+1"],"picked":"Singing Bowl","floor":30},{"not_picked":["Rage+1","Headbutt+1","Anger+1"],"picked":"Singing Bowl","floor":31},{"not_picked":["Havoc+1","Headbutt+1","Clash+1"],"picked":"Singing Bowl","floor":32},{"not_picked":["Juggernaut","Corruption"],"picked":"Limit Break+1","floor":33},{"not_picked":["Power Through+1","Thunderclap+1","True Grit+1"],"picked":"Singing Bowl","floor":35},{"not_picked":["Armaments+1","Pommel Strike+1","Havoc+1"],"picked":"Singing Bowl","floor":37},{"not_picked":["Dark Embrace+1","Impervious+1"],"picked":"Clothesline+1","floor":38},{"not_picked":["Thunderclap+1","Iron Wave+1","Shrug It Off+1"],"picked":"Singing Bowl","floor":39},{"not_picked":["Iron Wave+1","Sword Boomerang+1","Hemokinesis+1"],"picked":"Singing Bowl","floor":39},{"not_picked":["Headbutt+1","Pommel Strike+1","Infernal Blade+1"],"picked":"Singing Bowl","floor":39},{"not_picked":["Sword Boomerang+1","Body Slam+1"],"picked":"Inflame","floor":39},{"not_picked":["Battle Trance+1","Body Slam+1","Hemokinesis+1"],"picked":"Singing Bowl","floor":39},{"not_picked":["Headbutt+1","Twin Strike+1","Pommel Strike+1"],"picked":"Singing Bowl","floor":40},{"not_picked":["Body Slam+1","Warcry+1"],"picked":"Berserk","floor":41},{"not_picked":["Cleave+1","Bloodletting+1","Twin Strike+1"],"picked":"Singing Bowl","floor":46},{"not_picked":["Havoc+1","Cleave+1","True Grit+1"],"picked":"Singing Bowl","floor":48}],"player_experience":685651,"relics_obtained":[{"floor":6.0,"key":"MawBank"},{"floor":8.0,"key":"InkBottle"},{"floor":9.0,"key":"Centennial Puzzle"},{"floor":10.0,"key":"Molten Egg 2"},{"floor":11.0,"key":"Calipers"},{"floor":23,"key":"Akabeko"},{"floor":25,"key":"Bird Faced Urn"},{"floor":26,"key":"Toxic Egg 2"},{"floor":27,"key":"Old Coin"},{"floor":27,"key":"Singing Bowl"},{"floor":29,"key":"Dream Catcher"},{"floor":31,"key":"War Paint"},{"floor":38,"key":"Girya"},{"floor":40,"key":"Gremlin Horn"},{"floor":41,"key":"Red Skull"},{"floor":43,"key":"Anchor"},{"floor":48,"key":"Thread and Needle"}],"event_choices":[{"damage_healed":0.0,"max_hp_gain":0.0,"max_hp_loss":0.0,"gold_gain":0.0,"event_name":"The Woman in Blue","player_choice":"Bought 0 Potions","floor":3.0,"gold_loss":0.0,"damage_taken":0.0},{"cards_removed":["Entrench"],"damage_healed":0.0,"max_hp_gain":0.0,"max_hp_loss":0.0,"gold_gain":0.0,"event_name":"The Cleric","player_choice":"Card Removal","floor":7.0,"gold_loss":50.0,"damage_taken":0.0},{"cards_removed":["Thunderclap"],"damage_healed":0.0,"max_hp_gain":0.0,"max_hp_loss":0.0,"gold_gain":0.0,"event_name":"Living Wall","player_choice":"Forget","floor":12.0,"gold_loss":0.0,"damage_taken":0.0},{"damage_healed":0.0,"max_hp_gain":0.0,"max_hp_loss":0.0,"gold_gain":75.0,"event_name":"World of Goop","player_choice":"Gather Gold","floor":13.0,"gold_loss":0.0,"damage_taken":11.0},{"damage_healed":0,"gold_gain":0,"player_choice":"Ignored","damage_taken":0,"max_hp_gain":0,"max_hp_loss":0,"event_name":"Vampires","floor":19,"gold_loss":0},{"damage_healed":0,"gold_gain":0,"player_choice":"Ignored","damage_taken":0,"max_hp_gain":0,"max_hp_loss":0,"event_name":"Ghosts","floor":21,"gold_loss":0},{"damage_healed":0,"gold_gain":0,"player_choice":"0 cards matched","damage_taken":0,"max_hp_gain":0,"max_hp_loss":0,"event_name":"Match and Keep!","floor":22,"gold_loss":0,"cards_obtained":[]},{"damage_healed":0,"gold_gain":0,"player_choice":"Fight","damage_taken":0,"max_hp_gain":0,"max_hp_loss":0,"event_name":"Colosseum","floor":27,"gold_loss":0},{"damage_healed":0,"gold_gain":0,"player_choice":"Fought Nobs","damage_taken":0,"max_hp_gain":0,"max_hp_loss":0,"event_name":"Colosseum","floor":27,"gold_loss":0},{"cards_removed":["Battle Trance"],"damage_healed":8,"gold_gain":0,"player_choice":"Offered Uncommon","damage_taken":0,"max_hp_gain":0,"max_hp_loss":0,"event_name":"Bonfire Elementals","floor":36,"gold_loss":0},{"damage_healed":0,"gold_gain":0,"player_choice":"Fight","damage_taken":0,"max_hp_gain":0,"max_hp_loss":0,"event_name":"MindBloom","floor":38,"gold_loss":0},{"damage_healed":0,"gold_gain":0,"player_choice":"Ignored","damage_taken":0,"max_hp_gain":0,"max_hp_loss":0,"event_name":"Tomb of Lord Red Mask","floor":42,"gold_loss":0},{"damage_healed":0,"gold_gain":0,"player_choice":"Rummage","damage_taken":0,"relics_obtained":["WarpedTongs"],"max_hp_gain":0,"max_hp_loss":0,"event_name":"Accursed Blacksmith","floor":44,"gold_loss":0,"cards_obtained":["Pain"]}],"is_beta":true,"boss_relics":[{"not_picked":["Sozu","Astrolabe"],"picked":"Snecko Eye"},{"not_picked":["Black Star","Tiny House"],"picked":"SlaversCollar"}],"items_purged_floors":[20,47],"is_endless":false,"potions_floor_spawned":[1,2,8,11,23,25,27,33,37,38,48],"ascension_level":0}}