{"host":"a57oumegxze0vmhs","time":1614084717,"event":{"mods":["AchievementEnabler","BaseMod","Colored Powertips","Minty Spire (QoL Compilation)","Relic Stats"],"gold_per_floor":[119,89,99,114,114,114,141,141,141,158,173,204,204,224,224,301,301,321,321,420,430,442,442,471,471,471,471,488,83,113,129,129,129,129],"floor_reached":33,"language":"ENG","playtime":1327,"items_purged":["Strike_G"],"score":490,"play_id":"31ded043-1126-4f41-8259-0e58d2624217","local_time":"20210223145157","is_ascension_mode":true,"campfire_choices":[{"data":"Deadly Poison","floor":6,"key":"SMITH"},{"floor":13,"key":"REST"},{"floor":15,"key":"REST"},{"floor":23,"key":"REST"},{"floor":27,"key":"REST"},{"floor":32,"key":"REST"}],"circlet_count":0,"master_deck":["AscendersBane","Strike_G","Strike_G","Strike_G","Defend_G","Defend_G","Defend_G","Defend_G","Defend_G","Survivor","Neutralize","Dagger Spray","Deadly Poison+1","Sucker Punch","A Thousand Cuts","Heel Hook","Dash","Blade Dance","After Image","Accuracy","Backstab","A Thousand Cuts","Cloak And Dagger","Acrobatics+1","Adrenaline","Writhe","Backflip","Blade Dance+1","Adrenaline"],"relics":["Ring of the Snake","NeowsBlessing","Dream Catcher","Gremlin Horn","Mummified Hand","Darkstone Periapt","SlaversCollar","Juzu Bracelet","Potion Belt","Smiling Mask","Blood Vial","Sundial"],"acts_visited":["Exordium","TheCity"],"potions_floor_usage":[7,10,16,21,24,24],"damage_taken":[{"damage":0,"enemies":"Small Slimes","floor":1,"turns":1},{"damage":0,"enemies":"Cultist","floor":3,"turns":1},{"damage":0,"enemies":"Jaw Worm","floor":4,"turns":1},{"damage":24,"enemies":"Gremlin Nob","floor":7,"turns":5},{"damage":0,"enemies":"Lots of Slimes","floor":10,"turns":2},{"damage":0,"enemies":"2 Fungi Beasts","floor":11,"turns":2},{"damage":24,"enemies":"Lagavulin","floor":12,"turns":6},{"damage":2,"enemies":"3 Louse","floor":14,"turns":3},{"damage":28,"enemies":"Slime Boss","floor":16,"turns":8},{"damage":23,"enemies":"3 Byrds","floor":18,"turns":4},{"damage":6,"enemies":"Chosen","floor":21,"turns":5},{"damage":28,"enemies":"Sentry and Sphere","floor":22,"turns":6},{"damage":11,"enemies":"Book of Stabbing","floor":24,"turns":5},{"damage":27,"enemies":"Centurion and Healer","floor":28,"turns":7},{"damage":21,"enemies":"Slavers","floor":30,"turns":5},{"damage":33,"enemies":"Shelled Parasite and Fungi","floor":31,"turns":6},{"damage":45,"enemies":"Collector","floor":33,"turns":6}],"seed_played":"4477294571208430154","potions_obtained":[{"floor":2,"key":"GamblersBrew"},{"floor":2,"key":"Energy Potion"},{"floor":3,"key":"Block Potion"},{"floor":7,"key":"Fire Potion"},{"floor":14,"key":"Dexterity Potion"},{"floor":16,"key":"Poison Potion"},{"floor":21,"key":"BlessingOfTheForge"}],"is_trial":false,"path_per_floor":["M","?","M","M","T","R","E","?","T","M","M","E","R","M","R","B",null,"M","?","?","M","M","R","E","?","T","R","M","$","E","M","R","B"],"character_chosen":"THE_SILENT","items_purchased":["Blood Vial","FairyPotion","FairyPotion"],"campfire_rested":5,"item_purchase_floors":[29,29,29],"current_hp_per_floor":[63,63,63,63,63,63,39,39,39,39,39,15,36,34,55,27,59,36,36,36,30,2,23,12,18,18,40,13,13,17,9,31,0,0],"gold":129,"neow_bonus":"THREE_ENEMY_KILL","is_daily":false,"chose_seed":false,"campfire_upgraded":1,"win_rate":0.0,"timestamp":1614084717,"path_taken":["M","?","?","M","?","R","E","?","T","M","M","E","R","?","R","BOSS","M","?","?","M","M","R","E","?","T","R","M","?","E","M","R","BOSS"],"items_purchased_type":["Relic","Potion","Potion"],"build_version":"2020-12-22","purchased_purges":1,"victory":false,"max_hp_per_floor":[70,70,70,70,70,70,70,70,70,70,70,70,70,70,70,70,70,70,70,70,70,70,70,70,76,76,76,76,76,76,76,76,76,76],"relic_stats":{"Darkstone Periapt":6,"Blood Vial":6,"Dream Catcher":5,"Gremlin Horn":[18,18],"counters":[17,73],"Mummified Hand":[40],"Sundial":[0],"Juzu Bracelet":0,"Smiling Mask":25,"obtain_stats":[{"Darkstone Periapt":12,"Potion Belt":25,"Blood Vial":29,"SlaversCollar":17,"Dream Catcher":5,"NeowsBlessing":0,"Gremlin Horn":7,"Mummified Hand":9,"Sundial":30,"Juzu Bracelet":24,"Smiling Mask":26,"Ring of the Snake":0},{"Darkstone Periapt":7,"Potion Belt":13,"Blood Vial":14,"SlaversCollar":9,"Dream Catcher":3,"NeowsBlessing":0,"Gremlin Horn":4,"Mummified Hand":4,"Sundial":15,"Juzu Bracelet":13,"Smiling Mask":13,"Ring of the Snake":0},{"Darkstone Periapt":18,"Potion Belt":49,"Blood Vial":56,"SlaversCollar":29,"Dream Catcher":3,"NeowsBlessing":0,"Gremlin Horn":8,"Mummified Hand":8,"Sundial":61,"Juzu Bracelet":49,"Smiling Mask":49,"Ring of the Snake":0}],"Ring of the Snake":[34]},"card_choices":[{"not_picked":["Quick Slash","Dodge and Roll"],"picked":"Dagger Spray","floor":1},{"not_picked":["Cloak And Dagger","Deadly Poison","Dagger Throw"],"picked":"SKIP","floor":3},{"not_picked":["Cloak And Dagger","Dagger Throw"],"picked":"Deadly Poison","floor":3},{"not_picked":["Outmaneuver","Prepared"],"picked":"Sucker Punch","floor":4},{"not_picked":["Concentrate","Deadly Poison"],"picked":"A Thousand Cuts","floor":7},{"not_picked":["Quick Slash","Flying Knee"],"picked":"Dash","floor":10},{"not_picked":["Dodge and Roll","PiercingWail"],"picked":"Blade Dance","floor":11},{"not_picked":["Prepared","Deflect"],"picked":"After Image","floor":12},{"not_picked":["Poisoned Stab","Prepared"],"picked":"Accuracy","floor":14},{"not_picked":["Outmaneuver","Dodge and Roll"],"picked":"Backstab","floor":15},{"not_picked":["Doppelganger","Die Die Die"],"picked":"A Thousand Cuts","floor":16},{"not_picked":["Flying Knee","Infinite Blades","Slice"],"picked":"SKIP","floor":18},{"not_picked":["Crippling Poison","Dagger Spray"],"picked":"Cloak And Dagger","floor":21},{"not_picked":["Poisoned Stab","Blur"],"picked":"Acrobatics+1","floor":22},{"not_picked":["Quick Slash+1","Flying Knee"],"picked":"Adrenaline","floor":24},{"not_picked":["Bane","Reflex"],"picked":"Backflip","floor":27},{"not_picked":["Backflip","Slice","Quick Slash"],"picked":"SKIP","floor":28},{"not_picked":["Dagger Throw","Outmaneuver+1","Blur"],"picked":"SKIP","floor":30},{"not_picked":["Heel Hook","Deflect"],"picked":"Blade Dance+1","floor":31},{"not_picked":["Underhanded Strike","Prepared+1"],"picked":"Adrenaline","floor":32}],"player_experience":458190,"relics_obtained":[{"floor":5,"key":"Dream Catcher"},{"floor":7,"key":"Gremlin Horn"},{"floor":9,"key":"Mummified Hand"},{"floor":12,"key":"Darkstone Periapt"},{"floor":24,"key":"Juzu Bracelet"},{"floor":26,"key":"Smiling Mask"},{"floor":30,"key":"Sundial"}],"event_choices":[{"damage_healed":0,"gold_gain":0,"player_choice":"Bought 2 Potions","damage_taken":0,"max_hp_gain":0,"max_hp_loss":0,"event_name":"The Woman in Blue","floor":2,"gold_loss":0},{"damage_healed":0,"gold_gain":0,"cards_transformed":["Strike_G"],"player_choice":"Transformed","damage_taken":0,"max_hp_gain":0,"max_hp_loss":0,"event_name":"Transmorgrifier","floor":8,"gold_loss":0,"cards_obtained":["Heel Hook"]},{"damage_healed":0,"gold_gain":0,"player_choice":"Ignored","damage_taken":0,"max_hp_gain":0,"max_hp_loss":0,"event_name":"Ghosts","floor":19,"gold_loss":0},{"damage_healed":0,"gold_gain":99,"player_choice":"Stole From Cult","damage_taken":0,"max_hp_gain":0,"max_hp_loss":0,"event_name":"Nest","floor":20,"gold_loss":0},{"damage_healed":0,"gold_gain":0,"player_choice":"Opened","damage_taken":0,"relics_obtained":["Potion Belt"],"max_hp_gain":0,"max_hp_loss":0,"event_name":"The Mausoleum","floor":25,"gold_loss":0,"cards_obtained":["Writhe"]}],"is_beta":false,"boss_relics":[{"not_picked":["Sozu","Black Star"],"picked":"SlaversCollar"}],"items_purged_floors":[29],"is_endless":false,"potions_floor_spawned":[3,4,7,14,16,18,21],"killed_by":"Collector","ascension_level":13}}