{"host":"egwexuw5uvnxf11j","time":1614043088,"event":{"mods":["2.2 Compatiblity","Aspiration","BaseMod","Better Note","Better Sensory Stone","Better Third Choice","Displayed Cursed Tome","Downfall","Hermit","Key Reminder","Koishi","Marisa????????","Minty Spire (QoL Compilation)","Quick Restart","Shade Mod","Spicy Shops","StSLib","The Construct","The Cursed","The Runesmith","The Senshi","The Servant 0.9.4","Transform Curses"],"gold_per_floor":[117,117,134,148,6,6,20,45,45,45,60,75,75,85,85,183,183,199,199,229,50,250,281,281,295,367,401,401,401],"floor_reached":28,"language":"ENG","playtime":2917,"items_purged":[],"score":284,"play_id":"77f6b7ea-83a5-4722-bd15-3c3cfec755a4","local_time":"20210222201808","is_ascension_mode":true,"campfire_choices":[{"data":"hermit:Brawl","floor":6,"key":"SMITH"},{"floor":10,"key":"REST"},{"floor":13,"key":"REST"},{"floor":15,"key":"REST"},{"floor":24,"key":"REST"}],"circlet_count":0,"master_deck":["hermit:Strike_Hermit+1","hermit:Strike_Hermit+1","hermit:Strike_Hermit+1","hermit:Strike_Hermit+1","hermit:Defend_Hermit+1","hermit:Defend_Hermit+1","hermit:Defend_Hermit+1","hermit:Defend_Hermit+1","hermit:Snapshot+1","hermit:Covet","hermit:Combo","hermit:Roulette","hermit:WideOpen","hermit:Dive","hermit:Brawl+1","hermit:Snipe","hermit:Horror","hermit:BlackWind","hermit:WideOpen","hermit:Ricochet","hermit:RoundhouseKick","CurseOfTheBell","hermit:Coalescence","hermit:Quickdraw+1","Apotheosis","hermit:Determination","hermit:Enervate","hermit:Desperado+1"],"relics":["hermit:Momento","Mercury Hourglass","keyreminder:keyreminder","Matryoshka","Calling Bell","Omamori","construct:FoamFinger","CaptainsWheel","Red Mask","Nunchaku","PreservedInsect","Kunai","Darkstone Periapt"],"acts_visited":["Exordium","TheCity"],"potions_floor_usage":[8,16],"damage_taken":[{"damage":0,"enemies":"2 Louse","floor":1,"turns":3},{"damage":0,"enemies":"Cultist","floor":3,"turns":4},{"damage":16,"enemies":"Jaw Worm","floor":4,"turns":4},{"damage":17,"enemies":"Looter","floor":7,"turns":3},{"damage":24,"enemies":"Gremlin Nob","floor":8,"turns":4},{"damage":20,"enemies":"Large Slime","floor":11,"turns":4},{"damage":7,"enemies":"Lots of Slimes","floor":12,"turns":3},{"damage":6,"enemies":"3 Louse","floor":14,"turns":2},{"damage":61,"enemies":"Slime Boss","floor":16,"turns":8},{"damage":3,"enemies":"Chosen","floor":18,"turns":4},{"damage":35,"enemies":"Masked Bandits","floor":20,"turns":4},{"damage":27,"enemies":"Slavers","floor":23,"turns":5},{"damage":17,"enemies":"2 Thieves","floor":25,"turns":3},{"damage":19,"enemies":"Gremlin Leader","floor":27,"turns":4},{"damage":13,"enemies":"Shelled Parasite and Fungi","floor":28,"turns":1}],"seed_played":"905221216864173618","potions_obtained":[{"floor":1,"key":"BlessingOfTheForge"},{"floor":3,"key":"Strength Potion"},{"floor":7,"key":"hermit:BlackBile"},{"floor":12,"key":"Energy Potion"},{"floor":20,"key":"Guardian:BlockOnCardUsePotion"},{"floor":25,"key":"hexamod:SoulburnPotion"}],"is_trial":false,"path_per_floor":["M","?","M","M","$","R","M","E","T","R","M","M","R","M","R","B",null,"M","?","?","$","?","E","R","M","T","E","M"],"character_chosen":"HERMIT","items_purchased":["hermit:Dive","hermit:Brawl","Apotheosis"],"campfire_rested":4,"item_purchase_floors":[5,5,21],"current_hp_per_floor":[82,82,82,66,66,66,49,25,25,49,29,22,46,40,64,3,82,79,79,44,44,44,17,41,24,24,5,0,0],"gold":401,"neow_bonus":"TEN_PERCENT_HP_BONUS","is_daily":false,"chose_seed":false,"campfire_upgraded":1,"win_rate":0.0,"timestamp":1614043088,"path_taken":["M","?","M","M","$","R","?","E","T","R","M","M","R","M","R","BOSS","M","?","?","$","?","E","R","?","T","E","M"],"items_purchased_type":["Card","Card","Card"],"build_version":"2020-12-22","purchased_purges":0,"victory":false,"max_hp_per_floor":[82,82,82,82,82,82,82,82,82,82,82,82,82,82,82,82,82,82,82,82,82,82,82,82,82,82,82,82,82],"card_choices":[{"not_picked":["hermit:CalledShot","hermit:GoldenBullet"],"picked":"hermit:Combo","floor":1},{"not_picked":["hermit:NoHoldsBarred","hermit:CalledShot"],"picked":"hermit:Roulette","floor":3},{"not_picked":["hermit:Vantage","hermit:Cheat"],"picked":"hermit:WideOpen","floor":4},{"not_picked":["hermit:CalledShot","hermit:Misfire"],"picked":"hermit:Snipe","floor":7},{"not_picked":["hermit:Spite","hermit:Roulette"],"picked":"hermit:Horror","floor":8},{"not_picked":["hermit:NoHoldsBarred","hermit:Desperado"],"picked":"hermit:BlackWind","floor":11},{"not_picked":["hermit:FullyLoaded","hermit:Roulette"],"picked":"hermit:WideOpen","floor":12},{"not_picked":["hermit:Shortfuse","hermit:Feint"],"picked":"hermit:Ricochet","floor":14},{"not_picked":["hermit:DeadOrAlive","hermit:Purgatory"],"picked":"hermit:RoundhouseKick","floor":16},{"not_picked":["hermit:Maintenance","hermit:BodyArmor"],"picked":"hermit:Coalescence","floor":18},{"not_picked":["hermit:WideOpen","hermit:GhostlyPresence"],"picked":"hermit:Quickdraw+1","floor":20},{"not_picked":["hermit:Malice","hermit:HoleUp"],"picked":"hermit:Determination","floor":23},{"not_picked":["hermit:TrackingShot","hermit:GoldenBullet"],"picked":"hermit:Enervate","floor":25},{"not_picked":["hermit:Snipe","hermit:Ricochet"],"picked":"hermit:Desperado+1","floor":27}],"player_experience":2121417,"relics_obtained":[{"floor":8,"key":"Mercury Hourglass"},{"floor":9,"key":"Matryoshka"},{"floor":17,"key":"Omamori"},{"floor":17,"key":"construct:FoamFinger"},{"floor":17,"key":"CaptainsWheel"},{"floor":20,"key":"Red Mask"},{"floor":23,"key":"Nunchaku"},{"floor":26,"key":"PreservedInsect"},{"floor":26,"key":"Kunai"},{"floor":27,"key":"Darkstone Periapt"}],"event_choices":[{"damage_healed":0,"gold_gain":0,"player_choice":"Forge","damage_taken":0,"max_hp_gain":0,"max_hp_loss":0,"event_name":"Accursed Blacksmith","floor":2,"gold_loss":0,"cards_upgraded":["hermit:Snapshot"]},{"damage_healed":0,"gold_gain":0,"player_choice":"Simplicity","damage_taken":0,"max_hp_gain":0,"max_hp_loss":8,"event_name":"betterThird:BetterWriting","floor":19,"gold_loss":0},{"damage_healed":0,"gold_gain":0,"player_choice":"Fought Bandits","damage_taken":0,"max_hp_gain":0,"max_hp_loss":0,"event_name":"Masked Bandits","floor":20,"gold_loss":0},{"damage_healed":0,"gold_gain":250,"player_choice":"Bet on Owner","damage_taken":0,"max_hp_gain":0,"max_hp_loss":0,"event_name":"The Joust","floor":22,"gold_loss":50}],"is_beta":false,"boss_relics":[{"not_picked":["Ectoplasm","Fusion Hammer"],"picked":"Calling Bell"}],"items_purged_floors":[],"is_endless":false,"potions_floor_spawned":[1,3,7,12,14,20,25,27],"killed_by":"Shelled Parasite and Fungi","ascension_level":2}}