{"host":"3vooxnyv2lwdr2a7","time":1614075352,"event":{"mods":["BaseMod","Marisa£®ÏF”Í°°ƒß¿Ì…≥£©","Minty Spire (QoL Compilation)","Remilia£®¿Ÿ√◊¿Ú—«£©","Shapeshifter Mod","StSLib","The Cursed","The Servant 0.9.4","Youmu£®ªÍ∆«—˝√Œ£©"],"gold_per_floor":[111,129,129,129,153,153,212,225,225,225,266,266,287,74,74,217,217,258,276,294,294,294],"floor_reached":21,"language":"ZHS","playtime":1219,"items_purged":[],"score":233,"play_id":"0baa13d3-74a7-4af8-b747-ea5431fc44c5","local_time":"20210223181552","is_ascension_mode":false,"campfire_choices":[{"data":"RedMoon","floor":6.0,"key":"SMITH"},{"data":"Apotheosis","floor":15.0,"key":"SMITH"}],"circlet_count":0,"master_deck":["Strike_RM","Strike_RM","Strike_RM","Defend_RM","Defend_RM","Defend_RM","Defend_RM","RedMoon+1","ScarletShoot","BloodHunter","FavorOfDestiny+1","BlasphemousPunishment","SuperhumanBloodyKnife","StarOfDavid","GlobalNightmare","ScarletImprint","Apotheosis+1","CharismaGuard","EquivalentExchange","BloodAndWine","NightDance","VampireKiss+1"],"relics":["ScarletHat","NeowsBlessing","Golden Idol","InkBottle","Blue Candle","Boot","SlaversCollar"],"acts_visited":["Exordium","TheCity"],"potions_floor_usage":[],"damage_taken":[{"damage":0.0,"enemies":"Small Slimes","floor":1.0,"turns":2.0},{"damage":0.0,"enemies":"2 Louse","floor":2.0,"turns":1.0},{"damage":0.0,"enemies":"Jaw Worm","floor":5.0,"turns":1.0},{"damage":31.0,"enemies":"Gremlin Nob","floor":7.0,"turns":5.0},{"damage":15.0,"enemies":"Large Slime","floor":8.0,"turns":3.0},{"damage":4.0,"enemies":"Gremlin Gang","floor":11.0,"turns":4.0},{"damage":0.0,"enemies":"Red Slaver","floor":13.0,"turns":6.0},{"damage":10.0,"enemies":"Hexaghost","floor":16.0,"turns":9.0},{"damage":11.0,"enemies":"Spheric Guardian","floor":18.0,"turns":4.0},{"damage":13.0,"enemies":"Chosen","floor":19.0,"turns":6.0},{"damage":14.0,"enemies":"Snake Plant","floor":20.0,"turns":4.0},{"damage":0,"enemies":"3 Cultists","floor":21,"turns":1}],"seed_played":"-7916117118009767596","potions_obtained":[{"floor":5.0,"key":"ColorlessPotion"},{"floor":11.0,"key":"Block Potion"},{"floor":13.0,"key":"Block Potion"},{"floor":16.0,"key":"Strength Potion"},{"floor":18.0,"key":"SkillPotion"},{"floor":19.0,"key":"DuplicationPotion"}],"is_trial":false,"path_per_floor":["M","M","?","?","M","R","E","M","T","T","M","?","M","$","R","B",null,"M","M","M","M"],"character_chosen":"REMILIA","items_purchased":["Apotheosis","CharismaGuard"],"campfire_rested":0,"item_purchase_floors":[14,14],"current_hp_per_floor":[75,75,75,57,57,57,26,11,11,11,17,17,20,20,20,25,75,64,65,53,53,53],"gold":294,"neow_bonus":"THREE_ENEMY_KILL","is_daily":false,"chose_seed":false,"campfire_upgraded":2,"win_rate":0.0,"timestamp":1614075352,"path_taken":["M","M","?","?","M","R","E","M","T","?","M","?","M","$","R","BOSS","M","M","?","M"],"items_purchased_type":["Card","Card"],"build_version":"2020-12-22","purchased_purges":0,"victory":false,"max_hp_per_floor":[75,75,75,75,75,75,75,75,75,75,75,75,75,75,75,75,75,75,75,75,75,75],"card_choices":[{"not_picked":["ScarletDevil","RedMagic"],"picked":"BloodHunter","floor":1.0},{"not_picked":["ScarletImprint","Stigmanizer"],"picked":"FavorOfDestiny","floor":2.0},{"not_picked":["BombardNight","VampireKiss"],"picked":"BlasphemousPunishment","floor":5.0},{"not_picked":["CharismaGuard","BloodySeventeenLaser"],"picked":"SuperhumanBloodyKnife","floor":7.0},{"not_picked":["RedMagic","AfternoonTea"],"picked":"StarOfDavid","floor":8.0},{"not_picked":["BloodHunter","BlasphemousPunishment"],"picked":"GlobalNightmare","floor":11.0},{"not_picked":["VampireClaw","AfternoonTea"],"picked":"ScarletImprint","floor":13.0},{"not_picked":["BloodyCatastrophe","BloodySeventeenLaser"],"picked":"EquivalentExchange","floor":16.0},{"not_picked":["ScarletDevil","VampireClaw"],"picked":"BloodAndWine","floor":18.0},{"not_picked":["ForbiddenFruit+1","FavorOfDestiny"],"picked":"NightDance","floor":19.0},{"not_picked":["Ultimatum","BloodHunter"],"picked":"VampireKiss+1","floor":20.0}],"player_experience":941723,"relics_obtained":[{"floor":7.0,"key":"InkBottle"},{"floor":9.0,"key":"Blue Candle"},{"floor":10.0,"key":"Boot"}],"event_choices":[{"damage_healed":0.0,"max_hp_gain":0.0,"max_hp_loss":0.0,"gold_gain":0.0,"event_name":"Living Wall","player_choice":"Grow","floor":3.0,"gold_loss":0.0,"damage_taken":0.0,"cards_upgraded":["FavorOfDestiny"]},{"damage_healed":0.0,"max_hp_gain":0.0,"max_hp_loss":0.0,"gold_gain":0.0,"event_name":"Golden Idol","player_choice":"Take Damage","floor":4.0,"gold_loss":0.0,"damage_taken":18.0,"relics_obtained":["Golden Idol"]},{"cards_removed":["Strike_RM"],"damage_healed":0.0,"max_hp_gain":0.0,"max_hp_loss":0.0,"gold_gain":0.0,"event_name":"Wheel of Change","player_choice":"Card Removal","floor":12.0,"gold_loss":0.0,"damage_taken":0.0}],"is_beta":false,"boss_relics":[{"not_picked":["Sozu","Black Star"],"picked":"SlaversCollar"}],"items_purged_floors":[],"is_endless":false,"potions_floor_spawned":[5,11,13,16,18,19],"killed_by":"3 Cultists","ascension_level":0}}