{"host":"dwqr8rfkubzfvfti","time":1614105819,"event":{"mods":["BaseMod","Colored Map","Colored Powertips","Minty Spire (QoL Compilation)","Rare Cards Sparkle","Relic Stats"],"gold_per_floor":[99,17,17,17,17,17,17,17,17,17,17,17,17,17,17,17,17,17,0,0,0,0,0,0,0,0,0,0,0,0,0,0,0,0,0,0,0,0,0,0,0,0,0,0,0,0,0,0,0,0],"floor_reached":51,"language":"ENG","playtime":2469,"items_purged":[],"score":836,"play_id":"24af5f30-09fa-4abd-8b0b-3db2ceab7bf9","local_time":"20210223114339","is_ascension_mode":false,"campfire_choices":[{"data":"Eruption","floor":6,"key":"SMITH"},{"data":"Crescendo","floor":11,"key":"SMITH"},{"data":"Fasting2","floor":15,"key":"SMITH"},{"data":"Vault","floor":23,"key":"SMITH"},{"floor":32,"key":"REST"},{"floor":41,"key":"REST"},{"data":"Clumsy","floor":44,"key":"PURGE"},{"floor":49,"key":"REST"}],"circlet_count":0,"master_deck":["Strike_P+1","Strike_P","Strike_P","Defend_P","Defend_P","Defend_P","Defend_P","Eruption+1","Vigilance","FollowUp+1","WaveOfTheHand","Crescendo+1","EmptyBody","FollowUp","Fasting2+1","Wallop","Vault+1","Halt","FearNoEvil+1","ClearTheMind","Halt+1","Brilliance","Sanctity","Indignation+1","ClearTheMind+1","Prostrate","Omniscience","FlurryOfBlows+1","Consecrate","TalkToTheHand","FlurryOfBlows+1","Thinking Ahead","Tantrum+1"],"relics":["Ectoplasm","Ornamental Fan","Damaru","Bag of Marbles","SlaversCollar","Letter Opener","Whetstone","Dead Branch","Cursed Key","Peace Pipe","Singing Bowl","Red Mask","Mango"],"acts_visited":["Exordium","TheCity","TheBeyond"],"potions_floor_usage":[14,19,25,33,38,45,50,50],"damage_taken":[{"damage":0,"enemies":"2 Louse","floor":1,"turns":3},{"damage":0,"enemies":"Cultist","floor":3,"turns":2},{"damage":0,"enemies":"Small Slimes","floor":5,"turns":3},{"damage":18,"enemies":"Lagavulin","floor":7,"turns":8},{"damage":0,"enemies":"2 Fungi Beasts","floor":12,"turns":2},{"damage":0,"enemies":"3 Sentries","floor":14,"turns":4},{"damage":4,"enemies":"Hexaghost","floor":16,"turns":9},{"damage":0,"enemies":"Spheric Guardian","floor":18,"turns":3},{"damage":0,"enemies":"2 Thieves","floor":19,"turns":4},{"damage":0,"enemies":"Cultist and Chosen","floor":21,"turns":5},{"damage":0,"enemies":"Snecko","floor":22,"turns":4},{"damage":11,"enemies":"Shelled Parasite and Fungi","floor":24,"turns":5},{"damage":15,"enemies":"Gremlin Leader","floor":25,"turns":5},{"damage":0,"enemies":"Chosen and Byrds","floor":27,"turns":5},{"damage":0,"enemies":"Snake Plant","floor":28,"turns":3},{"damage":0,"enemies":"Book of Stabbing","floor":30,"turns":4},{"damage":14,"enemies":"Shelled Parasite and Fungi","floor":31,"turns":5},{"damage":2,"enemies":"Collector","floor":33,"turns":5},{"damage":0,"enemies":"3 Shapes","floor":35,"turns":4},{"damage":6,"enemies":"Orb Walker","floor":36,"turns":3},{"damage":0,"enemies":"Jaw Worm Horde","floor":37,"turns":4},{"damage":4,"enemies":"Writhing Mass","floor":38,"turns":5},{"damage":3,"enemies":"Sphere and 2 Shapes","floor":39,"turns":4},{"damage":19,"enemies":"Nemesis","floor":40,"turns":6},{"damage":17,"enemies":"Spire Growth","floor":45,"turns":5},{"damage":5,"enemies":"Giant Head","floor":47,"turns":6},{"damage":13,"enemies":"Awakened One","floor":50,"turns":8}],"seed_played":"7393067394330717182","potions_obtained":[{"floor":12,"key":"AttackPotion"},{"floor":14,"key":"EssenceOfSteel"},{"floor":19,"key":"LiquidBronze"},{"floor":24,"key":"Explosive Potion"},{"floor":25,"key":"Swift Potion"},{"floor":28,"key":"LiquidMemories"},{"floor":36,"key":"Ancient Potion"},{"floor":38,"key":"SpeedPotion"},{"floor":40,"key":"StancePotion"},{"floor":47,"key":"StancePotion"}],"is_trial":false,"path_per_floor":["M","$","M","?","M","R","E","?","T","?","R","M","?","E","R","B",null,"M","M","?","M","M","R","M","E","T","M","M","$","E","M","R","B",null,"M","M","M","M","M","E","R","?","T","R","M","?","E","$","R","B",null],"character_chosen":"WATCHER","items_purchased":["WaveOfTheHand"],"campfire_rested":3,"item_purchase_floors":[2],"current_hp_per_floor":[72,72,72,72,72,72,54,54,54,54,54,54,59,59,59,55,77,77,77,77,77,77,77,66,51,51,51,51,51,51,37,60,58,77,77,71,71,67,64,45,68,68,68,68,51,51,62,62,89,76],"gold":0,"neow_bonus":"BOSS_RELIC","is_daily":false,"chose_seed":false,"campfire_upgraded":4,"win_rate":0.0,"timestamp":1614105819,"path_taken":["M","$","M","?","?","R","E","?","T","?","R","?","?","E","R","BOSS","M","M","?","M","M","R","M","E","T","M","M","$","E","M","R","BOSS","M","M","M","M","M","E","R","?","T","R","M","?","E","$","R","BOSS"],"items_purchased_type":["Card"],"build_version":"2020-12-22","purchased_purges":0,"victory":true,"max_hp_per_floor":[72,72,72,72,72,72,72,72,72,72,72,72,77,77,77,77,77,77,77,77,77,77,77,77,77,77,77,77,77,77,77,77,77,77,77,77,77,77,77,77,77,77,77,77,77,77,93,93,93,93],"relic_stats":{"Peace Pipe":1,"Singing Bowl":2,"counters":[27,124],"Ornamental Fan":[132],"Dead Branch":[25],"Ectoplasm":684,"Letter Opener":[77],"Whetstone":["FollowUp","Strike_P"],"Cursed Key":1,"obtain_stats":[{"Singing Bowl":43,"Dead Branch":30,"Damaru":9,"Mango":47,"Letter Opener":25,"Whetstone":26,"Cursed Key":34,"Peace Pipe":40,"SlaversCollar":17,"Ornamental Fan":7,"Ectoplasm":0,"Bag of Marbles":14,"Red Mask":46,"PureWater":0},{"Singing Bowl":24,"Dead Branch":16,"Damaru":4,"Mango":26,"Letter Opener":13,"Whetstone":13,"Cursed Key":18,"Peace Pipe":24,"SlaversCollar":7,"Ornamental Fan":4,"Ectoplasm":0,"Bag of Marbles":6,"Red Mask":25,"PureWater":0},{"Singing Bowl":105,"Dead Branch":69,"Damaru":16,"Mango":116,"Letter Opener":57,"Whetstone":57,"Cursed Key":79,"Peace Pipe":105,"SlaversCollar":31,"Ornamental Fan":16,"Ectoplasm":0,"Bag of Marbles":22,"Red Mask":110,"PureWater":0}]},"card_choices":[{"not_picked":["Pray","BattleHymn"],"picked":"FollowUp","floor":1},{"not_picked":["Protect","SignatureMove"],"picked":"Crescendo","floor":3},{"not_picked":["Crescendo","JustLucky"],"picked":"EmptyBody","floor":5},{"not_picked":["Indignation","ClearTheMind"],"picked":"FollowUp","floor":7},{"not_picked":["Evaluate","FlyingSleeves"],"picked":"Fasting2","floor":12},{"not_picked":["Vengeance","FearNoEvil"],"picked":"Wallop","floor":14},{"not_picked":["Alpha","MasterReality"],"picked":"Vault","floor":16},{"not_picked":["SashWhip","SandsOfTime"],"picked":"Halt","floor":18},{"not_picked":["ThirdEye","ClearTheMind"],"picked":"FearNoEvil+1","floor":19},{"not_picked":["CrushJoints","Collect"],"picked":"ClearTheMind","floor":21},{"not_picked":["CarveReality","EmptyFist+1"],"picked":"Halt+1","floor":22},{"not_picked":["ReachHeaven","LikeWater"],"picked":"Brilliance","floor":24},{"not_picked":["InnerPeace","CutThroughFate+1"],"picked":"Sanctity","floor":25},{"not_picked":["EmptyBody","BowlingBash","Nirvana"],"picked":"SKIP","floor":27},{"not_picked":["Nirvana","BowlingBash"],"picked":"Indignation+1","floor":28},{"not_picked":["InnerPeace","CrushJoints+1"],"picked":"ClearTheMind+1","floor":30},{"not_picked":["Establishment","ClearTheMind"],"picked":"Prostrate","floor":31},{"not_picked":["LessonLearned","Alpha"],"picked":"Omniscience","floor":33},{"not_picked":["BattleHymn","CrushJoints"],"picked":"FlurryOfBlows+1","floor":35},{"not_picked":["Protect+1","Study"],"picked":"Consecrate","floor":36},{"not_picked":["CarveReality","WreathOfFlame","CutThroughFate+1"],"picked":"SKIP","floor":37},{"not_picked":["Crescendo+1","EmptyFist"],"picked":"TalkToTheHand","floor":38},{"not_picked":["EmptyBody","Protect+1","CutThroughFate"],"picked":"SKIP","floor":39},{"not_picked":["ForeignInfluence","CrushJoints+1"],"picked":"FlurryOfBlows+1","floor":40},{"not_picked":["Dark Shackles","The Bomb"],"picked":"Thinking Ahead","floor":42},{"not_picked":["Collect","Perseverance"],"picked":"Tantrum+1","floor":45},{"not_picked":["FlyingSleeves","SashWhip","ThirdEye+1"],"picked":"Singing Bowl","floor":47}],"player_experience":493021,"relics_obtained":[{"floor":7,"key":"Ornamental Fan"},{"floor":9,"key":"Damaru"},{"floor":14,"key":"Bag of Marbles"},{"floor":25,"key":"Letter Opener"},{"floor":26,"key":"Whetstone"},{"floor":30,"key":"Dead Branch"},{"floor":40,"key":"Peace Pipe"},{"floor":43,"key":"Singing Bowl"},{"floor":47,"key":"Mango"}],"event_choices":[{"cards_removed":["Strike_P"],"damage_healed":0,"gold_gain":0,"player_choice":"Offered Basic","damage_taken":0,"max_hp_gain":0,"max_hp_loss":0,"event_name":"Bonfire Elementals","floor":4,"gold_loss":0},{"damage_healed":0,"gold_gain":0,"player_choice":"Ignored","damage_taken":0,"max_hp_gain":0,"max_hp_loss":0,"event_name":"Golden Wing","floor":8,"gold_loss":0},{"damage_healed":0,"gold_gain":0,"player_choice":"Leave","damage_taken":0,"max_hp_gain":0,"max_hp_loss":0,"event_name":"FaceTrader","floor":10,"gold_loss":0},{"damage_healed":0,"gold_gain":0,"player_choice":"Donut","damage_taken":0,"max_hp_gain":5,"max_hp_loss":0,"event_name":"Big Fish","floor":13,"gold_loss":0},{"damage_healed":0,"gold_gain":0,"player_choice":"Ignored","damage_taken":0,"max_hp_gain":0,"max_hp_loss":0,"event_name":"Ghosts","floor":20,"gold_loss":0},{"damage_healed":0,"gold_gain":0,"player_choice":"Memory 1","damage_taken":0,"max_hp_gain":0,"max_hp_loss":0,"event_name":"SensoryStone","floor":42,"gold_loss":0},{"damage_healed":0,"gold_gain":0,"player_choice":"Paid","damage_taken":0,"relics_obtained":["Red Mask"],"max_hp_gain":0,"max_hp_loss":0,"event_name":"Tomb of Lord Red Mask","floor":46,"gold_loss":0}],"is_beta":false,"boss_relics":[{"not_picked":["Astrolabe","Busted Crown"],"picked":"SlaversCollar"},{"not_picked":["Coffee Dripper","Runic Dome"],"picked":"Cursed Key"}],"items_purged_floors":[],"is_endless":false,"potions_floor_spawned":[12,14,19,24,25,28,36,38,40,47],"ascension_level":0}}