{"host":"jyt72nbfoih0mxuq","time":1614115679,"event":{"mods":["BaseMod","Minty Spire (QoL Compilation)","Relic Stats"],"gold_per_floor":[14,24,24,24,40,65,65,98,98,98,116,116,41,58,58,155,155,172,203,217,117,133,133,133],"floor_reached":23,"language":"ENG","playtime":1439,"items_purged":["Bash","Strike_R"],"score":291,"play_id":"7b994146-a89c-48c0-9064-60c4066673bd","local_time":"20210223222759","is_ascension_mode":true,"campfire_choices":[{"data":"Uppercut","floor":10,"key":"SMITH"},{"data":"Flame Barrier","floor":12,"key":"SMITH"},{"data":"Shrug It Off","floor":15,"key":"SMITH"}],"circlet_count":0,"master_deck":["Strike_R","Strike_R","Strike_R","Defend_R","Defend_R","Defend_R","Defend_R","Twin Strike","Flame Barrier+1","Rampage","Uppercut+1","Evolve","Shrug It Off+1","Immolate","Spot Weakness+1","Sword Boomerang"],"relics":["Burning Blood","Gambling Chip","Eternal Feather","White Beast Statue","Mummified Hand","Philosopher\u0027s Stone","Red Mask"],"acts_visited":["Exordium","TheCity"],"potions_floor_usage":[11,18,18,19,20,23],"damage_taken":[{"damage":1,"enemies":"Cultist","floor":1,"turns":5},{"damage":9,"enemies":"Jaw Worm","floor":2,"turns":5},{"damage":0,"enemies":"2 Louse","floor":5,"turns":3},{"damage":38,"enemies":"Lagavulin","floor":6,"turns":7},{"damage":28,"enemies":"3 Sentries","floor":8,"turns":10},{"damage":0,"enemies":"Looter","floor":11,"turns":2},{"damage":0,"enemies":"Large Slime","floor":14,"turns":7},{"damage":24,"enemies":"Hexaghost","floor":16,"turns":12},{"damage":7,"enemies":"Spheric Guardian","floor":18,"turns":4},{"damage":48,"enemies":"Masked Bandits","floor":19,"turns":6},{"damage":0,"enemies":"3 Byrds","floor":20,"turns":3},{"damage":22,"enemies":"Shelled Parasite and Fungi","floor":22,"turns":7},{"damage":3,"enemies":"Chosen and Byrds","floor":23,"turns":4}],"seed_played":"-4967075992820337581","potions_obtained":[{"floor":1,"key":"Explosive Potion"},{"floor":8,"key":"SpeedPotion"},{"floor":11,"key":"DistilledChaos"},{"floor":14,"key":"Energy Potion"},{"floor":18,"key":"LiquidBronze"},{"floor":19,"key":"Explosive Potion"},{"floor":20,"key":"Ancient Potion"},{"floor":22,"key":"BlessingOfTheForge"}],"is_trial":false,"path_per_floor":["M","M","?","$","M","E","?","E","T","R","M","R","$","M","R","B",null,"M","?","M","$","M","M"],"character_chosen":"IRONCLAD","items_purchased":[],"campfire_rested":0,"item_purchase_floors":[],"current_hp_per_floor":[77,74,74,74,80,48,48,26,26,32,38,47,47,53,59,41,70,69,27,33,33,17,14,14],"gold":133,"neow_bonus":"ONE_RARE_RELIC","is_daily":false,"chose_seed":false,"campfire_upgraded":3,"win_rate":0.0,"timestamp":1614115679,"path_taken":["M","M","?","?","M","E","?","E","T","R","M","R","$","M","R","BOSS","M","?","M","$","M","M"],"items_purchased_type":[],"build_version":"2020-12-22","purchased_purges":2,"victory":false,"max_hp_per_floor":[80,80,80,80,80,80,80,80,80,80,80,80,80,80,80,80,80,80,80,80,80,80,80,80],"relic_stats":{"counters":[13,75],"Mummified Hand":[2],"Gambling Chip":[36],"Eternal Feather":21,"obtain_stats":[{"Mummified Hand":9,"Gambling Chip":0,"Eternal Feather":6,"Philosopher\u0027s Stone":17,"Red Mask":19,"Burning Blood":0,"White Beast Statue":8},{"Mummified Hand":5,"Gambling Chip":0,"Eternal Feather":4,"Philosopher\u0027s Stone":8,"Red Mask":10,"Burning Blood":0,"White Beast Statue":5},{"Mummified Hand":30,"Gambling Chip":0,"Eternal Feather":20,"Philosopher\u0027s Stone":51,"Red Mask":61,"Burning Blood":0,"White Beast Statue":30}],"Burning Blood":72},"card_choices":[{"not_picked":["Clash","True Grit"],"picked":"Twin Strike","floor":1},{"not_picked":["Armaments","Iron Wave","Havoc"],"picked":"SKIP","floor":2},{"not_picked":["Seeing Red","Reckless Charge"],"picked":"Rampage","floor":5},{"not_picked":["Cleave","Flame Barrier"],"picked":"Uppercut","floor":6},{"not_picked":["Brutality","Body Slam"],"picked":"Evolve","floor":8},{"not_picked":["Twin Strike","Metallicize"],"picked":"Shrug It Off","floor":11},{"not_picked":["Second Wind","Heavy Blade","Blood for Blood"],"picked":"SKIP","floor":14},{"not_picked":["Limit Break","Offering"],"picked":"Immolate","floor":16},{"not_picked":["Feel No Pain","Clothesline","Flame Barrier"],"picked":"SKIP","floor":18},{"not_picked":["Metallicize","Seeing Red"],"picked":"Spot Weakness+1","floor":20},{"not_picked":["Perfected Strike","Havoc"],"picked":"Sword Boomerang","floor":22}],"player_experience":229176,"relics_obtained":[{"floor":6,"key":"Eternal Feather"},{"floor":8,"key":"White Beast Statue"},{"floor":9,"key":"Mummified Hand"},{"floor":19,"key":"Red Mask"}],"event_choices":[{"damage_healed":0,"gold_gain":0,"cards_transformed":["Strike_R"],"player_choice":"Change","damage_taken":0,"max_hp_gain":0,"max_hp_loss":0,"event_name":"Living Wall","floor":3,"gold_loss":0,"cards_obtained":["Flame Barrier"]},{"damage_healed":0,"gold_gain":0,"player_choice":"Fled","damage_taken":0,"max_hp_gain":0,"max_hp_loss":0,"event_name":"Scrap Ooze","floor":7,"gold_loss":0},{"damage_healed":0,"gold_gain":0,"player_choice":"Fought Bandits","damage_taken":0,"max_hp_gain":0,"max_hp_loss":0,"event_name":"Masked Bandits","floor":19,"gold_loss":0}],"is_beta":false,"boss_relics":[{"not_picked":["Runic Pyramid","Busted Crown"],"picked":"Philosopher\u0027s Stone"}],"items_purged_floors":[13,21],"is_endless":false,"potions_floor_spawned":[1,8,11,14,16,18,19,20,22],"killed_by":"Chosen and Byrds","ascension_level":9}}