{"host":"tvwbxqry54t86y0v","time":1614056614,"event":{"mods":["2.2 Compatiblity","A Magickal Journey","Act Like it!","Arknights","Astrologer","BaseMod","Beaked The Cultist","BetterRewards","Block Reminder","Clockwork Mod","Colored Powertips","DeckTracker","Downfall","Fiend Mod","GungeonMod","Hermit","Hubris","Infinite Spire","Ironclad Rager","JesterMod","Marked Mod","Mimic Mod","Minty Spire (QoL Compilation)","Potionbrewer","Reliquary","Replay The Spire","Robot Space Explorer","Shade Mod","Somnambulant","StSLib","The Bug Knight","The Cursed","The Death Knight","The Druid","The Elementalist","The Exalted","The Forsaken","The Hierophant","The Jungle","The Marked","The Mystic","The Problem Sleuth","The Runesmith","The Senshi","The Spell Scribe","The Valiant","The Wild Card","TheFirefly","TheHeartMod","TheVacant","Unceasing Turn Reminder","thorton"],"gold_per_floor":[109,184,359,359,373,373,408,426,460,494,511,511,525,537,537,635,635,619,631,631,648,661,661,671,688,688,688,688],"floor_reached":27,"language":"ENG","playtime":9386,"items_purged":[],"score":254,"play_id":"d089d1b8-4228-42f9-942d-ffb638476720","local_time":"20210223160334","is_ascension_mode":false,"campfire_choices":[{"data":"jesterMod:Sickle","floor":6,"key":"SMITH"},{"floor":12,"key":"REST"},{"data":"jesterMod:Disposophobia","floor":15,"key":"SMITH"},{"floor":23,"key":"REST"}],"circlet_count":0,"master_deck":["jesterMod:Strike","jesterMod:Strike","jesterMod:Strike","jesterMod:Strike","jesterMod:Sickle+1","jesterMod:Defend","jesterMod:Defend","jesterMod:Defend","jesterMod:Defend","jesterMod:Dodge","jesterMod:Illness","jesterMod:Frenzy","jesterMod:Frenzy","jesterMod:Placebo","jesterMod:Schizophrenia","jesterMod:Precipitation","jesterMod:Disposophobia+1","jesterMod:Juggler","jesterMod:Feint+1","jesterMod:Precipitation"],"relics":["jesterMod:JesterCap","Thread and Needle","infinitespire:PuzzleCube","jesterMod:LoadedDice","theSleuth:SaltedMelon","theSleuth:SaltedMelon","hubris:TinFlute"],"acts_visited":["Exordium","TheCity"],"potions_floor_usage":[7,11,22],"damage_taken":[{"damage":0,"enemies":"ats:Genji","floor":1,"turns":4},{"damage":0,"enemies":"Small Slimes","floor":5,"turns":4},{"damage":29,"enemies":"HollowMod:MossKnight","floor":7,"turns":21},{"damage":0,"enemies":"2 Louse","floor":8,"turns":3},{"damage":0,"enemies":"Exordium Thugs","floor":9,"turns":10},{"damage":0,"enemies":"Replay:BlueRogue","floor":10,"turns":8},{"damage":0,"enemies":"Exordium Thugs","floor":11,"turns":5},{"damage":2,"enemies":"Gremlin Gang","floor":13,"turns":5},{"damage":4,"enemies":"3 Louse","floor":14,"turns":4},{"damage":23,"enemies":"Slime Boss","floor":16,"turns":7},{"damage":18,"enemies":"2 Thieves","floor":18,"turns":5},{"damage":10,"enemies":"Shelled Parasite and Fungi","floor":19,"turns":9},{"damage":35,"enemies":"Sentry and Sphere","floor":21,"turns":13},{"damage":10,"enemies":"Snake Plant","floor":22,"turns":10},{"damage":7,"enemies":"Snecko","floor":24,"turns":6},{"damage":1,"enemies":"Centurion and Healer","floor":25,"turns":7},{"damage":22,"enemies":"Snake Plant","floor":27,"turns":4}],"seed_played":"-4898774832765837453","potions_obtained":[{"floor":5,"key":"Venom Potion"},{"floor":8,"key":"Elixir"},{"floor":10,"key":"potionbrewer:DiscountPotion"},{"floor":21,"key":"Swift Potion"}],"is_trial":false,"path_per_floor":["M","?","?","?","M","R","E","M","MIM","E","M","R","M","M","R","B",null,"M","M","?","M","M","R","M","M","T","M"],"character_chosen":"THE_JESTER","items_purchased":[],"campfire_rested":2,"item_purchase_floors":[],"current_hp_per_floor":[77,66,66,66,66,66,37,37,37,37,37,60,58,54,54,31,77,59,49,49,14,4,29,22,21,21,0,0],"gold":688,"neow_bonus":"TEN_PERCENT_HP_BONUS","is_daily":false,"chose_seed":false,"campfire_upgraded":2,"win_rate":0.0,"timestamp":1614056614,"path_taken":["M","?","?","?","M","R","E","M","MIM","E","M","R","M","M","R","BOSS","M","M","?","M","M","R","M","M","T","M"],"items_purchased_type":[],"build_version":"2020-12-22","purchased_purges":0,"victory":false,"max_hp_per_floor":[77,77,77,77,77,77,77,77,77,77,77,77,77,77,77,77,77,77,77,77,77,77,79,79,79,79,79,79],"card_choices":[{"not_picked":["jesterMod:Tinker","jesterMod:Rebuff","jesterMod:Taunt"],"picked":"SKIP","floor":1},{"not_picked":["jesterMod:QuickStrike","jesterMod:Tinker"],"picked":"jesterMod:Illness","floor":5},{"not_picked":["jesterMod:Arrythmia","jesterMod:Anticipation"],"picked":"jesterMod:Frenzy","floor":7},{"not_picked":["jesterMod:Anticipation","jesterMod:JackInTheBox"],"picked":"jesterMod:Frenzy","floor":8},{"not_picked":["jesterMod:PerfectDodge","jesterMod:DanceOfChaos"],"picked":"jesterMod:Placebo","floor":9},{"not_picked":["jesterMod:Twirl","jesterMod:Hide"],"picked":"jesterMod:Schizophrenia","floor":10},{"not_picked":["jesterMod:DanceOfChaos","jesterMod:Discretion"],"picked":"jesterMod:Precipitation","floor":11},{"not_picked":["jesterMod:ButterKnife","jesterMod:RecklessStrike","jesterMod:QuickStrike"],"picked":"SKIP","floor":13},{"not_picked":["jesterMod:JackInTheBox","jesterMod:DanceOfChaos"],"picked":"jesterMod:Disposophobia","floor":14},{"not_picked":["jesterMod:ButterflyDance","jesterMod:Pillage"],"picked":"jesterMod:Juggler","floor":16},{"not_picked":["jesterMod:DancingMad","jesterMod:BouncingKnife"],"picked":"jesterMod:Feint+1","floor":18},{"not_picked":["jesterMod:Haste+1","jesterMod:JackInTheBox"],"picked":"jesterMod:Precipitation","floor":19},{"not_picked":["jesterMod:Schizophrenia","jesterMod:Anticipation","jesterMod:Patience+1"],"picked":"SKIP","floor":21},{"not_picked":["jesterMod:Arrythmia","jesterMod:Patience","jesterMod:Prankster"],"picked":"SKIP","floor":22},{"not_picked":["jesterMod:JackInTheBox","jesterMod:SelfMockery","jesterMod:Rebuff"],"picked":"SKIP","floor":24},{"not_picked":["jesterMod:Schizophrenia","jesterMod:RecklessStrike","jesterMod:Patience"],"picked":"SKIP","floor":25}],"player_experience":1174157,"relics_obtained":[{"floor":7,"key":"Thread and Needle"},{"floor":9,"key":"infinitespire:PuzzleCube"},{"floor":26,"key":"hubris:TinFlute"}],"event_choices":[{"damage_healed":0,"gold_gain":75,"player_choice":"Gather Gold","damage_taken":11,"max_hp_gain":0,"max_hp_loss":0,"event_name":"World of Goop","floor":2,"gold_loss":0},{"damage_healed":0,"gold_gain":175,"player_choice":"AGREE","damage_taken":0,"max_hp_gain":0,"max_hp_loss":0,"event_name":"Liars Game","floor":3,"gold_loss":0,"cards_obtained":["Doubt"]},{"cards_removed":["Doubt"],"damage_healed":0,"gold_gain":0,"player_choice":"Forget","damage_taken":0,"max_hp_gain":0,"max_hp_loss":0,"event_name":"Living Wall","floor":4,"gold_loss":0}],"is_beta":false,"boss_relics":[{"not_picked":["Fusion Hammer","Runic Dome"],"picked":"jesterMod:LoadedDice"}],"items_purged_floors":[],"is_endless":false,"potions_floor_spawned":[5,8,10,21],"killed_by":"Snake Plant","ascension_level":0}}