{"host":"f8toxsj3bk02pkeu","time":1614097071,"event":{"mods":["BaseMod","Minty Spire (QoL Compilation)","Permanent Neow","Quick Restart","StSLib","SuperFastMode"],"gold_per_floor":[109,124,142,154,154,154,187,200,200,200,234,18,18,29,29,29,29],"floor_reached":16,"language":"ENG","playtime":343,"items_purged":[],"score":224,"play_id":"9f172964-835c-48a7-9cc0-b31521684b92","local_time":"20210223091751","is_ascension_mode":true,"campfire_choices":[{"data":"Poisoned Stab","floor":6.0,"key":"SMITH"},{"floor":15,"key":"REST"}],"circlet_count":0,"master_deck":["AscendersBane","Strike_G","Strike_G","Strike_G","Strike_G","Defend_G","Defend_G","Defend_G","Defend_G","Defend_G","Survivor","Neutralize+1","Slice","Poisoned Stab+1","Deflect","Deadly Poison","Poisoned Stab","Venomology","Backflip","Bane","Dash"],"relics":["Busted Crown","Omamori","Shovel","Prayer Wheel","Membership Card","FaceOfCleric"],"acts_visited":["Exordium"],"potions_floor_usage":[14,16,16],"damage_taken":[{"damage":2.0,"enemies":"Jaw Worm","floor":1.0,"turns":7.0},{"damage":2.0,"enemies":"Small Slimes","floor":2.0,"turns":3.0},{"damage":0.0,"enemies":"Cultist","floor":3.0,"turns":4.0},{"damage":13.0,"enemies":"Large Slime","floor":4.0,"turns":7.0},{"damage":24.0,"enemies":"Lagavulin","floor":7.0,"turns":8.0},{"damage":5.0,"enemies":"2 Fungi Beasts","floor":8.0,"turns":4.0},{"damage":4.0,"enemies":"Gremlin Nob","floor":11.0,"turns":3.0},{"damage":0,"enemies":"Blue Slaver","floor":14,"turns":1},{"damage":23,"enemies":"The Guardian","floor":16,"turns":8}],"seed_played":"7502593241873281838","potions_obtained":[{"floor":3.0,"key":"FearPotion"},{"floor":7.0,"key":"DuplicationPotion"}],"is_trial":false,"path_per_floor":["M","M","M","M","?","R","E","M","T","?","E","$","?","M","R","B"],"character_chosen":"THE_SILENT","items_purchased":["Membership Card","Fire Potion","Strength Potion"],"campfire_rested":1,"item_purchase_floors":[12,12,12],"current_hp_per_floor":[57,55,55,42,35,35,11,6,6,6,2,2,2,3,23,0,0],"gold":29,"neow_bonus":"BOSS_RELIC","is_daily":false,"chose_seed":false,"campfire_upgraded":1,"win_rate":0.0,"timestamp":1614097071,"path_taken":["M","M","M","M","?","R","E","M","T","?","E","$","?","M","R","BOSS"],"items_purchased_type":["Relic","Potion","Potion"],"build_version":"2020-12-22","purchased_purges":0,"victory":false,"max_hp_per_floor":[66,66,66,66,66,66,66,66,66,66,66,66,66,67,67,67,67],"card_choices":[{"not_picked":[],"picked":"Slice","floor":1.0},{"not_picked":[],"picked":"Poisoned Stab","floor":2.0},{"not_picked":[],"picked":"Deflect","floor":3.0},{"not_picked":[],"picked":"Deadly Poison","floor":4.0},{"not_picked":[],"picked":"Poisoned Stab","floor":7.0},{"not_picked":[],"picked":"Venomology","floor":8.0},{"not_picked":[],"picked":"Backflip","floor":11.0},{"not_picked":[],"picked":"Bane","floor":14},{"not_picked":[],"picked":"Dash","floor":14}],"player_experience":699978,"relics_obtained":[{"floor":7.0,"key":"Omamori"},{"floor":9.0,"key":"Shovel"},{"floor":11.0,"key":"Prayer Wheel"}],"event_choices":[{"cards_removed":["Strike_G"],"damage_healed":0.0,"max_hp_gain":0.0,"max_hp_loss":0.0,"gold_gain":0.0,"event_name":"Golden Wing","player_choice":"Card Removal","floor":5.0,"gold_loss":0.0,"damage_taken":7.0},{"damage_healed":0.0,"max_hp_gain":0.0,"max_hp_loss":0.0,"gold_gain":0.0,"event_name":"Living Wall","player_choice":"Grow","floor":10.0,"gold_loss":0.0,"damage_taken":0.0,"cards_upgraded":["Neutralize"]},{"damage_healed":0.0,"max_hp_gain":0.0,"max_hp_loss":0.0,"gold_gain":0.0,"event_name":"FaceTrader","player_choice":"Trade","floor":13.0,"gold_loss":0.0,"damage_taken":0.0,"relics_obtained":["FaceOfCleric"]}],"is_beta":false,"boss_relics":[],"items_purged_floors":[],"is_endless":false,"potions_floor_spawned":[3,7],"killed_by":"The Guardian","ascension_level":20}}