{"host":"rsokn1b2nrspb1iw","time":1614118690,"event":{"mods":["BaseMod","Better Altar","Better Match","Better Note","Better Sensory Stone","Better Skull","Better Third Choice","Better Vampires","BetterRewards","Block Reminder","Colored Map","Colored Powertips","Curses Come First","Custom Start","GifTheSpireLib","Hermit","Minty Spire (QoL Compilation)","Quick Restart","Rare Cards Sparkle","Relic Stats","Spire Birthday Party","StSLib","Unceasing Turn Reminder"],"gold_per_floor":[109,120,134,134,1,1,34,34,46,70,82,59,91,113,125,237,299,322,45,61,61,61,61,92,102,102,102,377,377,395,407,407,407,407],"floor_reached":33,"language":"ENG","playtime":911,"items_purged":["Strike_G"],"score":267,"play_id":"b4ed69f4-657f-4f3e-b1c0-ba4f475a1ddd","local_time":"20210223151810","is_ascension_mode":false,"campfire_choices":[{"data":"Accuracy","floor":6,"key":"SMITH"},{"floor":15,"key":"REST"},{"floor":23,"key":"DIG"},{"floor":27,"key":"REST"},{"floor":29,"key":"DIG"},{"floor":32,"key":"REST"}],"circlet_count":0,"master_deck":["Strike_G","Strike_G","Strike_G","Strike_G","Defend_G+1","Defend_G","Defend_G","Defend_G","Defend_G","Survivor","Neutralize","Accuracy+1","Blade Dance","Storm of Steel+1","Cloak And Dagger","Blade Dance","Envenom","Blade Dance+1","Regret","Cloak And Dagger"],"relics":["Ring of the Snake","NeowsBlessing","Nunchaku","MawBank","Shovel","Tiny House","MealTicket","Happy Flower","Blue Candle","The Courier","InkBottle"],"acts_visited":["Exordium","TheCity"],"potions_floor_usage":[7,17,33,33,33,33],"damage_taken":[{"damage":0,"enemies":"Cultist","floor":1,"turns":1},{"damage":0,"enemies":"Jaw Worm","floor":2,"turns":1},{"damage":0,"enemies":"2 Louse","floor":3,"turns":1},{"damage":28,"enemies":"Gremlin Nob","floor":7,"turns":5},{"damage":9,"enemies":"2 Fungi Beasts","floor":10,"turns":3},{"damage":5,"enemies":"Large Slime","floor":13,"turns":5},{"damage":0,"enemies":"Exordium Wildlife","floor":14,"turns":2},{"damage":29,"enemies":"Hexaghost","floor":16,"turns":9},{"damage":6,"enemies":"3 Byrds","floor":18,"turns":5},{"damage":2,"enemies":"Shell Parasite","floor":20,"turns":3},{"damage":50,"enemies":"Slavers","floor":24,"turns":5},{"damage":4,"enemies":"3 Cultists","floor":25,"turns":4},{"damage":10,"enemies":"Cultist and Chosen","floor":30,"turns":3},{"damage":0,"enemies":"Chosen and Byrds","floor":31,"turns":3},{"damage":74,"enemies":"Champ","floor":33,"turns":7}],"seed_played":"-951691648964816574","potions_obtained":[{"floor":1,"key":"SmokeBomb"},{"floor":2,"key":"Block Potion"},{"floor":7,"key":"Fire Potion"},{"floor":10,"key":"Poison Potion"},{"floor":17,"key":"Fruit Juice"},{"floor":18,"key":"AttackPotion"},{"floor":20,"key":"EntropicBrew"}],"is_trial":false,"path_per_floor":["M","M","M","T","$","R","E","T","T","M","?","?","M","M","R","B",null,"M","$","M","?","$","R","E","M","T","R","?","R","M","M","R","B"],"character_chosen":"THE_SILENT","items_purchased":["Accuracy","Blade Dance","Envenom","MealTicket"],"campfire_rested":3,"item_purchase_floors":[5,5,19,19],"current_hp_per_floor":[70,70,70,70,70,70,42,42,42,33,33,50,45,45,66,37,80,74,74,72,72,80,80,30,26,26,50,50,50,40,40,64,0,0],"gold":407,"neow_bonus":"THREE_ENEMY_KILL","is_daily":false,"chose_seed":false,"campfire_upgraded":1,"win_rate":0.0,"timestamp":1614118690,"path_taken":["M","M","M","?","?","R","E","?","T","M","?","?","M","M","R","BOSS","M","$","M","?","$","R","E","M","T","R","?","R","M","?","R","BOSS"],"items_purchased_type":["Card","Card","Card","Relic"],"build_version":"2020-12-22","purchased_purges":1,"victory":false,"max_hp_per_floor":[70,70,70,70,70,70,70,70,70,70,70,70,70,70,70,70,80,80,80,80,80,80,80,80,80,80,80,80,80,80,80,80,80,80],"relic_stats":{"Nunchaku":[20],"Shovel":2,"Happy Flower":[7],"counters":[15,57],"Blue Candle":[0],"MealTicket":8,"MawBank":132,"obtain_stats":[{"Nunchaku":7,"Shovel":9,"Tiny House":17,"NeowsBlessing":0,"Happy Flower":23,"Blue Candle":24,"MealTicket":19,"The Courier":26,"MawBank":8,"InkBottle":29,"Ring of the Snake":0},{"Nunchaku":4,"Shovel":4,"Tiny House":8,"NeowsBlessing":0,"Happy Flower":10,"Blue Candle":11,"MealTicket":9,"The Courier":12,"MawBank":4,"InkBottle":12,"Ring of the Snake":0},{"Nunchaku":8,"Shovel":8,"Tiny House":27,"NeowsBlessing":0,"Happy Flower":35,"Blue Candle":40,"MealTicket":32,"The Courier":44,"MawBank":8,"InkBottle":44,"Ring of the Snake":0}],"InkBottle":[9],"Ring of the Snake":[30]},"card_choices":[{"not_picked":["Distraction","Outmaneuver","Prepared"],"picked":"SKIP","floor":1},{"not_picked":["Riddle With Holes","Deflect","Infinite Blades"],"picked":"SKIP","floor":2},{"not_picked":["Prepared","Slice","Leg Sweep"],"picked":"SKIP","floor":3},{"not_picked":["Slice","Dash"],"picked":"Storm of Steel","floor":7},{"not_picked":["Prepared","PiercingWail","Flying Knee"],"picked":"SKIP","floor":10},{"not_picked":["Sucker Punch","Calculated Gamble","Deflect"],"picked":"SKIP","floor":13},{"not_picked":["Dagger Throw","Sucker Punch"],"picked":"Cloak And Dagger","floor":14},{"not_picked":["Dagger Spray+1","Dodge and Roll"],"picked":"Blade Dance","floor":18},{"not_picked":["Predator","Deadly Poison+1"],"picked":"Blade Dance+1","floor":20},{"not_picked":["Heel Hook+1","Underhanded Strike","Bane+1"],"picked":"SKIP","floor":24},{"not_picked":["Tactician","All Out Attack","Prepared"],"picked":"SKIP","floor":25},{"not_picked":["Distraction+1","Poisoned Stab+1","Catalyst+1"],"picked":"SKIP","floor":30},{"not_picked":["Slice","Riddle With Holes+1"],"picked":"Cloak And Dagger","floor":31}],"player_experience":196417,"relics_obtained":[{"floor":7,"key":"Nunchaku"},{"floor":8,"key":"MawBank"},{"floor":9,"key":"Shovel"},{"floor":23,"key":"Happy Flower"},{"floor":24,"key":"Blue Candle"},{"floor":26,"key":"The Courier"},{"floor":29,"key":"InkBottle"}],"event_choices":[{"damage_healed":0,"gold_gain":0,"player_choice":"Grow","damage_taken":0,"max_hp_gain":0,"max_hp_loss":0,"event_name":"Living Wall","floor":11,"gold_loss":0,"cards_upgraded":["Storm of Steel"]},{"damage_healed":17,"gold_gain":0,"player_choice":"Healed","damage_taken":0,"max_hp_gain":0,"max_hp_loss":0,"event_name":"The Cleric","floor":12,"gold_loss":35},{"damage_healed":0,"gold_gain":0,"player_choice":"Ignored","damage_taken":0,"max_hp_gain":0,"max_hp_loss":0,"event_name":"betterNote:BetterNote","floor":21,"gold_loss":0,"cards_obtained":["Electrodynamics"]},{"damage_healed":0,"gold_gain":275,"player_choice":"Desecrate","damage_taken":0,"max_hp_gain":0,"max_hp_loss":0,"event_name":"Golden Shrine","floor":28,"gold_loss":0,"cards_obtained":["Regret"]}],"is_beta":false,"boss_relics":[{"not_picked":["Sozu","Velvet Choker"],"picked":"Tiny House"}],"items_purged_floors":[19],"is_endless":false,"potions_floor_spawned":[1,2,7,10,13,18,20,31],"killed_by":"Champ","ascension_level":0}}