{"host":"Petra","time":1614097238,"event":{"mods":["BaseMod","Colored Powertips","Defuse TimeMaze Blight","Downfall","Hermit","KinomotoSakuraMod(????)","Marisa????????","Marked Mod","Minty Spire (QoL Compilation)","Replay The Spire","Shade Mod","StSLib","The Alterego","The Cursed","The Gatherer","The Marked","The Servant 0.9.4","TheVacant","Waifu the Spire"],"gold_per_floor":[116,116,116,130,144,144,173,11,34,34,67,97,97,9,9,110,110,123,156,156,34,46,46,73,73,73,73,73,99,99,99,99,213,213,227,39,56,56,56,56,56],"floor_reached":40,"language":"ENG","playtime":2037,"items_purged":[],"score":577,"play_id":"d679fe73-eb3e-4a0a-a86d-57889a059409","local_time":"20210223182038","is_ascension_mode":false,"campfire_choices":[{"data":"OortCloud","floor":6,"key":"SMITH"},{"data":"MasterSpark","floor":10,"key":"SMITH"},{"floor":13,"key":"REST"},{"floor":15,"key":"DIG"},{"data":"PulseMagic","floor":23,"key":"SMITH"},{"floor":27,"key":"REST"},{"data":"Bandage Up","floor":30,"key":"SMITH"},{"floor":32,"key":"REST"}],"circlet_count":0,"master_deck":["Strike_MRS","Strike_MRS","Defend_MRS","Defend_MRS","Defend_MRS","Defend_MRS","MasterSpark+1","UpSweep","NonDirectionalLaser","OortCloud+1","PowerUp","SporeBomb","MysteriousBeam","ManaConvection","WitchOfGreed","GrandCross","MysteriousBeam","PulseMagic+1","DoubleSpark","ManaRampage","PowerUp","MagicAbsorber","DragonMeteor","PowerUp","PowerUp","Bandage Up+1","AsteroidBelt","DoubleSpark","FairyDestructionRay","MillisecondPulsars","StarBarrage"],"relics":["MiniHakkero","NeowsBlessing","Blood Vial","Toy Ornithopter","Quantum Egg","Empty Cage","Onion Ring","InkBottle","alterego_mod:SomeoneToFightFor","Sozu","Membership Card"],"acts_visited":["Exordium","TheCity","TheBeyond"],"potions_floor_usage":[24,24,24],"damage_taken":[{"damage":0,"enemies":"Small Slimes","floor":1,"turns":1},{"damage":0,"enemies":"Jaw Worm","floor":4,"turns":1},{"damage":0,"enemies":"Cultist","floor":5,"turns":1},{"damage":32,"enemies":"3 Sentries","floor":7,"turns":9},{"damage":13,"enemies":"Lots of Slimes","floor":11,"turns":3},{"damage":3,"enemies":"Large Slime","floor":12,"turns":4},{"damage":21,"enemies":"Hexaghost","floor":16,"turns":5},{"damage":5,"enemies":"Chosen","floor":18,"turns":4},{"damage":12,"enemies":"3 Byrds","floor":19,"turns":5},{"damage":21,"enemies":"3 Cultists","floor":22,"turns":6},{"damage":36,"enemies":"Slavers","floor":24,"turns":6},{"damage":29,"enemies":"Centurion and Healer","floor":29,"turns":5},{"damage":23,"enemies":"Pondfish","floor":33,"turns":5},{"damage":5,"enemies":"Orb Walker","floor":35,"turns":2},{"damage":69,"enemies":"3 Shapes","floor":37,"turns":4},{"damage":46,"enemies":"Spire Growth","floor":40,"turns":3}],"seed_played":"4393071746040649406","potions_obtained":[{"floor":1,"key":"Weak Potion"},{"floor":4,"key":"ColorlessPotion"},{"floor":11,"key":"AttackPotion"},{"floor":11,"key":"LiquidMemories"},{"floor":16,"key":"Fire Potion"},{"floor":24,"key":"champ:CounterPotion"},{"floor":29,"key":"SmokeBomb"},{"floor":33,"key":"Strength Potion"}],"is_trial":false,"path_per_floor":["M","?","?","M","M","R","E","$","T","R","M","M","R","$","R","B",null,"M","M","?","$","M","R","E","$","T","R","?","M","R","?","R","B",null,"M","$","M","PTL","PTL","M"],"character_chosen":"MARISA","items_purchased":["MysteriousBeam","ManaConvection","WitchOfGreed","PulseMagic","DoubleSpark","PowerUp","Bandage Up","Membership Card","StarBarrage"],"campfire_rested":3,"item_purchase_floors":[8,8,8,14,14,21,21,36,36],"current_hp_per_floor":[75,75,75,75,75,75,43,43,43,43,32,31,53,53,53,34,75,70,60,60,60,45,45,30,30,30,52,52,29,29,29,51,36,75,75,75,26,26,26,0,0],"gold":56,"neow_bonus":"THREE_ENEMY_KILL","is_daily":false,"chose_seed":false,"campfire_upgraded":4,"win_rate":0.0,"timestamp":1614097238,"path_taken":["M","?","?","M","?","R","E","$","T","R","M","M","R","?","R","BOSS","M","?","?","$","?","R","E","$","T","R","?","M","R","?","R","BOSS","M","$","M","PTL","PTL","M"],"items_purchased_type":["Card","Card","Card","Card","Card","Card","Card","Relic","Card"],"build_version":"2020-11-17","purchased_purges":0,"victory":false,"max_hp_per_floor":[75,75,75,75,75,75,75,75,75,75,75,75,75,75,75,75,75,75,75,75,75,75,75,75,75,75,75,75,75,75,75,75,75,75,75,75,75,75,75,75,75],"card_choices":[{"not_picked":["MeteoricShower","EnergyRecoil"],"picked":"NonDirectionalLaser","floor":1},{"not_picked":["SuperPerseids","MilkyWay"],"picked":"OortCloud","floor":4},{"not_picked":["ChargeUpSpray","DeepEcoloBomb"],"picked":"PowerUp","floor":5},{"not_picked":["Singularity","WitchLeyline"],"picked":"SporeBomb","floor":7},{"not_picked":["SporeBomb","Acceleration"],"picked":"GrandCross","floor":11},{"not_picked":["Acceleration","MilkyWay"],"picked":"MysteriousBeam","floor":12},{"not_picked":["TreasureHunter","SuperNova"],"picked":"ManaRampage","floor":16},{"not_picked":["WitchOfGreed","NonDirectionalLaser"],"picked":"PowerUp","floor":18},{"not_picked":["Occultation+1","MilkyWay"],"picked":"MagicAbsorber","floor":19},{"not_picked":["RefractionSpark","6A"],"picked":"AsteroidBelt","floor":22},{"not_picked":["MilkyWay","ManaConvection"],"picked":"OpenUniverse+1","floor":24},{"not_picked":["DarkSpark","GalacticHalo"],"picked":"DoubleSpark","floor":29},{"not_picked":["ManaRampage","AbsoluteMagnitude"],"picked":"MillisecondPulsars","floor":33},{"not_picked":["MilkyWay","UnstableBomb","NonDirectionalLaser"],"picked":"SKIP","floor":35},{"not_picked":["NonDirectionalLaser","OpenUniverse+1","ManaRampage"],"picked":"SKIP","floor":37}],"player_experience":36083,"relics_obtained":[{"floor":7,"key":"Blood Vial"},{"floor":9,"key":"Toy Ornithopter"},{"floor":15,"key":"Quantum Egg"},{"floor":24,"key":"Onion Ring"},{"floor":26,"key":"InkBottle"}],"event_choices":[{"damage_healed":0,"gold_gain":0,"player_choice":"Leave","damage_taken":0,"max_hp_gain":0,"max_hp_loss":0,"event_name":"The Cleric","floor":2,"gold_loss":0},{"damage_healed":0,"gold_gain":0,"player_choice":"Ignored","damage_taken":0,"max_hp_gain":0,"max_hp_loss":0,"event_name":"Golden Wing","floor":3,"gold_loss":0},{"damage_healed":0,"gold_gain":0,"player_choice":"1 cards matched","damage_taken":0,"max_hp_gain":0,"max_hp_loss":0,"event_name":"Match and Keep!","floor":20,"gold_loss":0,"cards_obtained":["DragonMeteor"]},{"damage_healed":0,"gold_gain":0,"player_choice":"Choice 2","damage_taken":0,"relics_obtained":["alterego_mod:SomeoneToFightFor"],"max_hp_gain":0,"max_hp_loss":0,"event_name":"Secret Garden","floor":28,"gold_loss":0},{"damage_healed":0,"gold_gain":0,"cards_transformed":["OpenUniverse"],"player_choice":"Transformed","damage_taken":0,"max_hp_gain":0,"max_hp_loss":0,"event_name":"Transmorgrifier","floor":31,"gold_loss":0,"cards_obtained":["FairyDestructionRay"]}],"is_beta":true,"boss_relics":[{"not_picked":["Replay:Wanted Poster","Pandora\u0027s Box"],"picked":"Empty Cage"},{"not_picked":["Philosopher\u0027s Stone","Astrolabe"],"picked":"Sozu"}],"items_purged_floors":[],"is_endless":false,"potions_floor_spawned":[1,4,11,16,22,24,33,35],"killed_by":"Spire Growth","ascension_level":0}}