{"host":"dj20jyxj5yo6mk8a","time":1614102264,"event":{"mods":["AchievementEnabler","BaseMod","BetterRewards","Card Forge","Minty Spire (QoL Compilation)","StSLib"],"gold_per_floor":[110,185,185,197,215,240,240,267,306,335,372,395,407,430,442,559,571,601,613,638,650,662,709,721,733,769,35,49,61,78,88,88,185,185,200,212,258,0,0,0,28,28,28,51,51,51,63,95,95,95,95,95,95,129,129,129],"floor_reached":55,"language":"ENG","playtime":2815,"items_purged":[],"score":915,"play_id":"6a9d1870-a6de-4d8b-a3ba-c4b1edc3649c","local_time":"20210223144424","is_ascension_mode":false,"campfire_choices":[{"floor":7,"key":"RECALL"},{"floor":24,"key":"DIG"},{"floor":32,"key":"DIG"},{"floor":40,"key":"DIG"},{"floor":42,"key":"DIG"},{"floor":46,"key":"DIG"},{"floor":49,"key":"DIG"},{"floor":52,"key":"DIG"}],"circlet_count":0,"master_deck":["White Noise+1","Consecrate+1","DeceiveReality+1","Devotion+1","FlurryOfBlows+1","FlyingSleeves+1","FearNoEvil+1","Halt+1","PathToVictory+1","Prostrate+1","Weave+1","Wallop+1","WaveOfTheHand+1","WreathOfFlame+1","Bandage Up+1","Blind+1","Dark Shackles+1","Dramatic Entrance+1","Discovery+1","Good Instincts+1","Jack Of All Trades+1","RitualDagger+1","Sadistic Nature+1","Trip+1","Consecrate+1","Defend_P+1","Devotion+1","Dramatic Entrance+1","Discovery+1","Good Instincts+1","Sadistic Nature+1","Safety+1","Swift Strike+1","Trip+1","Bandage Up+1","Blind+1","Protect+1","Indignation+1","Eruption+1","Ragnarok+1","Perseverance+1","Consecrate+1","Prostrate+1","FlyingSleeves+1","Devotion+1","ReachHeaven+1","Halt+1","DevaForm+1","ReachHeaven+1","ThirdEye+1","Protect+1","Evaluate+1","BattleHymn+1","JustLucky+1","Judgement+1","CurseOfTheBell","EmptyBody+1","Prostrate+1"],"relics":["Hammer of Thor","Seething Fire","Anvil of the Gods","Coffee Dripper","Centennial Puzzle","MawBank","Whetstone","White Beast Statue","Black Star","The Courier","Shovel","Bag of Preparation","Darkstone Periapt","Toxic Egg 2","War Paint","Kunai","Bag of Marbles","Matryoshka","Bottled Flame","Bottled Lightning","Calling Bell","Tiny Chest","Gremlin Horn","Ginger","Calipers","Red Mask","Thread and Needle","Letter Opener","Bird Faced Urn","Bronze Scales","Dream Catcher","Omamori","Happy Flower","Blood Vial","Sundial","Potion Belt","Boot","FossilizedHelix","Mercury Hourglass","Pen Nib","Pear"],"acts_visited":["Exordium","TheCity","TheBeyond","TheEnding"],"potions_floor_usage":[29,30],"damage_taken":[{"damage":0,"enemies":"Cultist","floor":1,"turns":2},{"damage":0,"enemies":"Jaw Worm","floor":4,"turns":1},{"damage":0,"enemies":"Small Slimes","floor":5,"turns":2},{"damage":17,"enemies":"Gremlin Nob","floor":6,"turns":4},{"damage":9,"enemies":"3 Sentries","floor":8,"turns":3},{"damage":0,"enemies":"Exordium Wildlife","floor":10,"turns":2},{"damage":0,"enemies":"Gremlin Nob","floor":11,"turns":2},{"damage":0,"enemies":"2 Fungi Beasts","floor":12,"turns":1},{"damage":0,"enemies":"Blue Slaver","floor":14,"turns":2},{"damage":16,"enemies":"Slime Boss","floor":16,"turns":7},{"damage":10,"enemies":"Chosen","floor":18,"turns":3},{"damage":4,"enemies":"Spheric Guardian","floor":20,"turns":3},{"damage":23,"enemies":"Slavers","floor":23,"turns":3},{"damage":16,"enemies":"Snake Plant","floor":28,"turns":3},{"damage":7,"enemies":"Shelled Parasite and Fungi","floor":29,"turns":2},{"damage":0,"enemies":"Cultist and Chosen","floor":30,"turns":3},{"damage":0,"enemies":"Centurion and Healer","floor":31,"turns":2},{"damage":38,"enemies":"Champ","floor":33,"turns":7},{"damage":0,"enemies":"3 Darklings","floor":35,"turns":1},{"damage":0,"enemies":"Orb Walker","floor":36,"turns":1},{"damage":10,"enemies":"2 Orb Walkers","floor":37,"turns":2},{"damage":0,"enemies":"Reptomancer","floor":41,"turns":2},{"damage":9,"enemies":"Transient","floor":47,"turns":5},{"damage":14,"enemies":"Nemesis","floor":48,"turns":3},{"damage":36,"enemies":"Donu and Deca","floor":50,"turns":8},{"damage":19,"enemies":"Shield and Spear","floor":54,"turns":6},{"damage":92,"enemies":"The Heart","floor":55,"turns":6}],"seed_played":"-8160800954058152736","potions_obtained":[{"floor":12,"key":"LiquidBronze"},{"floor":14,"key":"AttackPotion"},{"floor":29,"key":"Fruit Juice"},{"floor":30,"key":"EntropicBrew"},{"floor":48,"key":"DistilledChaos"}],"is_trial":false,"path_per_floor":["M","?","?","M","M","E","R","E","T","M","E","M","T","M","R","B",null,"M","?","M","?","$","E","R","?","T","$","M","M","M","M","R","B",null,"M","M","?","?","?","R","E","R","T","T","$","R","M","E","R","B",null,"R","$","E","B"],"character_chosen":"WATCHER","items_purchased":["Kunai","Bag of Marbles","Matryoshka","Bottled Flame"],"campfire_rested":0,"item_purchase_floors":[27,27,27,27],"current_hp_per_floor":[72,61,61,61,67,50,50,47,47,47,53,53,53,59,59,49,72,68,68,64,64,64,41,41,41,41,41,31,35,41,47,47,21,83,83,83,73,73,73,73,79,79,79,79,79,79,72,65,65,49,79,79,79,78,0,0],"gold":129,"neow_bonus":"BOSS_RELIC","is_daily":false,"chose_seed":false,"campfire_upgraded":0,"win_rate":0.0,"timestamp":1614102264,"path_taken":["M","?","?","M","?","E","R","E","T","M","E","M","?","M","R","BOSS","M","?","M","?","?","E","R","?","T","$","M","M","?","M","R","BOSS","M","M","?","?","?","R","E","R","T","?","$","R","?","E","R","BOSS","R","$","E","BOSS"],"items_purchased_type":["Relic","Relic","Relic","Relic"],"build_version":"2020-12-22","purchased_purges":0,"victory":false,"max_hp_per_floor":[72,72,72,72,72,72,72,72,72,72,72,72,72,72,72,72,72,72,72,72,72,72,72,72,72,72,72,72,77,77,77,77,77,83,83,83,83,83,79,79,79,79,79,79,79,79,79,79,79,79,79,79,79,89,89,89],"card_choices":[{"not_picked":["SashWhip","Prostrate"],"picked":"Protect","floor":1},{"not_picked":["EmptyBody","Evaluate"],"picked":"Ragnarok","floor":4},{"not_picked":["EmptyBody","Crescendo"],"picked":"Perseverance","floor":5},{"not_picked":["Adaptation","LikeWater"],"picked":"Consecrate","floor":6},{"not_picked":["FollowUp","FlurryOfBlows"],"picked":"Prostrate","floor":8},{"not_picked":["Study","EmptyFist"],"picked":"FlyingSleeves","floor":10},{"not_picked":["ClearTheMind","EmptyMind"],"picked":"Devotion","floor":11},{"not_picked":["Conclude","Vengeance"],"picked":"ReachHeaven","floor":12},{"not_picked":["FlurryOfBlows","FollowUp"],"picked":"Halt","floor":14},{"not_picked":["Establishment","DeusExMachina"],"picked":"DevaForm","floor":16},{"not_picked":["SignatureMove","PathToVictory"],"picked":"ReachHeaven+1","floor":18},{"not_picked":["JustLucky","PathToVictory"],"picked":"ThirdEye","floor":20},{"not_picked":["SandsOfTime+1","WindmillStrike","SashWhip+1"],"picked":"SKIP","floor":23},{"not_picked":["FlurryOfBlows","Tantrum"],"picked":"Protect+1","floor":28},{"not_picked":["Ragnarok","CutThroughFate"],"picked":"Evaluate+1","floor":29},{"not_picked":["CrushJoints","Protect+1"],"picked":"BattleHymn","floor":30},{"not_picked":["FlurryOfBlows+1","EmptyBody+1"],"picked":"JustLucky","floor":31},{"not_picked":["MasterReality","Devotion"],"picked":"Judgement+1","floor":33},{"not_picked":["ReachHeaven","ThirdEye+1"],"picked":"EmptyBody+1","floor":35},{"not_picked":["SignatureMove+1","Study+1"],"picked":"Prostrate+1","floor":36},{"not_picked":["Conclude+1","Evaluate+1","CarveReality"],"picked":"SKIP","floor":41},{"not_picked":["FollowUp+1","DevaForm","FlyingSleeves"],"picked":"SKIP","floor":47},{"not_picked":["Consecrate","ReachHeaven","JustLucky"],"picked":"SKIP","floor":48},{"not_picked":["EmptyBody+1","ThirdEye+1","WheelKick+1"],"picked":"SKIP","floor":54}],"player_experience":93365,"relics_obtained":[{"floor":6,"key":"Centennial Puzzle"},{"floor":8,"key":"MawBank"},{"floor":11,"key":"Whetstone"},{"floor":13,"key":"White Beast Statue"},{"floor":23,"key":"Shovel"},{"floor":23,"key":"Bag of Preparation"},{"floor":24,"key":"Darkstone Periapt"},{"floor":26,"key":"War Paint"},{"floor":32,"key":"Bottled Lightning"},{"floor":34,"key":"Tiny Chest"},{"floor":34,"key":"Gremlin Horn"},{"floor":34,"key":"Ginger"},{"floor":37,"key":"Calipers"},{"floor":40,"key":"Thread and Needle"},{"floor":41,"key":"Letter Opener"},{"floor":41,"key":"Bird Faced Urn"},{"floor":42,"key":"Bronze Scales"},{"floor":43,"key":"Dream Catcher"},{"floor":43,"key":"Omamori"},{"floor":44,"key":"Happy Flower"},{"floor":44,"key":"Blood Vial"},{"floor":46,"key":"Sundial"},{"floor":48,"key":"Potion Belt"},{"floor":48,"key":"Boot"},{"floor":49,"key":"FossilizedHelix"},{"floor":52,"key":"Mercury Hourglass"},{"floor":54,"key":"Pen Nib"},{"floor":54,"key":"Pear"}],"event_choices":[{"damage_healed":0,"gold_gain":75,"player_choice":"Gather Gold","damage_taken":11,"max_hp_gain":0,"max_hp_loss":0,"event_name":"World of Goop","floor":2,"gold_loss":0},{"damage_healed":0,"gold_gain":0,"player_choice":"2 cards matched","damage_taken":0,"max_hp_gain":0,"max_hp_loss":0,"event_name":"Match and Keep!","floor":3,"gold_loss":0,"cards_obtained":["Indignation","Eruption"]},{"damage_healed":0,"gold_gain":0,"player_choice":"Smashed Altar","damage_taken":0,"max_hp_gain":0,"max_hp_loss":0,"event_name":"Forgotten Altar","floor":19,"gold_loss":0,"cards_obtained":["Decay"]},{"damage_healed":0,"gold_gain":0,"player_choice":"Stole Relic","damage_taken":0,"relics_obtained":["The Courier"],"max_hp_gain":0,"max_hp_loss":0,"event_name":"Addict","floor":21,"gold_loss":0,"cards_obtained":["Shame"]},{"damage_healed":0,"gold_gain":0,"player_choice":"Opened","damage_taken":0,"relics_obtained":["Toxic Egg 2"],"max_hp_gain":0,"max_hp_loss":0,"event_name":"The Mausoleum","floor":25,"gold_loss":0},{"damage_healed":0,"gold_gain":0,"player_choice":"Fight","damage_taken":0,"max_hp_gain":0,"max_hp_loss":0,"event_name":"Mysterious Sphere","floor":37,"gold_loss":0},{"damage_healed":0,"gold_gain":0,"player_choice":"Paid","damage_taken":0,"relics_obtained":["Red Mask"],"max_hp_gain":0,"max_hp_loss":0,"event_name":"Tomb of Lord Red Mask","floor":38,"gold_loss":258},{"damage_healed":0,"gold_gain":0,"player_choice":"Max HP","damage_taken":0,"max_hp_gain":0,"max_hp_loss":4,"event_name":"Winding Halls","floor":39,"gold_loss":0}],"is_beta":false,"boss_relics":[{"not_picked":["Philosopher\u0027s Stone","Fusion Hammer"],"picked":"Black Star"},{"not_picked":["Pandora\u0027s Box","Astrolabe"],"picked":"Calling Bell"}],"items_purged_floors":[],"is_endless":false,"potions_floor_spawned":[4,5,12,14,16,18,20,23,28,29,30,31,33,35,36,37,41,47,48,54],"killed_by":"The Heart","ascension_level":0}}