{"host":"ssbj2e5691x5ub3h","time":1614122367,"event":{"mods":["BaseMod","Minty Spire (QoL Compilation)","Quick Restart","StSLib","SuperFastMode","The Dragon Tamer","The Gatherer","The Marked"],"gold_per_floor":[115,134,134,146,164,164,177,177,177,193,209,209,222,237,237,336,336,352,352,352,372,152,152,152,152,177,205,225,225,242,97,97,97,97,97],"floor_reached":33,"language":"ENG","playtime":2167,"items_purged":["Gatherer:Strike_Gatherer","Gatherer:Defend_Gatherer"],"score":361,"play_id":"d2bf6045-d781-4b59-913f-507e7d85c6b2","local_time":"20210223201927","is_ascension_mode":false,"metric_token":529,"campfire_choices":[{"data":"Gatherer:Centralize","floor":6,"key":"SMITH"},{"data":"Gatherer:Snatch","floor":8,"key":"SMITH"},{"data":"Gatherer:Transmute","floor":12,"key":"SMITH"},{"floor":15,"key":"REST"},{"data":"Gatherer:QuickSynthesis","floor":23,"key":"SMITH"},{"data":"Gatherer:Overflowing","floor":25,"key":"SMITH"},{"floor":29,"key":"REST"},{"data":"Gatherer:FlowerShield","floor":32,"key":"SMITH"}],"circlet_count":0,"master_deck":["Gatherer:Strike_Gatherer","Gatherer:Strike_Gatherer","Gatherer:Strike_Gatherer","Gatherer:Defend_Gatherer","Gatherer:Defend_Gatherer","Gatherer:Defend_Gatherer","Gatherer:Centralize+1","Gatherer:FlowerWhip","Gatherer:HeartToFruit","Gatherer:FlowerShield+1","Gatherer:Snatch+1","Gatherer:QuickSynthesis+1","Gatherer:Transmute+1","Gatherer:Overflowing+1","Gatherer:FruitForce","Gatherer:OddSpoils","Gatherer:FlowerFalling","Gatherer:QuickSynthesis"],"relics":["Gatherer:AlchemyBag","Regal Pillow","Busted Crown","Enchiridion","Toy Ornithopter","Orichalcum","Red Mask"],"acts_visited":["Exordium","TheCity"],"potions_floor_usage":[16,16,24,24],"damage_taken":[{"damage":1,"enemies":"Cultist","floor":1,"turns":3},{"damage":0,"enemies":"Jaw Worm","floor":2,"turns":4},{"damage":1,"enemies":"2 Louse","floor":4,"turns":3},{"damage":4,"enemies":"Exordium Wildlife","floor":5,"turns":6},{"damage":7,"enemies":"Blue Slaver","floor":7,"turns":3},{"damage":0,"enemies":"3 Louse","floor":10,"turns":3},{"damage":1,"enemies":"2 Fungi Beasts","floor":11,"turns":3},{"damage":6,"enemies":"Red Slaver","floor":13,"turns":3},{"damage":26,"enemies":"Exordium Thugs","floor":14,"turns":6},{"damage":0,"enemies":"Slime Boss","floor":16,"turns":2},{"damage":7,"enemies":"3 Byrds","floor":18,"turns":5},{"damage":0,"enemies":"Spheric Guardian","floor":21,"turns":2},{"damage":12,"enemies":"Book of Stabbing","floor":24,"turns":4},{"damage":21,"enemies":"Masked Bandits","floor":27,"turns":5},{"damage":2,"enemies":"Snecko","floor":28,"turns":4},{"damage":1,"enemies":"3 Cultists","floor":30,"turns":5},{"damage":111,"enemies":"Automaton","floor":33,"turns":10}],"seed_played":"3269182987041902446","potions_obtained":[{"floor":4,"key":"GamblersBrew"},{"floor":7,"key":"FearPotion"},{"floor":10,"key":"PowerPotion"},{"floor":21,"key":"SmokeBomb"},{"floor":28,"key":"LiquidBronze"}],"is_trial":false,"path_per_floor":["M","M","?","M","M","R","M","R","T","M","M","R","M","M","R","B",null,"M","?","?","M","$","R","E","R","T","?","M","R","M","$","R","B"],"character_chosen":"THE_GATHERER","items_purchased":["Toy Ornithopter","Gatherer:QuickSynthesis"],"campfire_rested":2,"item_purchase_floors":[22,31],"current_hp_per_floor":[75,78,78,81,80,80,76,76,76,79,78,78,76,53,97,97,99,95,79,83,83,83,83,81,81,81,63,65,113,112,112,112,1,1,1],"gold":97,"neow_bonus":"ONE_RANDOM_RARE_CARD","is_daily":false,"chose_seed":false,"campfire_upgraded":6,"win_rate":0.0,"timestamp":1614122367,"path_taken":["M","?","?","M","M","R","M","R","T","M","M","R","?","M","R","BOSS","M","?","?","?","$","R","E","R","T","?","M","R","M","$","R","BOSS"],"items_purchased_type":["Relic","Card"],"build_version":"2020-12-22","purchased_purges":2,"victory":false,"max_hp_per_floor":[76,79,79,83,86,86,89,89,89,92,92,92,96,99,99,99,99,102,102,106,106,106,106,106,106,106,109,113,113,113,113,113,113,113,113],"card_choices":[{"not_picked":["Gatherer:FlowerFalling","Gatherer:BambuSword"],"picked":"Gatherer:FlowerShield","floor":1},{"not_picked":["Gatherer:ScentOfRosmari","Gatherer:Enchant"],"picked":"Gatherer:Snatch","floor":2},{"not_picked":["Gatherer:FragileHammer","Gatherer:SmartManeuver"],"picked":"Gatherer:QuickSynthesis","floor":4},{"not_picked":["Gatherer:TacticalStrike","Gatherer:WoolGloves"],"picked":"Gatherer:Transmute","floor":5},{"not_picked":["Gatherer:Convert","Gatherer:FlowerFalling","Gatherer:PotentialSlash"],"picked":"SKIP","floor":7},{"not_picked":["Gatherer:AlchemyTrial","Gatherer:EchoOfNature","Gatherer:TreeGrowth"],"picked":"SKIP","floor":10},{"not_picked":["Gatherer:Misfortune","Gatherer:SaveValuables","Gatherer:Duality"],"picked":"SKIP","floor":11},{"not_picked":["Gatherer:EchoOfNature","Gatherer:Frenzy","Gatherer:AromaProtection"],"picked":"SKIP","floor":13},{"not_picked":["Gatherer:Polymorphism","Gatherer:VenomBarrier","Gatherer:Convert"],"picked":"SKIP","floor":14},{"not_picked":["Gatherer:ScrollOfPurity","Gatherer:GrowBook"],"picked":"Gatherer:Overflowing","floor":16},{"not_picked":["Gatherer:SmartManeuver"],"picked":"SKIP","floor":18},{"not_picked":[],"picked":"Gatherer:FlowerFalling","floor":21},{"not_picked":["Gatherer:FlowerPower"],"picked":"SKIP","floor":28},{"not_picked":["Gatherer:AlchemyTrial"],"picked":"SKIP","floor":30}],"player_experience":141657,"relics_obtained":[{"floor":9,"key":"Regal Pillow"},{"floor":19,"key":"Enchiridion"},{"floor":26,"key":"Orichalcum"},{"floor":27,"key":"Red Mask"}],"event_choices":[{"damage_healed":0,"gold_gain":0,"player_choice":"Ignored","damage_taken":0,"max_hp_gain":0,"max_hp_loss":0,"event_name":"NoteForYourself","floor":3,"gold_loss":0},{"damage_healed":0,"gold_gain":0,"player_choice":"Obtained Book","damage_taken":16,"max_hp_gain":0,"max_hp_loss":0,"event_name":"Cursed Tome","floor":19,"gold_loss":0},{"damage_healed":0,"gold_gain":0,"cards_transformed":["Gatherer:Defend_Gatherer","Gatherer:Strike_Gatherer"],"player_choice":"Became Test Subject","damage_taken":0,"max_hp_gain":0,"max_hp_loss":0,"event_name":"Drug Dealer","floor":20,"gold_loss":0,"cards_obtained":["Gatherer:FruitForce","Gatherer:OddSpoils"]},{"damage_healed":0,"gold_gain":0,"player_choice":"Fought Bandits","damage_taken":0,"max_hp_gain":0,"max_hp_loss":0,"event_name":"Masked Bandits","floor":27,"gold_loss":0}],"is_beta":false,"boss_relics":[{"not_picked":["Snecko Eye","Runic Dome"],"picked":"Busted Crown"}],"items_purged_floors":[22,31],"is_endless":false,"potions_floor_spawned":[4,7,10,13,14,21,28],"killed_by":"Automaton","ascension_level":0}}