{"host":"rm0ctv8qd8mnbkg1","time":1614104195,"event":{"mods":["Act Like it!","Aspiration","BaseMod","Beaked The Cultist","BetterRewards","Colored Map","DNKmod","Dark Map","Defuse TimeMaze Blight","Friendly Minions","Gensokyo","Hubris","Marisa????????","Minty Spire (QoL Compilation)","MostiFishMod","Permanent Neow","Rare Cards Sparkle","Relic Sorter","Reliquary","Replay The Spire","Ruina","RumiaBox-????????","Shade Mod","Shop Mod","Spicy Shops","Spire Arcade","StSLib","The Animator","The Construct","The Servant 0.9.4","TheVacant","Wandering Minibosses","??????REMEMod"],"gold_per_floor":[10015,9079,9079,9091,9111,9111,9124,9124,9124,9138,9138,9155,9155,9184,9184,9288,9288,9298,9154,9164,9179,9206,9206,9220,9237,9283,9283,9299,9299,9315,9333,9333,9437,9437,9452,9468,9522,9822,8806,8834,8834,8845,8845,8845,8845,8845,8861,8086,8086,8294],"floor_reached":51,"language":"ENG","playtime":1172,"items_purged":[],"score":921,"play_id":"3683cfd3-4778-4f22-aff7-5bc6d5975267","local_time":"20210223181635","is_ascension_mode":false,"campfire_choices":[{"data":"MostiFishMod:Wind","floor":6,"key":"SMITH"},{"data":"construct:Enhance","floor":8,"key":"SMITH"},{"data":"construct:LaserCore","floor":11,"key":"SMITH"},{"data":"construct:ModeShift","floor":15,"key":"SMITH"},{"data":"construct:LaserCore+1","floor":23,"key":"SMITH"},{"data":"construct:Tumble+1","floor":29,"key":"SMITH"},{"data":"Apotheosis","floor":32,"key":"SMITH"},{"data":"construct:Reserves","floor":41,"key":"SMITH"},{"data":"construct:Enhance+1","floor":44,"key":"SMITH"},{"data":"construct:Autoturret+1","floor":46,"key":"SMITH"},{"data":"construct:Zapper","floor":49,"key":"SMITH"},{"data":"construct:Zapper+1","floor":49,"key":"SMITH"}],"circlet_count":0,"master_deck":["construct:Strike_Gold","construct:Strike_Gold","construct:Strike_Gold","construct:Strike_Gold","construct:Strike_Gold","construct:Defend_Gold","construct:Defend_Gold","construct:Defend_Gold","construct:Defend_Gold","construct:AttackMode","construct:DefenseMode","MostiFishMod:Wind+1","construct:Enhance+2","construct:CriticalHit","construct:Autoturret+2","construct:LaserCore+2","Apotheosis+1","construct:ClusterMines","construct:ClusterMines","construct:Zapper+2","construct:SweepLaser","construct:ModeShift+1","construct:BatteryCore","construct:Autoturret+1","construct:Autoturret","construct:Missile","construct:SweepLaser","construct:Tumble+2","construct:Reserves+1","construct:Autoturret+1","construct:GatlingGun"],"relics":["construct:ClockworkPhoenix","REME_ComplimentaryCards","DaveBox","RhineSuit","Tiny Chest","hubris:TenFootPole","reliquary:TuningFork","Pondfish Scales","Odd Mushroom","FeatherPendant","SecretRecord","Dream Catcher","wanderingMiniBosses:Blackblade","Blood Vial","REME_ChargedStone","CatCart","BargainBundle","BirthdayGift-Tetrahedron","Strawberry","Matryoshka","reliquary:TridentHead","Potion Belt","PlanX","reliquary:Buckler","MagicDraw3","Replay:Arrowhead","REME_ArchaeologicalTools","Gremlin Food","Replay:Bandana"],"acts_visited":["Exordium","TheCity","TheBeyond"],"potions_floor_usage":[16,50],"damage_taken":[{"damage":0,"enemies":"Cultist","floor":1,"turns":2},{"damage":0,"enemies":"2 Louse","floor":4,"turns":2},{"damage":0,"enemies":"Jaw Worm","floor":5,"turns":2},{"damage":0,"enemies":"Lots of Slimes","floor":7,"turns":2},{"damage":8,"enemies":"Exordium Wildlife","floor":10,"turns":2},{"damage":5,"enemies":"2 Fungi Beasts","floor":12,"turns":2},{"damage":0,"enemies":"The Mushroom Lair","floor":14,"turns":2},{"damage":459,"enemies":"Hexaghost","floor":16,"turns":4},{"damage":0,"enemies":"Chosen","floor":18,"turns":2},{"damage":0,"enemies":"2 Thieves","floor":20,"turns":3},{"damage":8,"enemies":"Shelled Parasite and Fungi","floor":21,"turns":2},{"damage":0,"enemies":"Snecko","floor":24,"turns":2},{"damage":0,"enemies":"3 Cultists","floor":25,"turns":3},{"damage":13,"enemies":"Centurion and Healer","floor":28,"turns":2},{"damage":0,"enemies":"Shelled Parasite and Fungi","floor":30,"turns":2},{"damage":0,"enemies":"Snake Plant","floor":31,"turns":1},{"damage":0,"enemies":"hubris:MusketHawk","floor":33,"turns":1},{"damage":6,"enemies":"Orb Walker","floor":35,"turns":2},{"damage":5,"enemies":"3 Shapes","floor":36,"turns":1},{"damage":0,"enemies":"Orin","floor":37,"turns":3},{"damage":0,"enemies":"Nemesis","floor":40,"turns":1},{"damage":0,"enemies":"Maw","floor":42,"turns":1},{"damage":9,"enemies":"4 Shapes","floor":47,"turns":2},{"damage":21,"enemies":"hubris:GrandSnecko","floor":50,"turns":4}],"seed_played":"5259242704705171991","potions_obtained":[{"floor":7,"key":"SteroidPotion"},{"floor":20,"key":"SkillPotion"},{"floor":21,"key":"construct:MegaPotion"},{"floor":35,"key":"construct:ShiftPotion"}],"is_trial":false,"path_per_floor":["M","$","?","M","M","R","M","R","T","M","R","M","?","?","R","B",null,"M","$","M","M","T","R","M","M","T","?","M","R","M","M","R","B",null,"M","M","?","?","$","E","R","M","T","R","T","R","M","$","R","B",null],"character_chosen":"THE_CONSTRUCT_MOD","items_purchased":["Tiny Chest","hubris:TenFootPole","construct:Autoturret+1","reliquary:TuningFork","construct:LaserCore","DistilledChaos","Apotheosis","SecretRecord","construct:Autoturret","BargainBundle","BirthdayGift-Tetrahedron","Strawberry","Matryoshka","construct:Autoturret","Replay:Arrowhead","REME_ArchaeologicalTools","Gremlin Food","Replay:Bandana","construct:GatlingGun"],"campfire_rested":0,"item_purchase_floors":[2,2,2,2,2,2,2,19,19,39,39,39,39,39,48,48,48,48,48],"current_hp_per_floor":[1000,1000,1000,1000,1000,1000,1000,1000,1000,992,992,987,987,987,987,528,1000,1000,1000,1000,992,992,992,992,992,992,992,981,981,983,985,985,987,1000,994,991,993,993,1000,1002,1002,1004,1004,1004,1004,1004,997,997,997,978],"gold":8294,"neow_bonus":"THREE_CARDS","is_daily":false,"chose_seed":false,"campfire_upgraded":12,"win_rate":0.0,"timestamp":1614104195,"path_taken":["M","$","?","M","M","R","M","R","T","M","R","M","?","?","R","BOSS","M","$","M","M","?","R","M","M","T","?","M","R","M","M","R","BOSS","M","M","?","?","$","E","R","M","T","R","?","R","M","$","R","BOSS"],"items_purchased_type":["Relic","Relic","Card","Relic","Card","Potion","Card","Relic","Card","Relic","Relic","Relic","Relic","Card","Relic","Relic","Relic","Relic","Card"],"build_version":"2020-12-22","purchased_purges":0,"victory":true,"max_hp_per_floor":[1000,1000,1000,1000,1000,1000,1000,1000,1000,1000,1000,1000,1000,1000,1000,1000,1000,1000,1000,1000,1000,1000,1000,1000,1000,1000,1000,1000,1000,1000,1000,1000,1000,1000,1000,1000,1000,1000,1007,1007,1007,1007,1007,1007,1007,1007,1007,1007,1007,1007],"card_choices":[{"not_picked":["construct:CripplingShot","construct:Autoturret"],"picked":"construct:Enhance","floor":0},{"not_picked":["construct:Electrocute","construct:ScrapCannon"],"picked":"construct:CriticalHit","floor":1},{"not_picked":["construct:SuppressiveFire","construct:Reinforce"],"picked":"construct:ClusterMines","floor":4},{"not_picked":["construct:Versatility","construct:ShiftGuard"],"picked":"construct:ClusterMines","floor":5},{"not_picked":["construct:ScrapCannon","construct:MetalShell"],"picked":"construct:Zapper","floor":7},{"not_picked":["construct:SaveState","construct:SyphonStrike","construct:Enhance"],"picked":"SKIP","floor":10},{"not_picked":["construct:VentSteam","construct:Stasis"],"picked":"construct:SweepLaser","floor":12},{"not_picked":["construct:SaveState","construct:HastyRepair"],"picked":"construct:ModeShift","floor":14},{"not_picked":["construct:SpinDrive","construct:Multistage"],"picked":"construct:BatteryCore","floor":16},{"not_picked":["construct:SuppressiveFire+1","construct:Impenetrable"],"picked":"construct:Autoturret","floor":18},{"not_picked":["construct:Construct_Overclock","construct:Accumulate","construct:VentSteam"],"picked":"SKIP","floor":20},{"not_picked":["construct:FierceBash","construct:Reinforce+1"],"picked":"construct:Missile","floor":21},{"not_picked":["construct:HardReboot","construct:SyphonStrike"],"picked":"construct:SweepLaser","floor":24},{"not_picked":["wanderingMiniBosses:FinaleOfPromise"],"picked":"SKIP","floor":25},{"not_picked":["construct:ScrapCannon+1","construct:FierceBash","construct:Boost"],"picked":"SKIP","floor":25},{"not_picked":["construct:Backfire+1","construct:Boost+1"],"picked":"construct:Tumble+1","floor":28},{"not_picked":["construct:Versatility","construct:ShiftingStance","construct:ShiftGuard"],"picked":"SKIP","floor":30},{"not_picked":["construct:Forcefield","construct:SuppressiveFire","construct:Electrocute"],"picked":"SKIP","floor":31},{"not_picked":["construct:MemoryTap","construct:GatlingGun"],"picked":"construct:Reserves","floor":33},{"not_picked":["construct:ShiftStrike","construct:Backfire","construct:ClusterMines+1"],"picked":"SKIP","floor":35},{"not_picked":["construct:MassProduction","construct:ClusterMines+1","construct:CriticalHit+1"],"picked":"SKIP","floor":36},{"not_picked":["construct:Forcefield","construct:ShiftStrike+1","construct:ScrapCannon+1"],"picked":"SKIP","floor":40},{"not_picked":["construct:ShiftStrike+1","construct:ChargeShot+1","construct:GuardCore+1"],"picked":"SKIP","floor":42},{"not_picked":["construct:SaveState","construct:Autoturret+1","construct:PointDefense+1"],"picked":"SKIP","floor":47}],"player_experience":294802,"relics_obtained":[{"floor":9,"key":"Pondfish Scales"},{"floor":14,"key":"Odd Mushroom"},{"floor":22,"key":"Dream Catcher"},{"floor":25,"key":"wanderingMiniBosses:Blackblade"},{"floor":26,"key":"Blood Vial"},{"floor":37,"key":"CatCart"},{"floor":40,"key":"reliquary:TridentHead"},{"floor":43,"key":"Potion Belt"},{"floor":43,"key":"PlanX"},{"floor":45,"key":"reliquary:Buckler"},{"floor":45,"key":"MagicDraw3"}],"event_choices":[{"damage_healed":0,"gold_gain":0,"player_choice":"Ignored","damage_taken":0,"max_hp_gain":0,"max_hp_loss":0,"event_name":"Shining Light","floor":3,"gold_loss":0},{"damage_healed":0,"gold_gain":0,"player_choice":"Fought Mushrooms","damage_taken":0,"max_hp_gain":0,"max_hp_loss":0,"event_name":"Mushrooms","floor":14,"gold_loss":0},{"cards_removed":["construct:Defend_Gold"],"damage_healed":0,"gold_gain":0,"player_choice":"Card Removal","damage_taken":0,"max_hp_gain":0,"max_hp_loss":0,"event_name":"Wheel of Change","floor":27,"gold_loss":0},{"damage_healed":0,"gold_gain":0,"player_choice":"Fight","damage_taken":0,"max_hp_gain":0,"max_hp_loss":0,"event_name":"OrinTheCat","floor":37,"gold_loss":0},{"damage_healed":0,"gold_gain":300,"player_choice":"Gold","damage_taken":0,"max_hp_gain":0,"max_hp_loss":0,"event_name":"Wheel of Change","floor":38,"gold_loss":0}],"is_beta":false,"boss_relics":[{"not_picked":["hubris:Stopwatch","TimeKeys"],"picked":"FeatherPendant"},{"not_picked":["EE1DDrone","OneHitWonderSystem"],"picked":"REME_ChargedStone"}],"items_purged_floors":[],"is_endless":false,"potions_floor_spawned":[4,7,10,20,21,33,35,36,42],"ascension_level":0}}