{"host":"xwl7b08i4vco8s3a","time":1614091302,"event":{"mods":["BaseMod","Colored Powertips","Downfall","Hermit","Minty Spire (QoL Compilation)","Replay The Spire","StSLib","Wandering Minibosses"],"gold_per_floor":[117,128,128,143,134,170,240,240,266,282,282,282],"floor_reached":11,"language":"ENG","playtime":397,"items_purged":[],"score":75,"play_id":"22175974-2685-48b8-8298-3cd5f6a1fc1a","local_time":"20210223154142","is_ascension_mode":false,"campfire_choices":[{"floor":8,"key":"RECALL"}],"circlet_count":0,"master_deck":["hermit:Strike_Hermit","hermit:Strike_Hermit","hermit:Strike_Hermit","hermit:Strike_Hermit","hermit:Defend_Hermit","hermit:Defend_Hermit","hermit:Defend_Hermit","hermit:Defend_Hermit","hermit:Snapshot","hermit:Covet","hermit:Headshot","hermit:TrackingShot","hermit:EyeOfTheStorm","hermit:ShadowCloak","hermit:Grudge"],"relics":["hermit:Momento","Golden Idol","Regal Pillow","Happy Flower"],"acts_visited":["Exordium"],"potions_floor_usage":[11],"damage_taken":[{"damage":6,"enemies":"Jaw Worm","floor":1,"turns":3},{"damage":0,"enemies":"Small Slimes","floor":2,"turns":2},{"damage":0,"enemies":"2 Louse","floor":4,"turns":2},{"damage":10,"enemies":"Exordium Thugs","floor":5,"turns":4},{"damage":18,"enemies":"Gremlin Nob","floor":6,"turns":4},{"damage":13,"enemies":"3 Louse","floor":10,"turns":3},{"damage":39,"enemies":"3 Sentries","floor":11,"turns":6}],"seed_played":"1798797152199079266","potions_obtained":[{"floor":5,"key":"DuplicationPotion"},{"floor":10,"key":"Languid Potion"}],"is_trial":false,"path_per_floor":["M","M","?","M","M","E","?","R","T","M","E"],"character_chosen":"HERMIT","items_purchased":[],"campfire_rested":0,"item_purchase_floors":[],"current_hp_per_floor":[76,76,76,76,66,48,48,48,48,35,0,0],"gold":282,"neow_bonus":"TEN_PERCENT_HP_BONUS","is_daily":false,"chose_seed":false,"campfire_upgraded":0,"win_rate":0.0,"timestamp":1614091302,"path_taken":["M","M","?","M","M","E","?","R","T","M","E"],"items_purchased_type":[],"build_version":"2020-12-22","purchased_purges":0,"victory":false,"max_hp_per_floor":[82,82,76,76,76,76,76,76,76,76,76,76],"card_choices":[{"not_picked":["hermit:LowProfile","hermit:Feint"],"picked":"hermit:Headshot","floor":1},{"not_picked":["hermit:Misfire","hermit:Desperado","hermit:Gestalt"],"picked":"SKIP","floor":2},{"not_picked":["hermit:Desperado","hermit:Dive"],"picked":"hermit:TrackingShot","floor":4},{"not_picked":["hermit:Showdown","hermit:Scavenge"],"picked":"hermit:EyeOfTheStorm","floor":5},{"not_picked":["hermit:BigShot","hermit:WideOpen"],"picked":"hermit:ShadowCloak","floor":6},{"not_picked":["hermit:LowProfile","hermit:TrackingShot"],"picked":"hermit:Grudge","floor":10}],"player_experience":450352,"relics_obtained":[{"floor":6,"key":"Regal Pillow"},{"floor":9,"key":"Happy Flower"}],"event_choices":[{"damage_healed":0,"gold_gain":0,"player_choice":"Lose Max HP","damage_taken":0,"relics_obtained":["Golden Idol"],"max_hp_gain":0,"max_hp_loss":6,"event_name":"Golden Idol","floor":3,"gold_loss":0},{"damage_healed":0,"gold_gain":70,"player_choice":"Gained Gold","damage_taken":0,"max_hp_gain":0,"max_hp_loss":0,"event_name":"Golden Wing","floor":7,"gold_loss":0}],"is_beta":false,"boss_relics":[],"items_purged_floors":[],"is_endless":false,"potions_floor_spawned":[5,10],"killed_by":"3 Sentries","ascension_level":0}}