{"host":"cfqfeqi6u2qx5u0e","time":1614092660,"event":{"mods":["AchievementEnabler","BaseMod","Colored Powertips","Minty Spire (QoL Compilation)","Quick Restart","StSLib"],"gold_per_floor":[111,129,129,146,156,189,189,215,215,228,258,269,281,299,299,395,395,411,421,89,107,127,127,42,76,121,46,46,46,46],"floor_reached":29,"language":"ENG","playtime":2473,"items_purged":[],"score":353,"play_id":"1a188c89-104a-419f-9c98-aeeed0e2027b","local_time":"20210223070420","is_ascension_mode":true,"campfire_choices":[{"data":"Heavy Blade","floor":7,"key":"SMITH"},{"floor":15,"key":"REST"},{"floor":23,"key":"REST"}],"circlet_count":0,"master_deck":["Strike_R","Strike_R","Strike_R","Strike_R","Defend_R","Defend_R","Defend_R","Defend_R","Bash","Barricade","Heavy Blade+1","Rampage","Inflame","Heavy Blade","Corruption","Iron Wave","Rampage","Bloodletting+1","Thunderclap","Dark Embrace","Uppercut","Double Tap+1","Armaments+1","Seeing Red+1","Panacea+1","Warcry+1","Shrug It Off+1","True Grit+1"],"relics":["Black Blood","Toxic Egg 2","Omamori","White Beast Statue","Paper Frog","Molten Egg 2","Blue Candle","Potion Belt","Dream Catcher"],"acts_visited":["Exordium","TheCity"],"potions_floor_usage":[3,6,8,10,11,16,16,18,19,21,22,22,25,29],"damage_taken":[{"damage":6,"enemies":"Cultist","floor":1,"turns":4},{"damage":8,"enemies":"Jaw Worm","floor":2,"turns":4},{"damage":3,"enemies":"Small Slimes","floor":4,"turns":3},{"damage":17,"enemies":"Exordium Wildlife","floor":5,"turns":4},{"damage":32,"enemies":"Gremlin Nob","floor":6,"turns":4},{"damage":30,"enemies":"3 Sentries","floor":8,"turns":6},{"damage":45,"enemies":"Gremlin Gang","floor":10,"turns":5},{"damage":19,"enemies":"Gremlin Nob","floor":11,"turns":4},{"damage":6,"enemies":"Large Slime","floor":12,"turns":3},{"damage":13,"enemies":"2 Fungi Beasts","floor":13,"turns":3},{"damage":8,"enemies":"Blue Slaver","floor":14,"turns":2},{"damage":31,"enemies":"Slime Boss","floor":16,"turns":5},{"damage":37,"enemies":"3 Byrds","floor":18,"turns":5},{"damage":10,"enemies":"Chosen","floor":19,"turns":6},{"damage":28,"enemies":"Centurion and Healer","floor":21,"turns":5},{"damage":27,"enemies":"Cultist and Chosen","floor":22,"turns":6},{"damage":63,"enemies":"Slavers","floor":25,"turns":4},{"damage":27,"enemies":"Snake Plant","floor":29,"turns":4}],"seed_played":"-3887187630046277936","potions_obtained":[{"floor":1,"key":"BlessingOfTheForge"},{"floor":3,"key":"FairyPotion"},{"floor":3,"key":"ElixirPotion"},{"floor":3,"key":"Fruit Juice"},{"floor":6,"key":"DuplicationPotion"},{"floor":8,"key":"BloodPotion"},{"floor":10,"key":"PowerPotion"},{"floor":11,"key":"Explosive Potion"},{"floor":12,"key":"Ancient Potion"},{"floor":13,"key":"LiquidBronze"},{"floor":16,"key":"Weak Potion"},{"floor":18,"key":"GamblersBrew"},{"floor":19,"key":"ColorlessPotion"},{"floor":21,"key":"Fruit Juice"},{"floor":22,"key":"Regen Potion"},{"floor":25,"key":"ColorlessPotion"}],"is_trial":false,"path_per_floor":["M","M","?","M","M","E","R","E","T","M","E","M","M","M","R","B",null,"M","M","$","M","M","R","?","E","T","?","$","M"],"character_chosen":"IRONCLAD","items_purchased":["Molten Egg 2","Panacea+1"],"campfire_rested":2,"item_purchase_floors":[20,20],"current_hp_per_floor":[80,78,83,85,74,48,48,24,24,31,18,18,11,9,34,9,85,60,62,62,46,36,63,63,24,24,24,24,0,0],"gold":46,"neow_bonus":"ONE_RANDOM_RARE_CARD","is_daily":false,"chose_seed":false,"campfire_upgraded":1,"win_rate":0.0,"timestamp":1614092660,"path_taken":["M","M","?","M","?","E","R","E","T","M","E","M","M","M","R","BOSS","M","M","$","M","M","R","?","E","T","?","?","M"],"items_purchased_type":["Relic","Card"],"build_version":"2020-12-22","purchased_purges":0,"victory":false,"max_hp_per_floor":[80,80,85,85,85,85,85,85,85,85,85,85,85,85,85,85,85,85,85,85,85,90,90,90,90,90,90,90,90,90],"card_choices":[{"not_picked":["Rupture","Sever Soul"],"picked":"Heavy Blade","floor":1},{"not_picked":["Clothesline","Perfected Strike"],"picked":"Rampage","floor":2},{"not_picked":["Cleave","Ghostly Armor"],"picked":"Inflame","floor":4},{"not_picked":["Pommel Strike","Feel No Pain"],"picked":"Heavy Blade","floor":5},{"not_picked":["Exhume+1","Demon Form"],"picked":"Corruption","floor":6},{"not_picked":["Evolve","Wild Strike"],"picked":"Iron Wave","floor":8},{"not_picked":["Pommel Strike","Perfected Strike"],"picked":"Rampage","floor":10},{"not_picked":["Wild Strike","Sentinel+1"],"picked":"Bloodletting+1","floor":11},{"not_picked":["Headbutt","Iron Wave"],"picked":"Thunderclap","floor":12},{"not_picked":["Blood for Blood","Feel No Pain"],"picked":"Dark Embrace","floor":13},{"not_picked":["Perfected Strike","Anger"],"picked":"Uppercut","floor":14},{"not_picked":["Fiend Fire","Immolate"],"picked":"Double Tap+1","floor":16},{"not_picked":["Thunderclap","Havoc+1"],"picked":"Armaments+1","floor":18},{"not_picked":["Thunderclap","Battle Trance+1"],"picked":"Seeing Red+1","floor":19},{"not_picked":["Bloodletting+1","Cleave+1"],"picked":"Warcry+1","floor":21},{"not_picked":["Body Slam+1","Evolve+1"],"picked":"Shrug It Off+1","floor":22},{"not_picked":["Uppercut+1","Combust"],"picked":"True Grit+1","floor":25}],"player_experience":130248,"relics_obtained":[{"floor":6,"key":"Toxic Egg 2"},{"floor":8,"key":"Omamori"},{"floor":9,"key":"White Beast Statue"},{"floor":11,"key":"Paper Frog"},{"floor":25,"key":"Potion Belt"},{"floor":26,"key":"Dream Catcher"}],"event_choices":[{"damage_healed":0,"gold_gain":0,"player_choice":"Got Potions","damage_taken":0,"max_hp_gain":0,"max_hp_loss":0,"event_name":"Lab","floor":3,"gold_loss":0},{"damage_healed":0,"gold_gain":0,"player_choice":"Obtained Relic","damage_taken":0,"relics_obtained":["Blue Candle"],"max_hp_gain":0,"max_hp_loss":0,"event_name":"Addict","floor":24,"gold_loss":85},{"cards_removed":["Strike_R"],"damage_healed":0,"gold_gain":0,"player_choice":"Gave Gold","damage_taken":0,"max_hp_gain":0,"max_hp_loss":0,"event_name":"Beggar","floor":27,"gold_loss":75}],"is_beta":false,"boss_relics":[{"not_picked":["Mark of Pain","Coffee Dripper"],"picked":"Black Blood"}],"items_purged_floors":[],"is_endless":false,"potions_floor_spawned":[1,6,8,10,11,12,13,14,16,18,19,21,22,25],"killed_by":"Snake Plant","ascension_level":4}}