{"host":"8ztb9kwpjc2zof9s","time":1614053673,"event":{"mods":["BaseMod","Block Reminder","Curses Come First","Minty Spire (QoL Compilation)","Relic Stats","StSLib"],"gold_per_floor":[367,263,263,263,282,282,316,341,394,394,412,423,442,17,17,89,89,57,57,72,72,72,72],"floor_reached":22,"language":"ENG","playtime":690,"items_purged":["Regret"],"score":331,"play_id":"49f48a16-a19e-4e77-b5ba-3ca0b7e25182","local_time":"20210222201433","is_ascension_mode":true,"campfire_choices":[{"data":"Neutralize","floor":6.0,"key":"SMITH"},{"data":"Poisoned Stab","floor":10,"key":"SMITH"},{"floor":15,"key":"REST"}],"circlet_count":0,"master_deck":["AscendersBane","Strike_G","Strike_G","Strike_G","Strike_G","Strike_G","Defend_G","Defend_G","Defend_G","Defend_G","Defend_G","Survivor","Neutralize+1","Prepared","Poisoned Stab+1","Flying Knee","Outmaneuver","Acrobatics","Backflip","Poisoned Stab","Footwork","Blade Dance","Envenom","CurseOfTheBell","Shame","Well Laid Plans","Footwork"],"relics":["Ring of the Snake","Ornamental Fan","Art of War","PreservedInsect","Ice Cream","Calling Bell","Strawberry","Darkstone Periapt","Girya","Mummified Hand"],"acts_visited":["Exordium","TheCity"],"potions_floor_usage":[7,7,12,16,22],"damage_taken":[{"damage":16.0,"enemies":"Small Slimes","floor":1.0,"turns":5.0},{"damage":0.0,"enemies":"Jaw Worm","floor":5.0,"turns":4.0},{"damage":6,"enemies":"Gremlin Nob","floor":7,"turns":3},{"damage":0,"enemies":"Cultist","floor":11,"turns":4},{"damage":2,"enemies":"Exordium Thugs","floor":12,"turns":4},{"damage":1,"enemies":"Looter","floor":13,"turns":4},{"damage":40,"enemies":"Slime Boss","floor":16,"turns":12},{"damage":27,"enemies":"2 Thieves","floor":18,"turns":5},{"damage":18,"enemies":"Chosen","floor":20,"turns":7},{"damage":36,"enemies":"Centurion and Healer","floor":22,"turns":6}],"seed_played":"-7097501540033409622","potions_obtained":[{"floor":1.0,"key":"Swift Potion"},{"floor":4.0,"key":"Strength Potion"},{"floor":11,"key":"AttackPotion"},{"floor":13,"key":"Strength Potion"},{"floor":16,"key":"FearPotion"}],"is_trial":false,"path_per_floor":["M","$","?","?","M","R","E","T","T","R","M","M","M","$","R","B",null,"M","?","M","?","M"],"character_chosen":"THE_SILENT","items_purchased":["Poisoned Stab","Footwork","Blade Dance","Ice Cream"],"campfire_rested":1,"item_purchase_floors":[2,14,14,14],"current_hp_per_floor":[43,43,48,48,48,48,42,42,42,42,42,40,39,39,60,20,65,38,44,26,26,0,0],"gold":72,"neow_bonus":"TWO_FIFTY_GOLD","is_daily":false,"chose_seed":false,"campfire_upgraded":2,"win_rate":0.0,"timestamp":1614053673,"path_taken":["M","$","?","?","?","R","E","?","T","R","M","M","M","$","R","BOSS","M","?","M","?","M"],"items_purchased_type":["Card","Card","Card","Relic"],"build_version":"2020-12-22","purchased_purges":1,"victory":false,"max_hp_per_floor":[66,66,71,71,71,71,71,71,71,71,71,71,71,71,71,71,78,78,84,84,84,84,84],"relic_stats":{"Darkstone Periapt":6,"counters":[10,54],"Ornamental Fan":[72],"Mummified Hand":[5],"PreservedInsect":0,"Art of War":[2],"obtain_stats":[{"Ice Cream":14,"Calling Bell":17,"Darkstone Periapt":17,"Girya":17,"Ornamental Fan":7,"Mummified Hand":19,"Strawberry":17,"PreservedInsect":9,"Art of War":8,"Ring of the Snake":0},{"Ice Cream":6,"Calling Bell":7,"Darkstone Periapt":7,"Girya":7,"Ornamental Fan":3,"Mummified Hand":8,"Strawberry":7,"PreservedInsect":3,"Art of War":3,"Ring of the Snake":0},{"Ice Cream":24,"Calling Bell":36,"Darkstone Periapt":36,"Girya":36,"Ornamental Fan":12,"Mummified Hand":41,"Strawberry":36,"PreservedInsect":12,"Art of War":12,"Ring of the Snake":0}],"Ring of the Snake":[20]},"card_choices":[{"not_picked":["Endless Agony","Dash"],"picked":"Prepared","floor":1.0},{"not_picked":["Predator","Accuracy"],"picked":"Flying Knee","floor":5.0},{"not_picked":["Sucker Punch","Terror"],"picked":"Outmaneuver","floor":7},{"not_picked":["Skewer","Poisoned Stab"],"picked":"Acrobatics","floor":11},{"not_picked":["Crippling Poison","Masterful Stab"],"picked":"Backflip","floor":12},{"not_picked":["Backstab","Caltrops"],"picked":"Poisoned Stab","floor":13},{"not_picked":["Venomology","Doppelganger"],"picked":"Envenom","floor":16},{"not_picked":["Dodge and Roll","Dagger Throw","Skewer"],"picked":"SKIP","floor":18},{"not_picked":["Infinite Blades","Backstab"],"picked":"Well Laid Plans","floor":20}],"player_experience":383274,"relics_obtained":[{"floor":7,"key":"Ornamental Fan"},{"floor":8,"key":"Art of War"},{"floor":9,"key":"PreservedInsect"},{"floor":17,"key":"Strawberry"},{"floor":17,"key":"Darkstone Periapt"},{"floor":17,"key":"Girya"}],"event_choices":[{"damage_healed":0.0,"max_hp_gain":5.0,"max_hp_loss":0.0,"gold_gain":0.0,"event_name":"Big Fish","player_choice":"Donut","floor":3.0,"gold_loss":0.0,"damage_taken":0.0},{"damage_healed":0.0,"max_hp_gain":0.0,"max_hp_loss":0.0,"gold_gain":0.0,"event_name":"Lab","player_choice":"Got Potions","floor":4.0,"gold_loss":0.0,"damage_taken":0.0},{"damage_healed":0,"gold_gain":0,"player_choice":"Stole Relic","damage_taken":0,"relics_obtained":["Mummified Hand"],"max_hp_gain":0,"max_hp_loss":0,"event_name":"Addict","floor":19,"gold_loss":0,"cards_obtained":["Shame"]},{"damage_healed":0,"gold_gain":0,"player_choice":"Copied","damage_taken":0,"max_hp_gain":0,"max_hp_loss":0,"event_name":"Duplicator","floor":21,"gold_loss":0,"cards_obtained":["Footwork"]}],"is_beta":false,"boss_relics":[{"not_picked":["Velvet Choker","Sozu"],"picked":"Calling Bell"}],"items_purged_floors":[2],"is_endless":false,"potions_floor_spawned":[1,11,13,16],"killed_by":"Centurion and Healer","ascension_level":16}}