{"host":"hszimsrtxxc2k25w","time":1614088778,"event":{"mods":["AchievementEnabler","BaseMod","Colored Map","DeckTracker","Minty Spire (QoL Compilation)","Rare Cards Sparkle","SuperFastMode"],"gold_per_floor":[364,246,246,265,281,310,310,235,235,245,245,245,245,245,245,322,322,340,340,240,240,255,255,281,281,281,156,156,70,70,101,101,101,101],"floor_reached":33,"language":"KOR","playtime":665,"items_purged":["Strike_R","Strike_R","Defend_R"],"score":554,"play_id":"924bdf04-bbcb-4f8d-a275-450d6345acd8","local_time":"20210223225938","is_ascension_mode":true,"campfire_choices":[{"floor":7.0,"key":"REST"},{"data":"Carnage","floor":11.0,"key":"SMITH"},{"data":"Fire Breathing","floor":13.0,"key":"SMITH"},{"floor":15.0,"key":"REST"},{"data":"Bash","floor":23,"key":"SMITH"},{"data":"Battle Trance","floor":25,"key":"SMITH"},{"floor":30,"key":"REST"},{"floor":32,"key":"REST"}],"circlet_count":0,"master_deck":["AscendersBane","Defend_R","Defend_R","Defend_R","Bash+1","Battle Trance+1","Fire Breathing+1","Carnage+1","Offering","Disarm+1","Pommel Strike+1","Headbutt+1","Second Wind+1","Feel No Pain"],"relics":["Burning Blood","Paper Frog","Bag of Preparation","Astrolabe","Nloth\u0027s Gift","HornCleat","Boot","Whetstone","Nilry\u0027s Codex","Bird Faced Urn"],"acts_visited":["Exordium","TheCity"],"potions_floor_usage":[24],"damage_taken":[{"damage":10.0,"enemies":"Small Slimes","floor":1.0,"turns":3.0},{"damage":9.0,"enemies":"Jaw Worm","floor":4.0,"turns":4.0},{"damage":9.0,"enemies":"2 Louse","floor":5.0,"turns":3.0},{"damage":40.0,"enemies":"Lagavulin","floor":6.0,"turns":5.0},{"damage":13.0,"enemies":"Exordium Thugs","floor":10.0,"turns":4.0},{"damage":12.0,"enemies":"Slime Boss","floor":16.0,"turns":6.0},{"damage":18.0,"enemies":"3 Byrds","floor":18.0,"turns":4.0},{"damage":6,"enemies":"Chosen","floor":22,"turns":3},{"damage":48,"enemies":"Book of Stabbing","floor":24,"turns":6},{"damage":13,"enemies":"Slavers","floor":31,"turns":3},{"damage":73,"enemies":"Champ","floor":33,"turns":9}],"seed_played":"-4204258098221177891","potions_obtained":[{"floor":1.0,"key":"Explosive Potion"},{"floor":10.0,"key":"BloodPotion"},{"floor":18.0,"key":"SteroidPotion"}],"is_trial":false,"path_per_floor":["M","$","?","M","M","E","R","?","T","M","R","?","R","T","R","B",null,"M","?","$","T","M","R","E","R","T","$","?","$","R","E","R","B"],"character_chosen":"IRONCLAD","items_purchased":["Inflame","Feel No Pain"],"campfire_rested":4,"item_purchase_floors":[2,29],"current_hp_per_floor":[46,46,51,48,45,11,35,35,35,28,28,21,21,21,45,39,70,58,58,58,58,58,58,32,32,32,32,11,11,35,28,52,0,0],"gold":101,"neow_bonus":"TWO_FIFTY_GOLD","is_daily":false,"chose_seed":false,"campfire_upgraded":4,"win_rate":0.0,"timestamp":1614088778,"path_taken":["M","$","?","M","M","E","R","?","T","M","R","?","R","?","R","BOSS","M","?","$","?","M","R","E","R","T","$","?","?","R","E","R","BOSS"],"items_purchased_type":["Card","Card"],"build_version":"2020-12-22","purchased_purges":3,"victory":false,"max_hp_per_floor":[75,75,80,80,80,80,80,80,80,80,80,80,80,80,80,80,80,80,80,80,80,80,80,80,80,80,80,80,80,80,80,80,80,80],"card_choices":[{"not_picked":["True Grit","Pummel"],"picked":"Anger","floor":1.0},{"not_picked":["Feel No Pain","Entrench"],"picked":"Battle Trance","floor":4.0},{"not_picked":["Thunderclap","Entrench"],"picked":"Fire Breathing","floor":5.0},{"not_picked":["Shrug It Off","Pommel Strike"],"picked":"Carnage","floor":6.0},{"not_picked":["Thunderclap","Rampage","Clothesline"],"picked":"SKIP","floor":10.0},{"not_picked":["Limit Break","Corruption"],"picked":"Offering","floor":16.0},{"not_picked":["Flame Barrier","Metallicize","Heavy Blade"],"picked":"SKIP","floor":18.0},{"not_picked":["Pummel","Heavy Blade","Havoc"],"picked":"SKIP","floor":22},{"not_picked":["Blood for Blood+1","Thunderclap"],"picked":"Second Wind+1","floor":24},{"not_picked":["True Grit","Entrench","Warcry"],"picked":"SKIP","floor":31}],"player_experience":694824,"relics_obtained":[{"floor":6.0,"key":"Paper Frog"},{"floor":9.0,"key":"Bag of Preparation"},{"floor":14.0,"key":"WingedGreaves"},{"floor":21.0,"key":"HornCleat"},{"floor":24,"key":"Boot"},{"floor":26,"key":"Whetstone"},{"floor":28,"key":"Nilry\u0027s Codex"},{"floor":31,"key":"Bird Faced Urn"}],"event_choices":[{"damage_healed":0.0,"max_hp_gain":5.0,"max_hp_loss":0.0,"gold_gain":0.0,"event_name":"Big Fish","player_choice":"Donut","floor":3.0,"gold_loss":0.0,"damage_taken":0.0},{"cards_removed":["Strike_R"],"damage_healed":0.0,"max_hp_gain":0.0,"max_hp_loss":0.0,"gold_gain":0.0,"event_name":"The Cleric","player_choice":"Card Removal","floor":8.0,"gold_loss":75.0,"damage_taken":0.0},{"cards_removed":["Strike_R"],"damage_healed":0.0,"max_hp_gain":0.0,"max_hp_loss":0.0,"gold_gain":0.0,"event_name":"Golden Wing","player_choice":"Card Removal","floor":12.0,"gold_loss":0.0,"damage_taken":7.0},{"damage_healed":0.0,"max_hp_gain":0.0,"max_hp_loss":0.0,"gold_gain":0.0,"event_name":"N\u0027loth","player_choice":"Traded Relic","floor":19.0,"relics_lost":["WingedGreaves"],"gold_loss":0.0,"damage_taken":0.0,"relics_obtained":["Nloth\u0027s Gift"]},{"damage_healed":0,"gold_gain":0,"player_choice":"Obtained Book","damage_taken":21,"max_hp_gain":0,"max_hp_loss":0,"event_name":"Cursed Tome","floor":28,"gold_loss":0}],"is_beta":false,"boss_relics":[{"not_picked":["Tiny House","Velvet Choker"],"picked":"Astrolabe"}],"items_purged_floors":[2,20,27],"is_endless":false,"potions_floor_spawned":[1,10,18],"killed_by":"Champ","ascension_level":20}}