{"host":"3jpcvpprzj9sjffh","time":1614085656,"event":{"mods":["AchievementEnabler","BaseMod","Colored Map","Minty Spire (QoL Compilation)","Rare Cards Sparkle","SuperFastMode","everything is the same but u backflip on backflip"],"gold_per_floor":[109,127,141,157,157,191,191,43,43,57,77,77,90,120,120,223,223,250,250,250,267,311,311,342,442,442,442,462,487,487,532,532,646,696,721,739,761,761,53,53,53],"floor_reached":40,"language":"KOR","playtime":1558,"items_purged":["Strike_R","Bite"],"score":443,"play_id":"54c4c1c9-42e2-4e27-8fb4-f31e0460240a","local_time":"20210223220736","is_ascension_mode":false,"campfire_choices":[{"data":"Body Slam","floor":7.0,"key":"SMITH"},{"data":"Armaments","floor":12.0,"key":"SMITH"},{"floor":15.0,"key":"REST"},{"data":"Berserk","floor":23.0,"key":"SMITH"},{"floor":27.0,"key":"REST"},{"floor":30.0,"key":"REST"},{"floor":32.0,"key":"REST"}],"circlet_count":0,"master_deck":["Defend_R","Defend_R","Defend_R","Defend_R+1","Bash","Immolate","Fire Breathing","Pommel Strike","Body Slam+1","Evolve","Second Wind","Bloodletting","Armaments+1","Flame Barrier","Berserk+1","CurseOfTheBell","Rage","Shrug It Off","Impervious","Bite","Bite","Bite","Bite","Juggernaut","Shockwave+1","Seeing Red","Apotheosis"],"relics":["Burning Blood","Letter Opener","Girya","CaptainsWheel","Akabeko","Calling Bell","CeramicFish","Sundial","Torii","Shovel","Red Mask","Ancient Tea Set","Tiny House","Calipers","Frozen Eye"],"acts_visited":["Exordium","TheCity","TheBeyond"],"potions_floor_usage":[33,33,37,37,37,40],"damage_taken":[{"damage":0.0,"enemies":"2 Louse","floor":1.0,"turns":1.0},{"damage":6.0,"enemies":"Cultist","floor":2.0,"turns":3.0},{"damage":11.0,"enemies":"Jaw Worm","floor":3.0,"turns":2.0},{"damage":7.0,"enemies":"2 Fungi Beasts","floor":4.0,"turns":3.0},{"damage":27.0,"enemies":"Gremlin Nob","floor":6.0,"turns":4.0},{"damage":13.0,"enemies":"Looter","floor":10.0,"turns":3.0},{"damage":3.0,"enemies":"Exordium Thugs","floor":11.0,"turns":3.0},{"damage":9.0,"enemies":"Blue Slaver","floor":13.0,"turns":3.0},{"damage":22.0,"enemies":"3 Sentries","floor":14.0,"turns":4.0},{"damage":47.0,"enemies":"Hexaghost","floor":16.0,"turns":10.0},{"damage":29.0,"enemies":"Spheric Guardian","floor":18.0,"turns":8.0},{"damage":2.0,"enemies":"Chosen","floor":21.0,"turns":5.0},{"damage":2.0,"enemies":"Masked Bandits","floor":22.0,"turns":2.0},{"damage":30.0,"enemies":"Slavers","floor":24.0,"turns":5.0},{"damage":28.0,"enemies":"Shelled Parasite and Fungi","floor":28.0,"turns":7.0},{"damage":22.0,"enemies":"Sentry and Sphere","floor":29.0,"turns":6.0},{"damage":96,"enemies":"Automaton","floor":33,"turns":14},{"damage":13,"enemies":"Orb Walker","floor":35,"turns":5},{"damage":36,"enemies":"3 Darklings","floor":36,"turns":8},{"damage":47,"enemies":"Transient","floor":37,"turns":5},{"damage":19,"enemies":"Reptomancer","floor":40,"turns":2}],"seed_played":"-4917488812800956942","potions_obtained":[{"floor":4.0,"key":"Energy Potion"},{"floor":6.0,"key":"CultistPotion"},{"floor":14.0,"key":"Explosive Potion"},{"floor":16.0,"key":"PowerPotion"},{"floor":18.0,"key":"Fire Potion"},{"floor":24.0,"key":"Fire Potion"},{"floor":29.0,"key":"FairyPotion"},{"floor":33,"key":"SteroidPotion"},{"floor":34,"key":"EntropicBrew"},{"floor":36,"key":"ElixirPotion"},{"floor":38,"key":"SneckoOil"}],"is_trial":false,"path_per_floor":["M","M","M","M","?","E","R","$","T","M","M","R","M","E","R","B",null,"M","?","?","M","?","R","E","?","T","R","M","M","R","?","R","B",null,"M","M","M","?","$","E"],"character_chosen":"IRONCLAD","items_purchased":["Bloodletting","Apotheosis","Calipers","Frozen Eye"],"campfire_rested":4,"item_purchase_floors":[8,39,39,39],"current_hp_per_floor":[80,80,75,74,74,53,53,53,53,46,49,49,46,30,54,13,80,57,42,42,46,50,50,26,26,26,51,29,13,38,38,55,26,64,64,41,9,9,9,0,0],"gold":53,"neow_bonus":"ONE_RANDOM_RARE_CARD","is_daily":false,"chose_seed":false,"campfire_upgraded":3,"win_rate":0.0,"timestamp":1614085656,"path_taken":["M","M","M","M","?","E","R","$","T","M","M","R","M","E","R","BOSS","M","?","?","M","?","R","E","?","T","R","M","?","R","?","R","BOSS","M","M","M","?","$","E"],"items_purchased_type":["Card","Card","Relic","Relic"],"build_version":"2020-12-22","purchased_purges":2,"victory":false,"max_hp_per_floor":[80,80,80,80,80,80,80,80,80,80,80,80,80,80,80,80,80,80,85,85,85,85,85,85,85,85,85,85,85,85,59,59,59,64,64,64,64,64,64,64,64],"card_choices":[{"not_picked":["Iron Wave","Body Slam"],"picked":"Fire Breathing","floor":1.0},{"not_picked":["Battle Trance","Perfected Strike"],"picked":"Pommel Strike","floor":2.0},{"not_picked":["Shrug It Off","Feed"],"picked":"Body Slam","floor":3.0},{"not_picked":["Headbutt","Ghostly Armor"],"picked":"Evolve","floor":4.0},{"not_picked":["Carnage","True Grit"],"picked":"Second Wind","floor":6.0},{"not_picked":["Flex","Twin Strike"],"picked":"Armaments","floor":10.0},{"not_picked":["Clothesline","Clash","Flex"],"picked":"SKIP","floor":11.0},{"not_picked":["Searing Blow","Corruption","Spot Weakness"],"picked":"SKIP","floor":13.0},{"not_picked":["Reckless Charge","Disarm"],"picked":"Flame Barrier","floor":14.0},{"not_picked":["Double Tap","Corruption"],"picked":"Berserk","floor":16.0},{"not_picked":["Warcry","Fire Breathing"],"picked":"Rage","floor":18.0},{"not_picked":["Headbutt+1","Berserk","Twin Strike"],"picked":"SKIP","floor":21.0},{"not_picked":["Armaments","Perfected Strike+1"],"picked":"Shrug It Off","floor":22.0},{"not_picked":["Headbutt+1","Perfected Strike","Fire Breathing"],"picked":"SKIP","floor":24.0},{"not_picked":["Clash","Headbutt+1","Dropkick"],"picked":"SKIP","floor":28.0},{"not_picked":["Pommel Strike","Inflame"],"picked":"Impervious","floor":29.0},{"not_picked":["Reaper","Bludgeon"],"picked":"Juggernaut","floor":33},{"not_picked":["Anger+1","Body Slam"],"picked":"Shockwave+1","floor":35},{"not_picked":["Clash+1","Havoc+1","Flame Barrier"],"picked":"SKIP","floor":36},{"not_picked":["Evolve+1","Armaments+1"],"picked":"Seeing Red","floor":37}],"player_experience":345312,"relics_obtained":[{"floor":6.0,"key":"Girya"},{"floor":9.0,"key":"CaptainsWheel"},{"floor":14.0,"key":"Akabeko"},{"floor":17.0,"key":"CeramicFish"},{"floor":17.0,"key":"Sundial"},{"floor":17.0,"key":"Torii"},{"floor":22.0,"key":"Red Mask"},{"floor":24.0,"key":"Ancient Tea Set"}],"event_choices":[{"damage_healed":0.0,"max_hp_gain":0.0,"max_hp_loss":0.0,"gold_gain":0.0,"event_name":"WeMeetAgain","player_choice":"Gave Potion","floor":5.0,"gold_loss":0.0,"damage_taken":0.0,"relics_obtained":["Letter Opener"]},{"damage_healed":0.0,"max_hp_gain":5.0,"max_hp_loss":0.0,"gold_gain":0.0,"event_name":"Forgotten Altar","player_choice":"Shed Blood","floor":19.0,"gold_loss":0.0,"damage_taken":20.0},{"damage_healed":0.0,"max_hp_gain":0.0,"max_hp_loss":0.0,"gold_gain":0.0,"event_name":"The Mausoleum","player_choice":"Opened","floor":20.0,"gold_loss":0.0,"damage_taken":0.0,"relics_obtained":["Shovel"]},{"damage_healed":0.0,"max_hp_gain":0.0,"max_hp_loss":0.0,"gold_gain":0.0,"event_name":"Masked Bandits","player_choice":"Fought Bandits","floor":22.0,"gold_loss":0.0,"damage_taken":0.0},{"damage_healed":0.0,"max_hp_gain":0.0,"max_hp_loss":0.0,"gold_gain":100.0,"event_name":"Golden Shrine","player_choice":"Pray","floor":25.0,"gold_loss":0.0,"damage_taken":0.0},{"damage_healed":0.0,"max_hp_gain":0.0,"max_hp_loss":26.0,"gold_gain":0.0,"event_name":"Vampires","player_choice":"Became a vampire","floor":31.0,"gold_loss":0.0,"damage_taken":0.0,"cards_obtained":["Bite","Bite","Bite","Bite","Bite"]},{"damage_healed":0,"gold_gain":0,"player_choice":"Got Potions","damage_taken":0,"max_hp_gain":0,"max_hp_loss":0,"event_name":"Lab","floor":38,"gold_loss":0}],"is_beta":false,"boss_relics":[{"not_picked":["Runic Cube","Coffee Dripper"],"picked":"Calling Bell"},{"not_picked":["Philosopher\u0027s Stone","SacredBark"],"picked":"Tiny House"}],"items_purged_floors":[8,39],"is_endless":false,"potions_floor_spawned":[4,6,14,16,18,24,29,33,36],"killed_by":"Reptomancer","ascension_level":0}}