{"host":"c6u7e77myxvw4d0m","time":1614095779,"event":{"mods":["AchievementEnabler","BaseMod","Bestiary","Colored Map","Colored Powertips","Minty Spire (QoL Compilation)","Rare Cards Sparkle","Relic Stats","everything is the same but u backflip on backflip"],"gold_per_floor":[109,109,124,124,49,83,83,158,184,211,224,224,224,224],"floor_reached":13,"language":"ENG","playtime":446,"items_purged":[],"score":232,"play_id":"fb5b7956-b924-489c-a19a-910cad7dd8e3","local_time":"20210223175619","is_ascension_mode":true,"campfire_choices":[{"data":"Neutralize","floor":7,"key":"SMITH"},{"floor":12,"key":"REST"}],"circlet_count":0,"master_deck":["AscendersBane","Strike_G","Strike_G","Strike_G","Defend_G","Defend_G","Defend_G","Defend_G","Defend_G","Survivor","Neutralize+1","Bane","Infinite Blades","Calculated Gamble","Dagger Throw","Skewer","Blade Dance"],"relics":["Ring of the Snake","NeowsBlessing","Tough Bandages","Omamori","Lantern","Oddly Smooth Stone"],"acts_visited":[],"potions_floor_usage":[13],"damage_taken":[{"damage":0,"enemies":"Cultist","floor":1,"turns":1},{"damage":0,"enemies":"Small Slimes","floor":3,"turns":1},{"damage":0,"enemies":"Gremlin Nob","floor":6,"turns":1},{"damage":45,"enemies":"Lagavulin","floor":10,"turns":11},{"damage":0,"enemies":"2 Louse","floor":11,"turns":2},{"damage":56,"enemies":"Gremlin Nob","floor":13,"turns":4}],"seed_played":"-4055528447890037522","potions_obtained":[{"floor":11,"key":"SkillPotion"}],"is_trial":false,"path_per_floor":["M","T","M","?","?","E","R","?","T","E","M","R","E"],"character_chosen":"THE_SILENT","items_purchased":[],"campfire_rested":1,"item_purchase_floors":[],"current_hp_per_floor":[59,59,59,59,59,59,59,48,48,3,3,22,0,0],"gold":224,"neow_bonus":"THREE_ENEMY_KILL","is_daily":false,"chose_seed":false,"campfire_upgraded":1,"win_rate":0.0,"timestamp":1614095779,"path_taken":["M","?","M","?","?","E","R","?","T","E","M","R","E"],"items_purchased_type":[],"build_version":"2020-12-22","purchased_purges":0,"victory":false,"max_hp_per_floor":[66,66,66,66,66,66,66,66,66,66,66,66,66,66],"relic_stats":{"Tough Bandages":[81],"counters":[6,20],"obtain_stats":[{"Tough Bandages":2,"Lantern":9,"NeowsBlessing":0,"Oddly Smooth Stone":10,"Omamori":6,"Ring of the Snake":0},{"Tough Bandages":1,"Lantern":3,"NeowsBlessing":0,"Oddly Smooth Stone":4,"Omamori":3,"Ring of the Snake":0},{"Tough Bandages":1,"Lantern":3,"NeowsBlessing":0,"Oddly Smooth Stone":14,"Omamori":3,"Ring of the Snake":0}],"Ring of the Snake":[12]},"card_choices":[{"not_picked":["Deflect","Outmaneuver"],"picked":"Bane","floor":1},{"not_picked":["Calculated Gamble","Prepared"],"picked":"Infinite Blades","floor":3},{"not_picked":["Concentrate","Well Laid Plans"],"picked":"Dagger Throw","floor":6},{"not_picked":["Bane","Concentrate"],"picked":"Skewer","floor":10},{"not_picked":["Flying Knee","Well Laid Plans"],"picked":"Blade Dance","floor":11}],"player_experience":879320,"relics_obtained":[{"floor":2,"key":"Tough Bandages"},{"floor":6,"key":"Omamori"},{"floor":9,"key":"Lantern"},{"floor":10,"key":"Oddly Smooth Stone"}],"event_choices":[{"damage_healed":0,"gold_gain":0,"cards_transformed":["Strike_G"],"player_choice":"Change","damage_taken":0,"max_hp_gain":0,"max_hp_loss":0,"event_name":"Living Wall","floor":4,"gold_loss":0,"cards_obtained":["Calculated Gamble"]},{"cards_removed":["Strike_G"],"damage_healed":0,"gold_gain":0,"player_choice":"Card Removal","damage_taken":0,"max_hp_gain":0,"max_hp_loss":0,"event_name":"The Cleric","floor":5,"gold_loss":75},{"damage_healed":0,"gold_gain":75,"player_choice":"Gather Gold","damage_taken":11,"max_hp_gain":0,"max_hp_loss":0,"event_name":"World of Goop","floor":8,"gold_loss":0}],"is_beta":false,"boss_relics":[],"items_purged_floors":[],"is_endless":false,"potions_floor_spawned":[11],"killed_by":"Gremlin Nob","ascension_level":20}}