{"host":"juo1mu1of3wqwv1b","time":1614114513,"event":{"mods":["AchievementEnabler","BaseMod","BetterRewards","Colored Powertips","Custom Start","Downfall","Hermit","Infinite Spire","Koishi","Marisa????????","Minty Spire (QoL Compilation)","Replay The Spire","StSLib","The Administrix","The Construct","The Cursed","The Disciple","The Hierophant","The Servant 0.9.4"],"gold_per_floor":[114,134,134,134,134,134,161,161,230,250,20,36,36,51,51,154,154,170,170,187,112,130,130,130,130],"floor_reached":24,"language":"ENG","playtime":1126,"items_purged":["Defend_S"],"score":225,"play_id":"a7f08357-21ac-4c4f-88f1-5c2e3e128ca9","local_time":"20210224000833","is_ascension_mode":true,"campfire_choices":[{"data":"SilverBlades","floor":6,"key":"SMITH"},{"data":"Exchange","floor":8,"key":"SMITH"},{"floor":13,"key":"REST"},{"data":"Potential","floor":15,"key":"SMITH"},{"floor":23,"key":"REST"}],"circlet_count":0,"master_deck":["Strike_S+1","Defend_S","KidneyShot+1","Exchange+1","SilverBlades+1","Potential+1","WeaponsOverheat+1","ReplayTheSpireMod:System Scan+1","Warcry+1","Defy+1","Limit Break+1","Read+1","Rewind+1","FastForward+1"],"relics":["Iron Core","infinitespire:Cubic Diamond","Toxic Egg 2","Ginger","Quantum Egg","TheAbacus","Empty Cage"],"acts_visited":["Exordium","TheCity"],"potions_floor_usage":[10],"damage_taken":[{"damage":4,"enemies":"Jaw Worm","floor":1,"turns":5},{"damage":0,"enemies":"2 Louse","floor":2,"turns":2},{"damage":26,"enemies":"Gremlin Nob","floor":7,"turns":4},{"damage":1,"enemies":"Small Slimes","floor":10,"turns":3},{"damage":13,"enemies":"Red Slaver","floor":12,"turns":3},{"damage":4,"enemies":"Blue Slaver","floor":14,"turns":3},{"damage":20,"enemies":"Slime Boss","floor":16,"turns":12},{"damage":14,"enemies":"Chosen","floor":18,"turns":6},{"damage":28,"enemies":"2 Thieves","floor":20,"turns":5},{"damage":18,"enemies":"3 Cultists","floor":22,"turns":6},{"damage":27,"enemies":"Shelled Parasite and Fungi","floor":24,"turns":3}],"seed_played":"-2812021917201246204","potions_obtained":[{"floor":2,"key":"champ:CounterPotion"},{"floor":7,"key":"Block Potion"},{"floor":20,"key":"PowerPotion"},{"floor":22,"key":"champ:CounterPotion"}],"is_trial":false,"path_per_floor":["M","M","?","?","?","R","E","R","T","M","$","M","R","M","R","B",null,"M","?","M","?","M","R","M"],"character_chosen":"THE_SERVANT","items_purchased":["TheAbacus"],"campfire_rested":2,"item_purchase_floors":[11],"current_hp_per_floor":[61,61,48,48,48,48,22,22,22,21,21,8,27,23,23,3,65,51,51,23,23,5,24,0,0],"gold":130,"neow_bonus":"REMOVE_CARD","is_daily":false,"chose_seed":false,"campfire_upgraded":3,"win_rate":0.0,"timestamp":1614114513,"path_taken":["M","M","?","?","?","R","E","R","T","M","$","?","R","M","R","BOSS","M","?","?","?","M","R","M"],"items_purchased_type":["Relic"],"build_version":"2020-12-22","purchased_purges":1,"victory":false,"max_hp_per_floor":[65,65,65,65,65,65,65,65,65,65,65,65,65,65,65,65,65,65,65,65,65,65,65,65,65],"card_choices":[{"not_picked":["GearUp","Rearm"],"picked":"SilverBlades","floor":1},{"not_picked":["InstantArmor","Revamp"],"picked":"Potential","floor":2},{"not_picked":["FTL","Recycle+1"],"picked":"WeaponsOverheat+1","floor":7},{"not_picked":["FanOfKnives","Potential"],"picked":"ReplayTheSpireMod:System Scan+1","floor":10},{"not_picked":["Replace+1","Read+1"],"picked":"Warcry+1","floor":12},{"not_picked":["WeaponsOverheat+1","Potential"],"picked":"Defy+1","floor":14},{"not_picked":["FlawlessForm","Initiator"],"picked":"Limit Break+1","floor":16},{"not_picked":["Misdirection+1","Replace+1","TimeWarp"],"picked":"SKIP","floor":18},{"not_picked":["ShatteredReality","RealityMarble"],"picked":"Rewind+1","floor":20},{"not_picked":["Potential","InstantArmor+1"],"picked":"FastForward+1","floor":22}],"player_experience":261482,"relics_obtained":[{"floor":7,"key":"Ginger"},{"floor":9,"key":"Quantum Egg"}],"event_choices":[{"damage_healed":0,"gold_gain":0,"player_choice":"Entered Light","damage_taken":13,"max_hp_gain":0,"max_hp_loss":0,"event_name":"Shining Light","floor":3,"gold_loss":0,"cards_upgraded":["KidneyShot","Strike_S"]},{"damage_healed":0,"gold_gain":0,"player_choice":"Gave Potion","damage_taken":0,"relics_obtained":["Toxic Egg 2"],"max_hp_gain":0,"max_hp_loss":0,"event_name":"WeMeetAgain","floor":5,"gold_loss":0},{"damage_healed":0,"gold_gain":0,"cards_transformed":["Defend_S"],"player_choice":"Transformed","damage_taken":0,"max_hp_gain":0,"max_hp_loss":0,"event_name":"Transmorgrifier","floor":19,"gold_loss":0,"cards_obtained":["Read"]},{"cards_removed":["Defend_S"],"damage_healed":0,"gold_gain":0,"player_choice":"Gave Gold","damage_taken":0,"max_hp_gain":0,"max_hp_loss":0,"event_name":"Beggar","floor":21,"gold_loss":75}],"is_beta":false,"boss_relics":[{"not_picked":["SlaversCollar","Replay:Grab Bag"],"picked":"Empty Cage"}],"items_purged_floors":[11],"is_endless":false,"potions_floor_spawned":[2,7,20,22],"killed_by":"Shelled Parasite and Fungi","ascension_level":3}}