{"host":"2a0mdijsgk15db4y","time":1614123912,"event":{"mods":["AchievementEnabler","BaseMod","Colored Map","Colored Powertips","Downfall","Googly Eyes","Hermit","Highlight Path","Hubris","Jorbs\u0027s Wanderer Trilogy","Minty Spire (QoL Compilation)","Quick Restart","Rare Cards Sparkle","Replay The Spire","Shop Mod","StSLib","The Bug Knight","The Construct","The Cursed","The Hierophant","The Mystic"],"gold_per_floor":[114,114,127,88,100,100,129,139,139,166,166,179,179,179,179,277,277,297,128,139,157,157,192,192,223,223,148,165,180,180,209,209,312,312,328,347,347,371,390,416,416,416,416,428,461,461,157,177,177,177],"floor_reached":51,"language":"ENG","playtime":3544,"items_purged":["mysticmod:Strike_Mystic","hubris:Lust"],"score":905,"play_id":"79a5fafa-2989-42a4-941d-bf574f87eb4c","local_time":"20210223154512","is_ascension_mode":false,"campfire_choices":[{"data":"mysticmod:Dedication","floor":6.0,"key":"SMITH"},{"data":"mysticmod:ArcaneDodge","floor":11.0,"key":"SMITH"},{"data":"mysticmod:Dedication+1","floor":13.0,"key":"SMITH"},{"data":"mysticmod:Dedication+2","floor":15.0,"key":"SMITH"},{"data":"mysticmod:HeavyStrike","floor":24.0,"key":"SMITH"},{"data":"mysticmod:Dedication+3","floor":30.0,"key":"SMITH"},{"data":"mysticmod:Dedication+4","floor":32.0,"key":"SMITH"},{"data":"mysticmod:Dedication+5","floor":41,"key":"SMITH"},{"data":"mysticmod:Dedication+6","floor":49,"key":"SMITH"}],"circlet_count":0,"master_deck":["mysticmod:Strike_Mystic","mysticmod:Strike_Mystic","mysticmod:Strike_Mystic","mysticmod:Defend_Mystic+1","mysticmod:Defend_Mystic","mysticmod:Defend_Mystic+1","mysticmod:Defend_Mystic","mysticmod:ArcaneDodge+1","mysticmod:ShockingGrasp","mysticmod:Dedication+7","mysticmod:ComponentsPouch+1","mysticmod:DiviningBlow","mysticmod:HeavyStrike+1","mysticmod:SuddenClarity+1","mysticmod:Fly+1","Languid","mysticmod:SuddenClarity","mysticmod:SuddenClarity+1"],"relics":["mysticmod:BlessedBook","hubris:BundleOfHerbs","Anchor","War Paint","Cursed Key","Coffee Dripper","mysticmod:CrystalBall","Omamori","MerchantsRug","hubris:TenFootPole","Gremlin Food","Torii","construct:FoamFinger","Red Mask","hubris:Towel","Oddly Smooth Stone","Matryoshka","Ring of Hypnosis","Ring of Peace","mysticmod:RunicPrism","hubris:MysteriousPyramids","Eternal Feather","BargainBundle","Orichalcum"],"acts_visited":["Exordium","TheCity","TheBeyond"],"potions_floor_usage":[39,40,50,50],"damage_taken":[{"damage":2.0,"enemies":"Cultist","floor":1.0,"turns":4.0},{"damage":1.0,"enemies":"Jaw Worm","floor":3.0,"turns":3.0},{"damage":0.0,"enemies":"2 Louse","floor":5.0,"turns":3.0},{"damage":19.0,"enemies":"Lagavulin","floor":7.0,"turns":5.0},{"damage":5.0,"enemies":"Looter","floor":8.0,"turns":4.0},{"damage":15.0,"enemies":"3 Sentries","floor":10.0,"turns":10.0},{"damage":0.0,"enemies":"2 Fungi Beasts","floor":12.0,"turns":4.0},{"damage":8.0,"enemies":"Hexaghost","floor":16.0,"turns":10.0},{"damage":0.0,"enemies":"2 Thieves","floor":18.0,"turns":3.0},{"damage":0.0,"enemies":"Chosen","floor":20.0,"turns":4.0},{"damage":0.0,"enemies":"3 Cultists","floor":21.0,"turns":4.0},{"damage":0.0,"enemies":"Replay:Snechameleon","floor":23.0,"turns":5.0},{"damage":1.0,"enemies":"HollowMod:Nosk","floor":25.0,"turns":6.0},{"damage":0.0,"enemies":"Sentry and Sphere","floor":28.0,"turns":3.0},{"damage":0.0,"enemies":"Snecko","floor":29.0,"turns":3.0},{"damage":0.0,"enemies":"Masked Bandits","floor":31.0,"turns":4.0},{"damage":0.0,"enemies":"Collector","floor":33.0,"turns":6.0},{"damage":0.0,"enemies":"3 Shapes","floor":35.0,"turns":3.0},{"damage":0.0,"enemies":"3 Darklings","floor":36.0,"turns":4.0},{"damage":0,"enemies":"Sphere and 2 Shapes","floor":39,"turns":5},{"damage":0,"enemies":"Giant Head","floor":40,"turns":6},{"damage":0,"enemies":"Jaw Worm Horde","floor":44,"turns":4},{"damage":12,"enemies":"Reptomancer","floor":45,"turns":6},{"damage":0,"enemies":"Maw","floor":48,"turns":5},{"damage":8,"enemies":"hubris:GrandSnecko","floor":50,"turns":17}],"seed_played":"8037257409999413400","potions_obtained":[{"floor":5.0,"key":"construct:ShiftPotion"},{"floor":10.0,"key":"Elixir"},{"floor":12.0,"key":"DistilledChaos"},{"floor":20.0,"key":"FearPotion"},{"floor":25.0,"key":"CultistPotion"},{"floor":31.0,"key":"PowerPotion"},{"floor":33.0,"key":"Energy Potion"},{"floor":39,"key":"Strength Potion"},{"floor":44,"key":"Slimebound:ThreeZeroPotion"}],"is_trial":false,"path_per_floor":["M","$","M","$","M","R","E","M","T","E","R","M","R","?","R","B",null,"M","$","M","M","?","E","R","E","T","$","M","M","R","?","R","B",null,"M","M","?","T","M","E","R","?","T","M","E","?","$","M","R","B",null],"character_chosen":"MYSTIC_CLASS","items_purchased":["mysticmod:ComponentsPouch+1","Omamori","MerchantsRug","BargainBundle","Orichalcum","mysticmod:SuddenClarity+1","Guardian:BlockOnCardUsePotion","LiquidMemories"],"campfire_rested":0,"item_purchase_floors":[4,19,19,47,47,47,47,47],"current_hp_per_floor":[82,82,81,81,81,81,62,57,57,42,42,42,42,47,47,39,89,89,89,89,89,89,89,89,88,88,88,88,88,88,88,88,88,89,89,89,89,89,89,89,89,89,89,89,77,77,77,77,86,78],"gold":177,"neow_bonus":"TEN_PERCENT_HP_BONUS","is_daily":false,"chose_seed":false,"campfire_upgraded":9,"win_rate":0.0,"timestamp":1614123912,"path_taken":["M","$","M","?","?","R","E","M","T","E","R","M","R","?","R","BOSS","M","$","M","M","?","E","R","E","T","$","M","M","R","?","R","BOSS","M","M","?","?","M","E","R","?","T","M","E","?","?","M","R","BOSS"],"items_purchased_type":["Card","Relic","Relic","Relic","Relic","Card","Potion","Potion"],"build_version":"2020-12-22","purchased_purges":2,"victory":true,"max_hp_per_floor":[84,84,84,84,84,84,84,84,84,84,84,84,84,89,89,89,89,89,89,89,89,89,89,89,89,89,89,89,89,89,89,89,89,89,89,89,89,89,89,89,89,89,89,89,89,89,89,89,89,89],"card_choices":[{"not_picked":["mysticmod:Sideswipe","mysticmod:Riposte"],"picked":"mysticmod:Dedication","floor":1.0},{"not_picked":["mysticmod:Sideswipe","mysticmod:SuddenClarity","mysticmod:ComboCaster"],"picked":"SKIP","floor":3.0},{"not_picked":["mysticmod:BulkUp","mysticmod:MightyMagic"],"picked":"mysticmod:DiviningBlow","floor":5.0},{"not_picked":["mysticmod:SuddenClarity","mysticmod:Grapple","mysticmod:GreaterInvisibility"],"picked":"SKIP","floor":7.0},{"not_picked":["mysticmod:SuddenClarity","mysticmod:Grapple","mysticmod:GreaterInvisibility"],"picked":"SKIP","floor":7.0},{"not_picked":["mysticmod:PowerSlash","mysticmod:PureInstinct","mysticmod:SuddenClarity"],"picked":"SKIP","floor":8.0},{"not_picked":["mysticmod:Disengage","mysticmod:StyleChange","mysticmod:TomeOfSpells"],"picked":"SKIP","floor":10.0},{"not_picked":["mysticmod:BulkUp","mysticmod:Alacrity","mysticmod:PreparedCaster"],"picked":"SKIP","floor":12.0},{"not_picked":["mysticmod:BulkUp","mysticmod:VorpalThrust"],"picked":"mysticmod:HeavyStrike","floor":18.0},{"not_picked":["mysticmod:PunishingArmor+1","mysticmod:ArcaneAccuracy"],"picked":"mysticmod:SuddenClarity+1","floor":20.0},{"not_picked":["mysticmod:Riposte","mysticmod:ComponentsPouch","mysticmod:MagicWeapon"],"picked":"SKIP","floor":21.0},{"not_picked":["mysticmod:RapidCaster","mysticmod:ComboCaster+1","mysticmod:PureInstinct"],"picked":"SKIP","floor":23.0},{"not_picked":["mysticmod:RapidCaster","mysticmod:ComponentsPouch","mysticmod:KnowledgePool"],"picked":"SKIP","floor":25.0},{"not_picked":["mysticmod:CorrosiveTouch","mysticmod:Grease"],"picked":"mysticmod:ArcaneAccuracy+1","floor":28.0},{"not_picked":["mysticmod:SuddenClarity","mysticmod:PowerAttack","mysticmod:Disengage"],"picked":"SKIP","floor":29.0},{"not_picked":["mysticmod:LightningBolt+1","mysticmod:BulkUp+1"],"picked":"mysticmod:Fly+1","floor":35.0},{"not_picked":["mysticmod:RapidCaster","mysticmod:SuddenClarity+1","mysticmod:ComponentsPouch"],"picked":"SKIP","floor":36.0},{"not_picked":["mysticmod:SuddenClarity+1","mysticmod:PureInstinct+1","mysticmod:Fly"],"picked":"SKIP","floor":39},{"not_picked":["mysticmod:Probe","mysticmod:IllusionOfCalm+1","mysticmod:HeavyStrike"],"picked":"SKIP","floor":40},{"not_picked":["mysticmod:Riposte+1","mysticmod:Disengage+1","mysticmod:Snowball+1"],"picked":"SKIP","floor":44},{"not_picked":["mysticmod:SpellCombat+1","mysticmod:Discipline"],"picked":"mysticmod:SuddenClarity","floor":45},{"not_picked":["mysticmod:LightningBolt","mysticmod:RapidCaster+1","mysticmod:DiviningBlow+1"],"picked":"SKIP","floor":48}],"player_experience":202742,"relics_obtained":[{"floor":7.0,"key":"hubris:BundleOfHerbs"},{"floor":9.0,"key":"Anchor"},{"floor":10.0,"key":"War Paint"},{"floor":23.0,"key":"Gremlin Food"},{"floor":25.0,"key":"Torii"},{"floor":26.0,"key":"construct:FoamFinger"},{"floor":31.0,"key":"Red Mask"},{"floor":38,"key":"Oddly Smooth Stone"},{"floor":40,"key":"Matryoshka"},{"floor":42,"key":"Ring of Hypnosis"},{"floor":42,"key":"Ring of Peace"},{"floor":43,"key":"mysticmod:RunicPrism"},{"floor":43,"key":"hubris:MysteriousPyramids"},{"floor":45,"key":"Eternal Feather"}],"event_choices":[{"damage_healed":0.0,"max_hp_gain":5.0,"max_hp_loss":0.0,"gold_gain":0.0,"event_name":"Big Fish","player_choice":"Donut","floor":14.0,"gold_loss":0.0,"damage_taken":0.0},{"damage_healed":0.0,"max_hp_gain":0.0,"max_hp_loss":0.0,"gold_gain":0.0,"event_name":"The Mausoleum","player_choice":"Opened","floor":22.0,"gold_loss":0.0,"damage_taken":0.0,"relics_obtained":["hubris:TenFootPole"],"cards_obtained":["Writhe"]},{"damage_healed":0.0,"max_hp_gain":0.0,"max_hp_loss":0.0,"gold_gain":0.0,"event_name":"Masked Bandits","player_choice":"Fought Bandits","floor":31.0,"gold_loss":0.0,"damage_taken":0.0},{"cards_removed":["mysticmod:ArcaneAccuracy"],"damage_healed":0,"gold_gain":0,"player_choice":"Removed Power","damage_taken":0,"max_hp_gain":0,"max_hp_loss":0,"event_name":"Falling","floor":46,"gold_loss":0}],"is_beta":false,"boss_relics":[{"not_picked":["hubris:BlackHole","Ectoplasm"],"picked":"Replay:Grab Bag"},{"not_picked":["Velvet Choker","ChewingGum"],"picked":"Cursed Key"},{"not_picked":["Runic Dome","ReplayTheSpireMod:Onyx Gauntlets"],"picked":"Coffee Dripper"},{"not_picked":["SlaversCollar","Snecko Eye"],"picked":"mysticmod:CrystalBall"},{"not_picked":["Calling Bell","Empty Cage"],"picked":"mysticmod:BlessedBook"}],"items_purged_floors":[27,47],"is_endless":false,"potions_floor_spawned":[5,10,12,20,25,28,31,33,39,44,48],"ascension_level":0}}