{"host":"lxu17chzujqn8whl","time":1614118583,"event":{"mods":["BaseMod","Minty Spire (QoL Compilation)","Relic Stats","StSLib"],"gold_per_floor":[119,119,134,134,144,176,6,38,38,71,71,146,146,216,216,336,336,377,42,83,83,145,145,164,164,233,259,299,360,360,405,405,505,505,519,68,93,132,200,236,273,273,323,323,323,323,323,361,361,361],"floor_reached":51,"language":"ENG","playtime":1893,"items_purged":[],"score":706,"play_id":"8c857ed4-307e-40e7-98eb-a1157c1409f4","local_time":"20210223141623","is_ascension_mode":false,"campfire_choices":[{"data":"HandOfGreed","floor":11.0,"key":"SMITH"},{"data":"Aggregate","floor":15.0,"key":"SMITH"},{"data":"Echo Form","floor":23,"key":"SMITH"},{"data":"Buffer","floor":25,"key":"SMITH"},{"data":"Self Repair","floor":30,"key":"SMITH"},{"floor":32,"key":"REST"},{"data":"Glacier","floor":42,"key":"SMITH"},{"data":"Defragment","floor":45,"key":"SMITH"},{"data":"Streamline","floor":49,"key":"SMITH"}],"circlet_count":0,"master_deck":["Strike_B","Strike_B","Strike_B","Defend_B","Defend_B","Zap","Dualcast","Conserve Battery+1","Coolheaded","Streamline+1","Aggregate+1","HandOfGreed+1","Barrage","Defragment+1","Echo Form+1","Hologram+1","Glacier+1","Self Repair+1","Coolheaded+1","Buffer+1","Hologram+1","Double Energy+1","Heatsinks+1","Beam Cell+1","Melter+1","Stack+1","Sweeping Beam+1","Purity","Capacitor+1"],"relics":["Cracked Core","Orichalcum","Thread and Needle","Pantograph","Shuriken","Nunchaku","Philosopher\u0027s Stone","Juzu Bracelet","Question Card","Darkstone Periapt","The Courier","Astrolabe","Turnip","Symbiotic Virus","Blood Vial","PreservedInsect"],"acts_visited":["Exordium","TheCity","TheBeyond"],"potions_floor_usage":[29,50],"damage_taken":[{"damage":1.0,"enemies":"Jaw Worm","floor":1.0,"turns":4.0},{"damage":0.0,"enemies":"Small Slimes","floor":3.0,"turns":3.0},{"damage":0.0,"enemies":"2 Louse","floor":5.0,"turns":2.0},{"damage":18.0,"enemies":"Gremlin Nob","floor":6.0,"turns":4.0},{"damage":8.0,"enemies":"Lagavulin","floor":8.0,"turns":7.0},{"damage":4.0,"enemies":"Red Slaver","floor":10.0,"turns":3.0},{"damage":0.0,"enemies":"Lots of Slimes","floor":14.0,"turns":5.0},{"damage":14.0,"enemies":"Hexaghost","floor":16.0,"turns":9.0},{"damage":19.0,"enemies":"3 Byrds","floor":18.0,"turns":5.0},{"damage":5.0,"enemies":"Shell Parasite","floor":20.0,"turns":5.0},{"damage":8,"enemies":"3 Cultists","floor":22,"turns":6},{"damage":0,"enemies":"Snake Plant","floor":24,"turns":4},{"damage":48,"enemies":"Book of Stabbing","floor":27,"turns":8},{"damage":0,"enemies":"Snecko","floor":28,"turns":5},{"damage":0,"enemies":"3 Cultists","floor":29,"turns":9},{"damage":17,"enemies":"Centurion and Healer","floor":31,"turns":8},{"damage":29,"enemies":"Champ","floor":33,"turns":15},{"damage":0,"enemies":"Orb Walker","floor":35,"turns":4},{"damage":23,"enemies":"3 Shapes","floor":38,"turns":5},{"damage":7,"enemies":"Sphere and 2 Shapes","floor":39,"turns":8},{"damage":22,"enemies":"Jaw Worm Horde","floor":40,"turns":5},{"damage":6,"enemies":"Spire Growth","floor":41,"turns":6},{"damage":0,"enemies":"Maw","floor":48,"turns":7},{"damage":44,"enemies":"Donu and Deca","floor":50,"turns":12}],"seed_played":"4178293003145591826","potions_obtained":[{"floor":5.0,"key":"GamblersBrew"},{"floor":8.0,"key":"SteroidPotion"},{"floor":10.0,"key":"AttackPotion"},{"floor":18.0,"key":"DistilledChaos"},{"floor":22,"key":"CultistPotion"},{"floor":27,"key":"DistilledChaos"},{"floor":35,"key":"FearPotion"},{"floor":40,"key":"FairyPotion"}],"is_trial":false,"path_per_floor":["M","?","M","?","M","E","$","E","T","M","R","?","T","M","R","B",null,"M","$","M","T","M","R","M","R","T","E","M","M","R","M","R","B",null,"M","$","T","M","M","M","M","R","T","?","R","?","?","M","R","B",null],"character_chosen":"DEFECT","items_purchased":["HandOfGreed","Glacier","Juzu Bracelet","FairyPotion","Turnip","Symbiotic Virus"],"campfire_rested":1,"item_purchase_floors":[7,19,19,19,36,36],"current_hp_per_floor":[74,67,67,67,67,49,49,41,41,37,37,26,26,26,26,37,75,56,56,51,51,43,43,50,50,50,16,16,30,30,23,45,51,75,75,75,75,62,67,57,63,63,63,63,63,63,63,71,71,37],"gold":361,"neow_bonus":"RANDOM_COMMON_RELIC","is_daily":false,"chose_seed":false,"campfire_upgraded":8,"win_rate":0.0,"timestamp":1614118583,"path_taken":["M","?","M","?","M","E","$","E","T","M","R","?","?","M","R","BOSS","M","$","M","?","M","R","M","R","T","E","M","M","R","M","R","BOSS","M","?","?","M","M","M","M","R","T","?","R","?","?","M","R","BOSS"],"items_purchased_type":["Card","Card","Relic","Potion","Relic","Relic"],"build_version":"2020-12-22","purchased_purges":0,"victory":true,"max_hp_per_floor":[75,75,75,75,75,75,75,75,75,75,75,75,75,75,75,75,75,75,75,75,75,75,75,75,75,75,75,75,75,75,75,75,75,75,75,75,75,75,75,75,75,75,75,71,71,71,71,71,71,71],"relic_stats":{"Darkstone Periapt":0,"counters":[24,149],"Astrolabe":["Heatsinks","Beam Cell","Melter"],"PreservedInsect":0,"Juzu Bracelet":1,"Orichalcum":[180],"Question Card":14,"Blood Vial":8,"Nunchaku":[19],"Shuriken":[25],"Pantograph":50,"Turnip":[8],"obtain_stats":[{"Darkstone Periapt":26,"Astrolabe":34,"Thread and Needle":6,"The Courier":27,"PreservedInsect":43,"Juzu Bracelet":19,"Orichalcum":0,"Question Card":21,"Blood Vial":37,"Nunchaku":13,"Shuriken":9,"Pantograph":8,"Philosopher\u0027s Stone":17,"Turnip":36,"Cracked Core":0,"Symbiotic Virus":36},{"Darkstone Periapt":12,"Astrolabe":17,"Thread and Needle":4,"The Courier":13,"PreservedInsect":22,"Juzu Bracelet":9,"Orichalcum":0,"Question Card":10,"Blood Vial":18,"Nunchaku":6,"Shuriken":5,"Pantograph":5,"Philosopher\u0027s Stone":8,"Turnip":18,"Cracked Core":0,"Symbiotic Virus":18},{"Darkstone Periapt":57,"Astrolabe":102,"Thread and Needle":13,"The Courier":65,"PreservedInsect":130,"Juzu Bracelet":42,"Orichalcum":0,"Question Card":47,"Blood Vial":106,"Nunchaku":23,"Shuriken":20,"Pantograph":20,"Philosopher\u0027s Stone":37,"Turnip":106,"Cracked Core":0,"Symbiotic Virus":106}]},"card_choices":[{"not_picked":["Glacier","BootSequence"],"picked":"Conserve Battery","floor":1.0},{"not_picked":["Rebound","Turbo"],"picked":"Coolheaded","floor":3.0},{"not_picked":["Skim","Reboot"],"picked":"Streamline","floor":5.0},{"not_picked":["Skim","White Noise"],"picked":"Aggregate","floor":6.0},{"not_picked":["Chaos","Cold Snap"],"picked":"Barrage","floor":8.0},{"not_picked":["Ball Lightning","Melter"],"picked":"Defragment","floor":10.0},{"not_picked":["Aggregate","Steam"],"picked":"Streamline","floor":14.0},{"not_picked":["Amplify","Hyperbeam"],"picked":"Echo Form","floor":16.0},{"not_picked":["Beam Cell","Rebound"],"picked":"Hologram+1","floor":18.0},{"not_picked":["Streamline","Turbo"],"picked":"Self Repair","floor":20.0},{"not_picked":["Steam","Go for the Eyes","Recycle+1"],"picked":"Coolheaded+1","floor":22},{"not_picked":["Tempest","Hello World+1","Rebound+1"],"picked":"Buffer","floor":24},{"not_picked":["Force Field+1","Loop","Skim","Capacitor"],"picked":"SKIP","floor":27},{"not_picked":["Rebound","Sweeping Beam","Cold Snap+1"],"picked":"Hologram+1","floor":28},{"not_picked":["Hello World","Gash","Ball Lightning","Auto Shields"],"picked":"SKIP","floor":29},{"not_picked":["Genetic Algorithm","Go for the Eyes+1","Barrage"],"picked":"Double Energy+1","floor":31},{"not_picked":["Seek","Rainbow","All For One"],"picked":"Meteor Strike","floor":33},{"not_picked":["Redo+1","Rebound","Steam","Darkness"],"picked":"SKIP","floor":35},{"not_picked":["Turbo+1","Conserve Battery","Coolheaded"],"picked":"Stack+1","floor":38},{"not_picked":["Rip and Tear","Doom and Gloom","Coolheaded"],"picked":"Sweeping Beam+1","floor":39},{"not_picked":["Coolheaded+1","Genetic Algorithm","Ball Lightning","Barrage"],"picked":"SKIP","floor":40},{"not_picked":["Conserve Battery","Cold Snap","Gash+1","Chaos"],"picked":"SKIP","floor":41},{"not_picked":["Enlightenment","HandOfGreed","Bandage Up"],"picked":"Purity","floor":47},{"not_picked":["Coolheaded","Beam Cell+1","Barrage+1"],"picked":"Capacitor+1","floor":48}],"player_experience":730764,"relics_obtained":[{"floor":6.0,"key":"Thread and Needle"},{"floor":8.0,"key":"Pantograph"},{"floor":9.0,"key":"Shuriken"},{"floor":13.0,"key":"Nunchaku"},{"floor":21.0,"key":"Question Card"},{"floor":26,"key":"Darkstone Periapt"},{"floor":27,"key":"The Courier"},{"floor":37,"key":"Blood Vial"},{"floor":43,"key":"PreservedInsect"}],"event_choices":[{"cards_removed":["Defend_B"],"damage_healed":0.0,"max_hp_gain":0.0,"max_hp_loss":0.0,"gold_gain":0.0,"event_name":"Golden Wing","player_choice":"Card Removal","floor":2.0,"gold_loss":0.0,"damage_taken":7.0},{"damage_healed":0.0,"max_hp_gain":0.0,"max_hp_loss":0.0,"gold_gain":0.0,"event_name":"Living Wall","player_choice":"Grow","floor":4.0,"gold_loss":0.0,"damage_taken":0.0,"cards_upgraded":["Conserve Battery"]},{"damage_healed":0.0,"max_hp_gain":0.0,"max_hp_loss":0.0,"gold_gain":75.0,"event_name":"World of Goop","player_choice":"Gather Gold","floor":12.0,"gold_loss":0.0,"damage_taken":11.0},{"damage_healed":0,"gold_gain":0,"player_choice":"Max HP","damage_taken":0,"max_hp_gain":0,"max_hp_loss":4,"event_name":"Winding Halls","floor":44,"gold_loss":0},{"cards_removed":["Defend_B"],"damage_healed":0,"gold_gain":0,"player_choice":"Removed Skill","damage_taken":0,"max_hp_gain":0,"max_hp_loss":0,"event_name":"Falling","floor":46,"gold_loss":0},{"damage_healed":0,"gold_gain":0,"player_choice":"Memory 1","damage_taken":0,"max_hp_gain":0,"max_hp_loss":0,"event_name":"SensoryStone","floor":47,"gold_loss":0}],"is_beta":false,"boss_relics":[{"not_picked":["FrozenCore","SlaversCollar"],"picked":"Philosopher\u0027s Stone"},{"not_picked":["Pandora\u0027s Box","Snecko Eye"],"picked":"Astrolabe"}],"items_purged_floors":[],"is_endless":false,"potions_floor_spawned":[5,8,10,18,22,27,28,35,39,40],"ascension_level":0}}