{"host":"og21o26alpnbwmz8","time":1614102478,"event":{"mods":["2.2 Compatiblity","Act Like it!","Aspiration","BaseMod","Conspire","Downfall","Gensokyo","Halation","Hermit","Hubris","Jedi Mod","Mimic Mod","Minty Spire (QoL Compilation)","Pale of the Ancients","Reliquary","Replay The Spire","Shop Mod","Spikes Relics","StSLib","The Alterego","The Animator","The Blue Laboratory","The Bug Knight","Waifu the Spire","Yuri Mod"],"gold_per_floor":[109,3,15,15,15,15,28,28,28,28,28,41,41,41],"floor_reached":13,"language":"ENG","playtime":249,"items_purged":[],"score":73,"play_id":"af33d4c1-9de7-418f-8712-15b8195bfe0e","local_time":"20210223124758","is_ascension_mode":false,"campfire_choices":[{"data":"hermit:BigShot","floor":6,"key":"SMITH"}],"circlet_count":0,"master_deck":["hermit:Strike_Hermit","hermit:Strike_Hermit","hermit:Strike_Hermit","hermit:Strike_Hermit","hermit:Defend_Hermit","hermit:Defend_Hermit","hermit:Defend_Hermit","hermit:Defend_Hermit","hermit:Snapshot+1","hermit:Covet","hermit:Vantage","hermit:BigShot+1","hermit:BigShot+1","hermit:Snipe","Decay"],"relics":["hermit:Momento","halation:PinkSoulGem","Pantograph"],"acts_visited":["Exordium"],"potions_floor_usage":[],"damage_taken":[{"damage":0,"enemies":"Small Slimes","floor":1,"turns":4},{"damage":0,"enemies":"Cultist","floor":3,"turns":4},{"damage":0,"enemies":"2 Louse","floor":7,"turns":3},{"damage":7,"enemies":"Blue Slaver","floor":12,"turns":4},{"damage":4,"enemies":"3 Sentries","floor":13,"turns":2}],"seed_played":"8416416368726565753","potions_obtained":[{"floor":7,"key":"Languid Potion"},{"floor":12,"key":"blueLaboratory:BottleOfVodka"}],"is_trial":false,"path_per_floor":["M","$","M","?","?","R","M","?","T","?","$","M","E"],"character_chosen":"HERMIT","items_purchased":["hermit:BigShot","hermit:Snipe"],"campfire_rested":0,"item_purchase_floors":[2,2],"current_hp_per_floor":[75,75,75,75,75,75,75,75,75,75,75,68,64,64],"gold":41,"neow_bonus":"UPGRADE_CARD","is_daily":false,"chose_seed":false,"campfire_upgraded":1,"win_rate":0.0,"timestamp":1614102478,"path_taken":["M","$","M","?","?","R","?","?","T","?","$","M","E"],"items_purchased_type":["Card","Card"],"build_version":"2020-12-22","purchased_purges":0,"victory":false,"max_hp_per_floor":[75,75,75,75,75,75,75,75,75,75,75,75,75,75],"card_choices":[{"not_picked":["hermit:Feint","hermit:Showdown"],"picked":"hermit:Vantage","floor":1},{"not_picked":["hermit:TakeAim","hermit:SprayPray","hermit:Shortfuse"],"picked":"SKIP","floor":3},{"not_picked":["hermit:HighCaliber","hermit:Desperado","hermit:Glare"],"picked":"SKIP","floor":7},{"not_picked":["hermit:Coalescence","hermit:FromBeyond","hermit:Spite"],"picked":"SKIP","floor":12}],"player_experience":423929,"relics_obtained":[{"floor":9,"key":"Pantograph"}],"event_choices":[{"damage_healed":0,"gold_gain":0,"player_choice":"Cursed","damage_taken":0,"max_hp_gain":0,"max_hp_loss":0,"event_name":"Wheel of Change","floor":5,"gold_loss":0,"cards_obtained":["Decay"]},{"damage_healed":0,"gold_gain":0,"player_choice":"Disagree","damage_taken":0,"max_hp_gain":0,"max_hp_loss":0,"event_name":"conspire:LoneGhost","floor":10,"gold_loss":0}],"is_beta":false,"boss_relics":[],"items_purged_floors":[],"is_endless":false,"potions_floor_spawned":[7,12],"killed_by":"3 Sentries","ascension_level":0}}