{"host":"3n5xmnb54n2y5mb4","time":1614039706,"event":{"mods":["BaseMod","Colored Map","Colored Powertips","Minty Spire (QoL Compilation)","Permanent Neow","StSLib","Unceasing Turn Reminder","everything is the same but u backflip on backflip"],"gold_per_floor":[114,189,189,189,15,45,60,75,75,90,99,74,89,104,104,213,213,228,243,243,258,258,258,258,273,273,48,63,63,72,87,87,187,187,202,217,217,117,132,132,162,162,162,12,42,51,51,66,66,66],"floor_reached":51,"language":"ENG","playtime":2254,"items_purged":["Pain","Regret"],"score":907,"play_id":"414a8402-46b5-4df1-a02e-a435f2abfa24","local_time":"20210222192146","daily_mods":["Shiny","Diverse","Binary"],"is_ascension_mode":false,"campfire_choices":[{"floor":15,"key":"REST"},{"floor":23,"key":"REST"},{"floor":29,"key":"REST"},{"data":"Machine Learning","floor":32,"key":"SMITH"},{"data":"Limit Break","floor":40,"key":"SMITH"},{"data":"Adrenaline","floor":47,"key":"SMITH"},{"data":"Berserk","floor":49,"key":"SMITH"}],"circlet_count":0,"master_deck":["Judgement","ConjureBlade","MasterReality","Brilliance+1","Devotion","Blasphemy","Ragnarok","LessonLearned","Scrawl","Vault","Alpha","Wish","Omniscience","Establishment","SpiritShield","DevaForm","DeusExMachina","Multi-Cast","Hyperbeam","Biased Cognition","Machine Learning+1","Electrodynamics","Buffer","Rainbow","Seek","Meteor Strike","Echo Form","All For One","Reboot","Amplify+1","Creative AI","Fission","Core Surge","Venomology","Corpse Explosion","Malaise","Phantasmal Killer","Die Die Die","Adrenaline+1","Envenom","Doppelganger","Burst","Wraith Form v2","Tools of the Trade","Night Terror","Unload","After Image","Bullet Time","Storm of Steel","Glass Knife","A Thousand Cuts","Double Tap","Demon Form","Bludgeon","Feed","Limit Break+1","Corruption","Barricade","Fiend Fire","Berserk+1","Impervious","Juggernaut","Brutality","Reaper","Exhume","Offering","Immolate","Backflip","Prepared","Fire Breathing","Amplify","FTL","Unload"],"relics":["Cracked Core","Singing Bowl","Bag of Preparation","Oddly Smooth Stone","CeramicFish","Mummified Hand","WarpedTongs","Philosopher\u0027s Stone","Pen Nib","MutagenicStrength","Bird Faced Urn","Toy Ornithopter","Busted Crown","Orichalcum","Ancient Tea Set","Membership Card","Eternal Feather"],"acts_visited":["Exordium","TheCity","TheBeyond"],"potions_floor_usage":[14,21,21,28,33,33,35,36,39,41,45,45,50,50,50],"damage_taken":[{"damage":0,"enemies":"2 Louse","floor":1,"turns":4},{"damage":6,"enemies":"Gremlin Nob","floor":6,"turns":3},{"damage":8,"enemies":"Small Slimes","floor":7,"turns":2},{"damage":0,"enemies":"Jaw Worm","floor":8,"turns":2},{"damage":1,"enemies":"2 Fungi Beasts","floor":10,"turns":2},{"damage":6,"enemies":"Gremlin Gang","floor":13,"turns":1},{"damage":8,"enemies":"Exordium Wildlife","floor":14,"turns":2},{"damage":0,"enemies":"Slime Boss","floor":16,"turns":3},{"damage":11,"enemies":"2 Thieves","floor":18,"turns":2},{"damage":0,"enemies":"Spheric Guardian","floor":19,"turns":2},{"damage":38,"enemies":"Centurion and Healer","floor":21,"turns":4},{"damage":2,"enemies":"Chosen and Byrds","floor":25,"turns":3},{"damage":24,"enemies":"Snake Plant","floor":28,"turns":3},{"damage":9,"enemies":"Shelled Parasite and Fungi","floor":31,"turns":5},{"damage":10,"enemies":"Automaton","floor":33,"turns":3},{"damage":0,"enemies":"3 Darklings","floor":35,"turns":2},{"damage":16,"enemies":"3 Shapes","floor":36,"turns":4},{"damage":4,"enemies":"Transient","floor":39,"turns":6},{"damage":18,"enemies":"Giant Head","floor":41,"turns":5},{"damage":36,"enemies":"Reptomancer","floor":45,"turns":4},{"damage":10,"enemies":"Sphere and 2 Shapes","floor":48,"turns":1},{"damage":25,"enemies":"Time Eater","floor":50,"turns":5}],"seed_played":"-9004314451342404475","potions_obtained":[{"floor":7,"key":"Weak Potion"},{"floor":8,"key":"Swift Potion"},{"floor":10,"key":"AttackPotion"},{"floor":13,"key":"Dexterity Potion"},{"floor":18,"key":"Energy Potion"},{"floor":25,"key":"Weak Potion"},{"floor":31,"key":"Weak Potion"},{"floor":33,"key":"ColorlessPotion"},{"floor":36,"key":"Energy Potion"},{"floor":45,"key":"Swift Potion"},{"floor":48,"key":"BlessingOfTheForge"}],"is_trial":false,"path_per_floor":["M","?","?","?","$","E","M","M","T","M","?","$","M","M","R","B",null,"M","M","?","M","?","R","?","M","T","$","M","R","?","M","R","B",null,"M","M","?","$","M","R","E","$","T","$","E","?","R","M","R","B",null],"character_chosen":"DEFECT","items_purchased":["Oddly Smooth Stone","Prepared","Fire Breathing","Toy Ornithopter","Membership Card"],"campfire_rested":3,"item_purchase_floors":[5,5,12,27,44],"current_hp_per_floor":[75,64,64,61,61,57,51,53,53,54,54,54,50,47,74,74,90,81,86,86,58,58,87,109,109,109,109,94,113,113,115,115,117,117,117,103,103,103,116,116,117,117,117,117,95,95,117,113,117,100],"gold":66,"neow_bonus":"","is_daily":true,"chose_seed":false,"campfire_upgraded":4,"win_rate":0.0,"timestamp":1614039706,"path_taken":["M","?","?","?","$","E","M","?","T","M","?","$","M","?","R","BOSS","M","M","?","M","?","R","?","M","T","$","?","R","?","M","R","BOSS","M","M","?","$","M","R","E","$","T","?","E","?","R","M","R","BOSS"],"items_purchased_type":["Relic","Card","Card","Relic","Relic"],"build_version":"2020-12-22","purchased_purges":2,"victory":true,"max_hp_per_floor":[75,75,75,75,75,77,79,81,81,83,83,83,85,90,90,90,90,92,97,97,99,99,99,109,111,111,111,113,113,113,115,115,117,117,117,117,117,117,117,117,117,117,117,117,117,117,117,117,117,117],"card_choices":[{"not_picked":["Underhanded Strike"],"picked":"Backflip","floor":1},{"not_picked":["Escape Plan","Flechettes"],"picked":"Singing Bowl","floor":6},{"not_picked":["Crippling Poison","Wireheading"],"picked":"Singing Bowl","floor":7},{"not_picked":["CutThroughFate","Go for the Eyes"],"picked":"Singing Bowl","floor":8},{"not_picked":["Iron Wave","Redo"],"picked":"Singing Bowl","floor":10},{"not_picked":["Halt","Distraction"],"picked":"Singing Bowl","floor":13},{"not_picked":["Flying Knee","Sever Soul"],"picked":"Singing Bowl","floor":14},{"not_picked":["Creative AI"],"picked":"Amplify","floor":16},{"not_picked":["Crescendo","ReachHeaven+1"],"picked":"Singing Bowl","floor":18},{"not_picked":["Havoc","PiercingWail+1"],"picked":"Singing Bowl","floor":19},{"not_picked":["Streamline","Study"],"picked":"Singing Bowl","floor":21},{"not_picked":["Bane","PiercingWail"],"picked":"Singing Bowl","floor":25},{"not_picked":["Perfected Strike","Fasting2+1"],"picked":"Singing Bowl","floor":28},{"not_picked":["Recycle","Rampage"],"picked":"Singing Bowl","floor":31},{"not_picked":["Hyperbeam","Corpse Explosion"],"picked":"Singing Bowl","floor":33}],"player_experience":1007505,"relics_obtained":[{"floor":6,"key":"CeramicFish"},{"floor":9,"key":"Mummified Hand"},{"floor":26,"key":"Bird Faced Urn"},{"floor":41,"key":"Orichalcum"},{"floor":43,"key":"Ancient Tea Set"},{"floor":45,"key":"Eternal Feather"}],"event_choices":[{"damage_healed":0,"gold_gain":75,"player_choice":"Gather Gold","damage_taken":11,"max_hp_gain":0,"max_hp_loss":0,"event_name":"World of Goop","floor":2,"gold_loss":0},{"damage_healed":0,"gold_gain":0,"player_choice":"Box","damage_taken":0,"relics_obtained":["Singing Bowl"],"max_hp_gain":0,"max_hp_loss":0,"event_name":"Big Fish","floor":3,"gold_loss":0,"cards_obtained":["Regret"]},{"damage_healed":0,"gold_gain":0,"player_choice":"Success","damage_taken":3,"relics_obtained":["Bag of Preparation"],"max_hp_gain":0,"max_hp_loss":0,"event_name":"Scrap Ooze","floor":4,"gold_loss":0},{"damage_healed":0,"gold_gain":0,"player_choice":"Rummage","damage_taken":0,"relics_obtained":["WarpedTongs"],"max_hp_gain":0,"max_hp_loss":0,"event_name":"Accursed Blacksmith","floor":11,"gold_loss":0,"cards_obtained":["Pain"]},{"damage_healed":0,"gold_gain":0,"player_choice":"Opened","damage_taken":0,"relics_obtained":["Pen Nib"],"max_hp_gain":0,"max_hp_loss":0,"event_name":"The Mausoleum","floor":20,"gold_loss":0},{"damage_healed":0,"gold_gain":0,"player_choice":"Inject Mutagens","damage_taken":0,"relics_obtained":["MutagenicStrength"],"max_hp_gain":0,"max_hp_loss":0,"event_name":"Drug Dealer","floor":22,"gold_loss":0},{"cards_removed":["Thunder Strike"],"damage_healed":12,"gold_gain":0,"player_choice":"Offered Rare","damage_taken":0,"max_hp_gain":10,"max_hp_loss":0,"event_name":"Bonfire Elementals","floor":24,"gold_loss":0},{"damage_healed":0,"gold_gain":0,"player_choice":"Read","damage_taken":0,"max_hp_gain":0,"max_hp_loss":0,"event_name":"The Library","floor":30,"gold_loss":0,"cards_obtained":["FTL"]},{"damage_healed":0,"gold_gain":0,"player_choice":"Bought 0 Potions","damage_taken":0,"max_hp_gain":0,"max_hp_loss":0,"event_name":"The Woman in Blue","floor":37,"gold_loss":0},{"damage_healed":0,"gold_gain":0,"cards_transformed":["Grand Finale"],"player_choice":"Transformed","damage_taken":0,"max_hp_gain":0,"max_hp_loss":0,"event_name":"Transmorgrifier","floor":46,"gold_loss":0,"cards_obtained":["Unload"]}],"is_beta":false,"boss_relics":[{"not_picked":["Velvet Choker","SacredBark"],"picked":"Philosopher\u0027s Stone"},{"not_picked":["Sozu","Nuclear Battery"],"picked":"Busted Crown"}],"items_purged_floors":[27,38],"is_endless":false,"potions_floor_spawned":[7,8,10,13,18,25,31,33,36,45,48],"ascension_level":0}}