{"host":"22njw49i2r7r2wa8","time":1614074564,"event":{"mods":["2.2 Compatiblity","BaseMod","Colored Map","Minty Spire (QoL Compilation)"],"gold_per_floor":[117,117,117,129,52,79,79,94,94,107,121,146,146,172,172,172,172],"floor_reached":16,"language":"ENG","playtime":853,"items_purged":[],"score":196,"play_id":"c667fdb8-c4cc-43ef-b449-b7ef573ec77b","local_time":"20210223020244","is_ascension_mode":true,"campfire_choices":[{"data":"True Grit","floor":7,"key":"SMITH"},{"data":"Havoc","floor":15,"key":"SMITH"}],"circlet_count":0,"master_deck":["Strike_R","Strike_R","Strike_R","Strike_R","Defend_R","Defend_R+1","Defend_R","Bash","True Grit+1","Shrug It Off+1","Carnage","Reckless Charge+1","Feel No Pain","Whirlwind+1","Reckless Charge+1","Havoc+1"],"relics":["Burning Blood","NeowsBlessing","Question Card","Molten Egg 2","Bottled Lightning","War Paint"],"acts_visited":["Exordium"],"potions_floor_usage":[14,14,16,16],"damage_taken":[{"damage":0,"enemies":"Cultist","floor":1,"turns":1},{"damage":0,"enemies":"2 Louse","floor":4,"turns":1},{"damage":0,"enemies":"3 Sentries","floor":6,"turns":1},{"damage":5,"enemies":"Jaw Worm","floor":8,"turns":3},{"damage":7,"enemies":"Large Slime","floor":10,"turns":6},{"damage":13,"enemies":"Blue Slaver","floor":11,"turns":3},{"damage":29,"enemies":"Gremlin Nob","floor":12,"turns":4},{"damage":14,"enemies":"Lagavulin","floor":14,"turns":5},{"damage":41,"enemies":"The Guardian","floor":16,"turns":7}],"seed_played":"2179280347678296965","potions_obtained":[{"floor":6,"key":"Dexterity Potion"},{"floor":8,"key":"FearPotion"},{"floor":12,"key":"SteroidPotion"},{"floor":14,"key":"Fire Potion"}],"is_trial":false,"path_per_floor":["M","?","?","M","$","E","R","M","T","M","M","E","?","E","R","B"],"character_chosen":"IRONCLAD","items_purchased":["Carnage"],"campfire_rested":0,"item_purchase_floors":[5],"current_hp_per_floor":[78,71,71,77,77,80,80,80,80,79,72,49,49,41,41,0,0],"gold":172,"neow_bonus":"THREE_ENEMY_KILL","is_daily":false,"chose_seed":false,"campfire_upgraded":2,"win_rate":0.0,"timestamp":1614074564,"path_taken":["M","?","?","M","$","E","R","M","T","?","M","E","?","E","R","BOSS"],"items_purchased_type":["Card"],"build_version":"2020-12-22","purchased_purges":0,"victory":false,"max_hp_per_floor":[80,80,80,80,80,80,80,80,80,80,80,80,80,80,80,80,80],"card_choices":[{"not_picked":["Clash","Second Wind"],"picked":"True Grit","floor":1},{"not_picked":["Infernal Blade","Fire Breathing"],"picked":"Shrug It Off","floor":4},{"not_picked":["Entrench","Limit Break"],"picked":"Reckless Charge","floor":6},{"not_picked":["Wild Strike","Warcry","Sever Soul"],"picked":"Feel No Pain","floor":8},{"not_picked":["Flame Barrier","Battle Trance","Clash+1","Perfected Strike+1"],"picked":"SKIP","floor":10},{"not_picked":["Flame Barrier","Battle Trance","Clash+1","Perfected Strike+1"],"picked":"SKIP","floor":10},{"not_picked":["Rage","Heavy Blade+1","Perfected Strike+1"],"picked":"Whirlwind+1","floor":11},{"not_picked":["Headbutt+1","Fire Breathing","Armaments"],"picked":"Reckless Charge+1","floor":12},{"not_picked":["Pommel Strike+1","Juggernaut","Armaments"],"picked":"Havoc","floor":14}],"player_experience":539390,"relics_obtained":[{"floor":6,"key":"Question Card"},{"floor":9,"key":"Molten Egg 2"},{"floor":12,"key":"Bottled Lightning"},{"floor":14,"key":"War Paint"}],"event_choices":[{"cards_removed":["Defend_R"],"damage_healed":0,"gold_gain":0,"player_choice":"Card Removal","damage_taken":7,"max_hp_gain":0,"max_hp_loss":0,"event_name":"Golden Wing","floor":2,"gold_loss":0},{"cards_removed":["Strike_R"],"damage_healed":0,"gold_gain":0,"player_choice":"Purged","damage_taken":0,"max_hp_gain":0,"max_hp_loss":0,"event_name":"Purifier","floor":3,"gold_loss":0},{"damage_healed":0,"gold_gain":0,"player_choice":"Forge","damage_taken":0,"max_hp_gain":0,"max_hp_loss":0,"event_name":"Accursed Blacksmith","floor":13,"gold_loss":0,"cards_upgraded":["Reckless Charge"]}],"is_beta":false,"boss_relics":[],"items_purged_floors":[],"is_endless":false,"potions_floor_spawned":[6,8,12,14],"killed_by":"The Guardian","ascension_level":7}}