{"host":"dg9ago0zd82drrsw","time":1614075227,"event":{"mods":["BaseMod","Bestiary","Colored Powertips","Downfall","GifTheSpireLib","Minty Spire (QoL Compilation)","Relic Stats","StSLib"],"gold_per_floor":[99,99,99,99,99,99,99,99,99,131,131,160,60,45,60,60,60,60],"floor_reached":16,"language":"ENG","playtime":430,"items_purged":[],"score":138,"play_id":"648f7a7b-bc65-4886-8a9e-82be535dbcb7","local_time":"20210223131347","is_ascension_mode":true,"campfire_choices":[{"data":"Guardian:TwinSlam","floor":1,"key":"SMITH"},{"data":"Guardian:CurlUp","floor":8,"key":"SMITH"}],"circlet_count":0,"master_deck":["Guardian:Strike_Guardian","Guardian:Strike_Guardian","Guardian:Strike_Guardian","Guardian:Defend_Guardian","Guardian:Defend_Guardian","Guardian:Defend_Guardian","Guardian:Defend_Guardian","Guardian:CurlUp+1","Guardian:TwinSlam+1","Guardian:Gem_Green","Guardian:Clone","Guardian:Planning","Guardian:ChargeCore","Guardian:Gem_Lightblue","Guardian:Gem_Orange","Guardian:ChargeCore","Guardian:TimeCapacitor"],"relics":["Guardian:ModeShifter","downfall:HeartsMalice","Meat on the Bone","downfall:BrokenWingStatue","Matryoshka","Guardian:PickAxe","Lantern","downfall:HeartBlessingGreen"],"acts_visited":["Exordium"],"potions_floor_usage":[12,16],"damage_taken":[{"damage":0,"enemies":"Cultist","floor":4,"turns":1},{"damage":0,"enemies":"Small Slimes","floor":5,"turns":1},{"damage":0,"enemies":"Jaw Worm","floor":6,"turns":1},{"damage":27,"enemies":"3 Sentries","floor":10,"turns":14},{"damage":24,"enemies":"Gremlin Nob","floor":12,"turns":6},{"damage":0,"enemies":"downfall:FleeingMerchant","floor":14,"turns":4},{"damage":1,"enemies":"2 Fungi Beasts","floor":15,"turns":3},{"damage":61,"enemies":"IC_STATUS_ARCHETYPE","floor":16,"turns":10}],"seed_played":"7606540210629576543","potions_obtained":[{"floor":10,"key":"Weak Potion"},{"floor":12,"key":"BlessingOfTheForge"}],"is_trial":false,"path_per_floor":["R","?","?","M","M","M","T","R","?","E","R","E","R","$","M","B"],"character_chosen":"GUARDIAN","items_purchased":[],"campfire_rested":0,"item_purchase_floors":[],"current_hp_per_floor":[72,65,65,65,65,65,65,65,65,50,50,38,38,50,49,0,0,0],"gold":60,"neow_bonus":"THREE_ENEMY_KILL","is_daily":false,"chose_seed":false,"campfire_upgraded":2,"win_rate":0.0,"timestamp":1614075227,"path_taken":["R","?","?","M","M","?","T","R","?","E","R","E","R","$","M","BOSS"],"items_purchased_type":[],"build_version":"2020-12-22","purchased_purges":0,"victory":false,"max_hp_per_floor":[80,80,80,80,80,80,80,80,80,80,80,80,80,80,80,80,80,80],"relic_stats":{"counters":[8,37],"obtain_stats":[{"Guardian:PickAxe":10,"Lantern":12,"downfall:BrokenWingStatue":3,"Matryoshka":7,"Guardian:ModeShifter":0,"downfall:HeartsMalice":0,"downfall:HeartBlessingGreen":13,"Meat on the Bone":2},{"Guardian:PickAxe":4,"Lantern":5,"downfall:BrokenWingStatue":0,"Matryoshka":3,"Guardian:ModeShifter":0,"downfall:HeartsMalice":0,"downfall:HeartBlessingGreen":5,"Meat on the Bone":0},{"Guardian:PickAxe":14,"Lantern":20,"downfall:BrokenWingStatue":0,"Matryoshka":0,"Guardian:ModeShifter":0,"downfall:HeartsMalice":0,"downfall:HeartBlessingGreen":20,"Meat on the Bone":0}],"Meat on the Bone":36},"card_choices":[{"not_picked":["Guardian:TemporalShield","Guardian:Gem_Fragmented"],"picked":"Guardian:Gem_Green","floor":4},{"not_picked":["Guardian:PiercingHide","Guardian:RollAttack"],"picked":"Guardian:Clone","floor":5},{"not_picked":["Guardian:TemporalShield","Guardian:CrystalBeam"],"picked":"Guardian:Planning","floor":6},{"not_picked":["Guardian:Planning","Guardian:PrimingBeam"],"picked":"Guardian:ChargeCore","floor":10},{"not_picked":["Guardian:Gem_Lightblue","Guardian:PolyBeam"],"picked":"Guardian:Gem_Fragmented","floor":12},{"not_picked":["Guardian:MultiBeam","Guardian:VentSteam"],"picked":"Guardian:ChargeCore","floor":14},{"not_picked":["Guardian:PolyBeam","Guardian:TemporalStrike"],"picked":"Guardian:TimeCapacitor","floor":15}],"player_experience":773403,"relics_obtained":[{"floor":7,"key":"Matryoshka"},{"floor":10,"key":"Guardian:PickAxe"},{"floor":12,"key":"Lantern"}],"event_choices":[{"damage_healed":0,"gold_gain":0,"player_choice":"Success","damage_taken":7,"relics_obtained":["Meat on the Bone"],"max_hp_gain":0,"max_hp_loss":0,"event_name":"Scrap Ooze","floor":2,"gold_loss":0},{"cards_removed":["Guardian:Strike_Guardian"],"damage_healed":0,"gold_gain":0,"player_choice":"Card Removal","damage_taken":0,"max_hp_gain":0,"max_hp_loss":0,"event_name":"The Cleric","floor":9,"gold_loss":0}],"is_beta":false,"boss_relics":[],"items_purged_floors":[],"is_endless":false,"potions_floor_spawned":[10,12],"killed_by":"IC_STATUS_ARCHETYPE","ascension_level":7}}