{"host":"a1eatafr7pisesky","time":1614101363,"event":{"mods":["AchievementEnabler","BaseMod","Colored Map","Keyboard Shortcuts","Minty Spire (QoL Compilation)","Say the Spire","StSLib","SuperFastMode","everything is the same but u backflip on backflip"],"gold_per_floor":[368,368,368,138,153,187,187,187,187],"floor_reached":8,"language":"KOR","playtime":142,"items_purged":["Strike_G"],"score":100,"play_id":"914cbc56-0aed-4698-a8f3-d88bb5448f10","local_time":"20210224022923","is_ascension_mode":true,"campfire_choices":[{"data":"Accuracy","floor":7,"key":"SMITH"}],"circlet_count":0,"master_deck":["AscendersBane","Strike_G","Strike_G","Strike_G","Strike_G","Defend_G","Defend_G","Defend_G","Defend_G","Survivor","Neutralize","All Out Attack+1","Accuracy+1","PiercingWail","Cloak And Dagger"],"relics":["Ring of the Snake","Lantern"],"acts_visited":["Exordium"],"potions_floor_usage":[6,6],"damage_taken":[{"damage":4.0,"enemies":"2 Louse","floor":1.0,"turns":3.0},{"damage":1.0,"enemies":"Cultist","floor":5.0,"turns":4.0},{"damage":27,"enemies":"3 Sentries","floor":6,"turns":5},{"damage":32,"enemies":"Lagavulin","floor":8,"turns":7}],"seed_played":"7701401458451471219","potions_obtained":[{"floor":5.0,"key":"LiquidBronze"}],"is_trial":false,"path_per_floor":["M","?","?","$","M","E","R","E"],"character_chosen":"THE_SILENT","items_purchased":["Accuracy","DuplicationPotion"],"campfire_rested":0,"item_purchase_floors":[4,4],"current_hp_per_floor":[55,55,55,55,54,27,27,0,0],"gold":187,"neow_bonus":"TWO_FIFTY_GOLD","is_daily":false,"chose_seed":false,"campfire_upgraded":1,"win_rate":0.0,"timestamp":1614101363,"path_taken":["M","?","?","$","?","E","R","E"],"items_purchased_type":["Card","Potion"],"build_version":"2020-12-22","purchased_purges":1,"victory":false,"max_hp_per_floor":[60,60,60,60,60,60,60,60,60],"card_choices":[{"not_picked":["Backflip","Cloak And Dagger"],"picked":"All Out Attack","floor":1.0},{"not_picked":["Escape Plan","Quick Slash"],"picked":"PiercingWail","floor":5.0},{"not_picked":["Poisoned Stab","Terror"],"picked":"Cloak And Dagger","floor":6}],"player_experience":493469,"relics_obtained":[{"floor":6,"key":"Lantern"}],"event_choices":[{"cards_removed":["Defend_G"],"damage_healed":0.0,"max_hp_gain":0.0,"max_hp_loss":0.0,"gold_gain":0.0,"event_name":"Living Wall","player_choice":"Forget","floor":2.0,"gold_loss":0.0,"damage_taken":0.0},{"damage_healed":0.0,"max_hp_gain":0.0,"max_hp_loss":0.0,"gold_gain":0.0,"event_name":"Upgrade Shrine","player_choice":"Upgraded","floor":3.0,"gold_loss":0.0,"damage_taken":0.0,"cards_upgraded":["All Out Attack"]}],"is_beta":false,"boss_relics":[],"items_purged_floors":[4],"is_endless":false,"potions_floor_spawned":[5],"killed_by":"Lagavulin","ascension_level":17}}