{"host":"x73jdofm2fk9hsud","time":1614050615,"event":{"mods":["BaseMod","Bestiary","Minty Spire (QoL Compilation)","Relic Stats","ojb\u0027s Better Paths Mod","ojb\u0027s Info Mod"],"gold_per_floor":[112,112,112,128,53,53,97,118,118,118,162,180,213,238,238,333,333,317,56,56,56,56,56,84,84,108,137,151,182,194,217,229,318,330,357,71,89,89,107,107,124,124,149,149,184,15,26,56,56,56,56],"floor_reached":50,"language":"ENG","playtime":2965,"items_purged":["Pain","Strike_G","Strike_G"],"score":1252,"play_id":"6e1df1cb-f66a-4167-b006-495a0f4d76b8","local_time":"20210222222335","is_ascension_mode":true,"campfire_choices":[{"data":"Noxious Fumes","floor":6,"key":"SMITH"},{"data":"Die Die Die","floor":10,"key":"SMITH"},{"data":"Caltrops","floor":15,"key":"SMITH"},{"data":"Crippling Poison","floor":23,"key":"SMITH"},{"data":"1","floor":25,"key":"LIFT"},{"data":"2","floor":30,"key":"LIFT"},{"data":"3","floor":32,"key":"LIFT"},{"floor":40,"key":"RECALL"},{"data":"Catalyst","floor":42,"key":"SMITH"},{"floor":49,"key":"REST"}],"circlet_count":0,"master_deck":["AscendersBane","Defend_G","Defend_G","Defend_G","Defend_G","Survivor","Neutralize","Noxious Fumes+1","Escape Plan","Die Die Die+1","Calculated Gamble","Blade Dance","Caltrops+1","Crippling Poison+1","Leg Sweep","Cloak And Dagger","Eviscerate","Dash","After Image","Blur+1","Night Terror","Leg Sweep","Crippling Poison","Catalyst+1","After Image","Well Laid Plans+1","Malaise"],"relics":["Ring of the Snake","NeowsBlessing","Bloody Idol","WarpedTongs","Matryoshka","MealTicket","Bottled Flame","Letter Opener","Toy Ornithopter","Snecko Eye","TwistedFunnel","Girya","Boot","Vajra","MawBank","Philosopher\u0027s Stone","Ninja Scroll","Omamori","Blue Candle"],"acts_visited":["Exordium","TheCity","TheBeyond"],"potions_floor_usage":[13,16,16,33],"damage_taken":[{"damage":0,"enemies":"2 Louse","floor":1,"turns":1},{"damage":0,"enemies":"Small Slimes","floor":4,"turns":1},{"damage":0,"enemies":"Gremlin Nob","floor":7,"turns":1},{"damage":0,"enemies":"Cultist","floor":8,"turns":3},{"damage":10,"enemies":"3 Sentries","floor":11,"turns":5},{"damage":0,"enemies":"Red Slaver","floor":12,"turns":2},{"damage":24,"enemies":"Gremlin Nob","floor":13,"turns":4},{"damage":1,"enemies":"Looter","floor":14,"turns":4},{"damage":10,"enemies":"The Guardian","floor":16,"turns":9},{"damage":21,"enemies":"2 Thieves","floor":18,"turns":4},{"damage":0,"enemies":"Gremlin Leader","floor":24,"turns":6},{"damage":6,"enemies":"Slavers","floor":27,"turns":2},{"damage":0,"enemies":"3 Byrds","floor":28,"turns":1},{"damage":5,"enemies":"Book of Stabbing","floor":29,"turns":4},{"damage":10,"enemies":"Snake Plant","floor":31,"turns":3},{"damage":45,"enemies":"Collector","floor":33,"turns":8},{"damage":7,"enemies":"3 Darklings","floor":35,"turns":4},{"damage":0,"enemies":"3 Shapes","floor":37,"turns":2},{"damage":31,"enemies":"Spire Growth","floor":39,"turns":5},{"damage":17,"enemies":"Writhing Mass","floor":41,"turns":5},{"damage":8,"enemies":"Giant Head","floor":45,"turns":7},{"damage":0,"enemies":"Maw","floor":47,"turns":7},{"damage":39,"enemies":"Nemesis","floor":48,"turns":6},{"damage":39,"enemies":"Donu and Deca","floor":50,"turns":5}],"seed_played":"1074560914392424931","potions_obtained":[{"floor":4,"key":"BlessingOfTheForge"},{"floor":8,"key":"SpeedPotion"},{"floor":12,"key":"Weak Potion"},{"floor":13,"key":"Poison Potion"},{"floor":24,"key":"PowerPotion"},{"floor":29,"key":"Fire Potion"},{"floor":33,"key":"Dexterity Potion"}],"is_trial":false,"path_per_floor":["M","?","?","M","$","R","E","M","T","R","E","M","E","M","R","B",null,"M","$","?","?","?","R","E","R","T","E","M","E","R","M","R","B",null,"M","$","M","T","M","R","M","R","T","?","E","$","M","E","R","B"],"character_chosen":"THE_SILENT","items_purchased":["TwistedFunnel","Night Terror","After Image"],"campfire_rested":1,"item_purchase_floors":[19,36,46],"current_hp_per_floor":[59,59,59,59,59,59,59,59,59,59,49,49,25,24,24,24,51,30,45,45,45,45,45,50,50,55,54,59,59,60,55,60,20,51,54,60,60,60,34,34,22,22,27,27,24,39,44,10,28,0,0],"gold":56,"neow_bonus":"THREE_ENEMY_KILL","is_daily":false,"chose_seed":false,"campfire_upgraded":5,"win_rate":0.0,"timestamp":1614050615,"path_taken":["M","?","?","?","?","R","E","M","T","R","E","M","E","?","R","BOSS","M","$","?","?","?","R","E","R","T","E","M","E","R","M","R","BOSS","M","?","M","?","M","R","?","R","T","?","E","$","M","E","R","BOSS"],"items_purchased_type":["Relic","Card","Card"],"build_version":"2020-12-22","purchased_purges":3,"victory":false,"max_hp_per_floor":[66,60,60,60,60,60,60,60,60,60,60,60,60,60,60,60,60,60,60,60,60,60,60,60,60,60,60,60,60,60,60,60,60,60,60,60,60,60,60,60,60,60,60,60,60,60,60,60,60,60,60],"relic_stats":{"counters":[24,99],"Bloody Idol":91,"Blue Candle":[0],"Snecko Eye":[129,147,132,114],"MealTicket":31,"Letter Opener":[224],"Boot":[19],"MawBank":84,"obtain_stats":[{"TwistedFunnel":19,"Girya":24,"NeowsBlessing":0,"Golden Idol":2,"Blue Candle":48,"Vajra":27,"Omamori":43,"Letter Opener":11,"Boot":26,"MawBank":29,"WarpedTongs":3,"Bottled Flame":9,"Matryoshka":7,"Ninja Scroll":38,"Bloody Idol":20,"Snecko Eye":17,"MealTicket":9,"Philosopher\u0027s Stone":34,"Toy Ornithopter":13,"Ring of the Snake":0},{"TwistedFunnel":10,"Girya":11,"NeowsBlessing":0,"Golden Idol":1,"Blue Candle":23,"Vajra":12,"Omamori":20,"Letter Opener":5,"Boot":11,"MawBank":14,"WarpedTongs":1,"Bottled Flame":4,"Matryoshka":3,"Ninja Scroll":18,"Bloody Idol":10,"Snecko Eye":9,"MealTicket":4,"Philosopher\u0027s Stone":16,"Toy Ornithopter":7,"Ring of the Snake":0},{"TwistedFunnel":34,"Girya":40,"NeowsBlessing":0,"Golden Idol":1,"Blue Candle":94,"Vajra":42,"Omamori":74,"Letter Opener":11,"Boot":40,"MawBank":47,"WarpedTongs":1,"Bottled Flame":6,"Matryoshka":3,"Ninja Scroll":64,"Bloody Idol":34,"Snecko Eye":30,"MealTicket":6,"Philosopher\u0027s Stone":58,"Toy Ornithopter":17,"Ring of the Snake":0}],"Toy Ornithopter":10,"Ring of the Snake":[36],"WarpedTongs":[96]},"card_choices":[{"not_picked":["Backflip","Deflect"],"picked":"Noxious Fumes","floor":1},{"not_picked":["Deadly Poison","Setup"],"picked":"Escape Plan","floor":4},{"not_picked":["Caltrops","Bane"],"picked":"Die Die Die","floor":7},{"not_picked":["Cloak And Dagger","Dodge and Roll"],"picked":"Calculated Gamble","floor":8},{"not_picked":["Deadly Poison","Grand Finale"],"picked":"Blade Dance","floor":11},{"not_picked":["Poisoned Stab","Expertise","Bane"],"picked":"SKIP","floor":12},{"not_picked":["Cloak And Dagger","Underhanded Strike"],"picked":"Caltrops","floor":13},{"not_picked":["Finisher","Expertise","Tactician"],"picked":"SKIP","floor":14},{"not_picked":["Deflect","Dagger Throw"],"picked":"Crippling Poison","floor":18},{"not_picked":["Dodge and Roll","Sucker Punch+1"],"picked":"Eviscerate","floor":24},{"not_picked":["Blur+1","Bouncing Flask+1"],"picked":"Dash","floor":27},{"not_picked":["Quick Slash","Deadly Poison","Masterful Stab"],"picked":"SKIP","floor":28},{"not_picked":["Grand Finale","Poisoned Stab","Escape Plan"],"picked":"SKIP","floor":29},{"not_picked":["Dodge and Roll","Setup","Prepared"],"picked":"SKIP","floor":31},{"not_picked":["A Thousand Cuts","Tools of the Trade"],"picked":"After Image","floor":33},{"not_picked":["Predator","Bane"],"picked":"Blur+1","floor":35},{"not_picked":["Quick Slash","Underhanded Strike"],"picked":"Leg Sweep","floor":37},{"not_picked":["Dagger Throw+1","Reflex+1"],"picked":"Crippling Poison","floor":39},{"not_picked":["Prepared","Acrobatics+1"],"picked":"Catalyst","floor":41},{"not_picked":["Slice","Concentrate+1","Skewer+1"],"picked":"SKIP","floor":45},{"not_picked":["Backflip","Finisher"],"picked":"Well Laid Plans+1","floor":47},{"not_picked":["Quick Slash","Dagger Throw"],"picked":"Malaise","floor":48}],"player_experience":5403168,"relics_obtained":[{"floor":7,"key":"Matryoshka"},{"floor":9,"key":"MealTicket"},{"floor":9,"key":"Bottled Flame"},{"floor":11,"key":"Letter Opener"},{"floor":13,"key":"Toy Ornithopter"},{"floor":24,"key":"Girya"},{"floor":26,"key":"Boot"},{"floor":27,"key":"Vajra"},{"floor":29,"key":"MawBank"},{"floor":38,"key":"Ninja Scroll"},{"floor":43,"key":"Omamori"},{"floor":48,"key":"Blue Candle"}],"event_choices":[{"damage_healed":0,"gold_gain":0,"player_choice":"Lose Max HP","damage_taken":0,"relics_obtained":["Golden Idol"],"max_hp_gain":0,"max_hp_loss":6,"event_name":"Golden Idol","floor":2,"gold_loss":0},{"damage_healed":0,"gold_gain":0,"player_choice":"Rummage","damage_taken":0,"relics_obtained":["WarpedTongs"],"max_hp_gain":0,"max_hp_loss":0,"event_name":"Accursed Blacksmith","floor":3,"gold_loss":0,"cards_obtained":["Pain"]},{"damage_healed":0,"gold_gain":0,"player_choice":"Gave Idol","damage_taken":0,"relics_obtained":["Bloody Idol"],"max_hp_gain":0,"max_hp_loss":0,"event_name":"Forgotten Altar","floor":20,"relics_lost":["Golden Idol"],"gold_loss":0},{"damage_healed":0,"gold_gain":0,"cards_transformed":["Strike_G","Strike_G"],"player_choice":"Became Test Subject","damage_taken":0,"max_hp_gain":0,"max_hp_loss":0,"event_name":"Drug Dealer","floor":21,"gold_loss":0,"cards_obtained":["Leg Sweep","Cloak And Dagger"]},{"cards_removed":["Strike_G"],"damage_healed":0,"gold_gain":0,"player_choice":"Purged","damage_taken":0,"max_hp_gain":0,"max_hp_loss":0,"event_name":"Purifier","floor":22,"gold_loss":0},{"cards_removed":["Defend_G"],"damage_healed":0,"gold_gain":0,"player_choice":"Removed Skill","damage_taken":0,"max_hp_gain":0,"max_hp_loss":0,"event_name":"Falling","floor":44,"gold_loss":0}],"is_beta":false,"boss_relics":[{"not_picked":["Runic Dome","SlaversCollar"],"picked":"Snecko Eye"},{"not_picked":["Ring of the Serpent","Busted Crown"],"picked":"Philosopher\u0027s Stone"}],"items_purged_floors":[5,19,36],"is_endless":false,"potions_floor_spawned":[4,8,12,13,24,29,31,33,37,39,41],"killed_by":"Donu and Deca","ascension_level":20}}