{"host":"n4fty02wqqi95laq","time":1614064978,"event":{"mods":["BaseMod","Highlight Path","Minty Spire (QoL Compilation)","Quick Restart","Rare Cards Sparkle","StSLib"],"gold_per_floor":[118,118,118,43,53,53,78,78,155,180,194,206,206,39,39,117,117,136,152,152,166,180,211,211,243,270,185,213,213,228,328,328,399,399,415,375,393,407,407,407,435,446,523,550,336,347,347,358,358,358,358,358,358,40,73,73],"floor_reached":57,"language":"ZHS","playtime":2653,"items_purged":["Defend_P","Strike_P+1","Strike_P+1"],"score":2960,"play_id":"947cdfaf-8198-4d71-8940-07deb80cd89a","local_time":"20210223152258","is_ascension_mode":true,"campfire_choices":[{"data":"Eruption","floor":6.0,"key":"SMITH"},{"data":"TalkToTheHand","floor":8.0,"key":"SMITH"},{"data":"Adaptation","floor":13.0,"key":"SMITH"},{"data":"EmptyFist","floor":15.0,"key":"SMITH"},{"floor":24.0,"key":"REST"},{"floor":29.0,"key":"REST"},{"floor":32.0,"key":"RECALL"},{"floor":40.0,"key":"REST"},{"floor":47.0,"key":"REST"},{"floor":49.0,"key":"REST"},{"floor":53.0,"key":"REST"}],"circlet_count":0,"master_deck":["AscendersBane","Strike_P+1","Strike_P+1","Defend_P+1","Defend_P+1","Eruption+1","Vigilance+1","TalkToTheHand+1","LessonLearned+1","DeusExMachina+1","Adaptation+1","EmptyFist+1","Ragnarok+1","Fasting2","CutThroughFate+1","Scrawl+1","FearNoEvil","Indignation+1","Vault+1","BowlingBash+1","Establishment","CurseOfTheBell","Wallop+1","Pray+1","Prostrate+1","InnerPeace+1"],"relics":["PureWater","NeowsBlessing","Boot","TeardropLocket","Sundial","Potion Belt","Fusion Hammer","Molten Egg 2","Turnip","Toy Ornithopter","Matryoshka","Blue Candle","Thread and Needle","Darkstone Periapt","Calling Bell","Bronze Scales","Yang","Dead Branch","Damaru","StrikeDummy","Pear","Kunai","Membership Card","Lizard Tail","Cauldron","Vajra"],"acts_visited":["Exordium","TheCity","TheBeyond","TheEnding"],"potions_floor_usage":[56,56,56],"damage_taken":[{"damage":0.0,"enemies":"Small Slimes","floor":1.0,"turns":1.0},{"damage":0.0,"enemies":"Jaw Worm","floor":5.0,"turns":1.0},{"damage":0.0,"enemies":"Lagavulin","floor":7.0,"turns":1.0},{"damage":0.0,"enemies":"3 Sentries","floor":10.0,"turns":4.0},{"damage":0.0,"enemies":"Cultist","floor":11.0,"turns":1.0},{"damage":2.0,"enemies":"Exordium Wildlife","floor":12.0,"turns":2.0},{"damage":28.0,"enemies":"The Guardian","floor":16.0,"turns":9.0},{"damage":0.0,"enemies":"Chosen","floor":18.0,"turns":2.0},{"damage":8.0,"enemies":"2 Thieves","floor":19.0,"turns":3.0},{"damage":6.0,"enemies":"Snake Plant","floor":21.0,"turns":3.0},{"damage":0.0,"enemies":"3 Cultists","floor":22.0,"turns":3.0},{"damage":16.0,"enemies":"Slavers","floor":23.0,"turns":2.0},{"damage":8.0,"enemies":"Book of Stabbing","floor":25.0,"turns":3.0},{"damage":13.0,"enemies":"Slavers","floor":28.0,"turns":3.0},{"damage":0.0,"enemies":"Shelled Parasite and Fungi","floor":30.0,"turns":2.0},{"damage":0.0,"enemies":"Colosseum Slavers","floor":31.0,"turns":2.0},{"damage":0.0,"enemies":"Colosseum Nobs","floor":31.0,"turns":3.0},{"damage":44.0,"enemies":"Champ","floor":33.0,"turns":7.0},{"damage":1.0,"enemies":"Orb Walker","floor":35.0,"turns":2.0},{"damage":0.0,"enemies":"3 Shapes","floor":37.0,"turns":6.0},{"damage":2.0,"enemies":"3 Darklings","floor":38.0,"turns":3.0},{"damage":34.0,"enemies":"Nemesis","floor":41.0,"turns":5.0},{"damage":2.0,"enemies":"Jaw Worm Horde","floor":42.0,"turns":2.0},{"damage":3.0,"enemies":"Reptomancer","floor":44.0,"turns":2.0},{"damage":1.0,"enemies":"Transient","floor":46.0,"turns":6.0},{"damage":1.0,"enemies":"Maw","floor":48.0,"turns":5.0},{"damage":35.0,"enemies":"Time Eater","floor":50.0,"turns":6.0},{"damage":11.0,"enemies":"Awakened One","floor":51.0,"turns":10.0},{"damage":4.0,"enemies":"Shield and Spear","floor":55.0,"turns":3.0},{"damage":82,"enemies":"The Heart","floor":56,"turns":7}],"seed_played":"2428805710018753744","potions_obtained":[{"floor":1.0,"key":"GamblersBrew"},{"floor":5.0,"key":"Regen Potion"},{"floor":7.0,"key":"AttackPotion"},{"floor":11.0,"key":"AttackPotion"},{"floor":18.0,"key":"PowerPotion"},{"floor":21.0,"key":"GamblersBrew"},{"floor":22.0,"key":"BlessingOfTheForge"},{"floor":30.0,"key":"LiquidMemories"},{"floor":36.0,"key":"Block Potion"},{"floor":36.0,"key":"DuplicationPotion"},{"floor":36.0,"key":"Dexterity Potion"},{"floor":37.0,"key":"GamblersBrew"},{"floor":41.0,"key":"AttackPotion"},{"floor":44.0,"key":"GamblersBrew"},{"floor":54.0,"key":"BlessingOfTheForge"},{"floor":54.0,"key":"CultistPotion"},{"floor":54.0,"key":"Block Potion"},{"floor":54.0,"key":"BottledMiracle"}],"is_trial":false,"path_per_floor":["M","?","?","$","M","R","E","R","T","E","M","M","R","$","R","B",null,"M","M","?","M","M","E","R","E","T","?","E","R","M","?","R","B",null,"M","?","M","M","?","R","E","M","T","E","$","M","R","M","R","B","B",null,"R","$","E","B",null],"character_chosen":"WATCHER","items_purchased":["Potion Belt","Membership Card","Lizard Tail","Cauldron"],"campfire_rested":6,"item_purchase_floors":[14,45,54,54],"current_hp_per_floor":[61,61,54,54,54,54,54,54,54,54,54,52,52,52,52,24,57,57,49,49,43,43,27,47,39,39,39,31,51,51,51,51,12,60,59,59,59,57,57,74,40,38,48,50,50,49,74,78,84,49,48,75,84,84,81,6],"gold":73,"neow_bonus":"THREE_ENEMY_KILL","is_daily":false,"chose_seed":false,"campfire_upgraded":4,"win_rate":0.0,"timestamp":1614064978,"path_taken":["M","?","?","$","?","R","E","R","T","E","M","M","R","?","R","BOSS","M","M","?","M","M","E","R","E","T","?","E","R","M","?","R","BOSS","BOSS","M","?","M","?","?","R","E","M","T","E","?","M","R","M","R","BOSS","BOSS","R","$","E","BOSS"],"items_purchased_type":["Relic","Relic","Relic","Relic"],"build_version":"2020-12-22","purchased_purges":3,"victory":true,"max_hp_per_floor":[68,68,68,68,68,68,68,68,68,68,68,68,68,68,68,68,68,68,68,68,68,68,68,68,68,68,68,68,68,68,68,68,68,74,74,74,74,74,74,74,74,74,84,84,84,84,84,84,84,84,84,84,84,84,84,84],"card_choices":[{"not_picked":["Wireheading","Evaluate","ClearTheMind"],"picked":"SKIP","floor":1.0},{"not_picked":["BowlingBash","Consecrate"],"picked":"TalkToTheHand","floor":5.0},{"not_picked":["EmptyFist","ThirdEye"],"picked":"LessonLearned","floor":7.0},{"not_picked":["Conclude","ClearTheMind"],"picked":"DeusExMachina","floor":10.0},{"not_picked":["ThirdEye","Halt"],"picked":"Adaptation","floor":11.0},{"not_picked":["SashWhip","Weave"],"picked":"EmptyFist","floor":12.0},{"not_picked":["SpiritShield","ConjureBlade"],"picked":"Ragnarok","floor":16.0},{"not_picked":["FollowUp","JustLucky"],"picked":"Fasting2","floor":18.0},{"not_picked":["FlyingSleeves","PathToVictory"],"picked":"CutThroughFate","floor":19.0},{"not_picked":["Evaluate","Prostrate+1"],"picked":"FearNoEvil","floor":21.0},{"not_picked":["Evaluate","FlyingSleeves"],"picked":"Indignation","floor":22.0},{"not_picked":["ThirdEye","SashWhip+1","WaveOfTheHand"],"picked":"SKIP","floor":23.0},{"not_picked":["SignatureMove+1","EmptyBody","CutThroughFate+1"],"picked":"SKIP","floor":25.0},{"not_picked":["FlyingSleeves+1","Worship"],"picked":"Vault","floor":28.0},{"not_picked":["Protect","ThirdEye"],"picked":"BowlingBash+1","floor":30.0},{"not_picked":["SpiritShield","Vault"],"picked":"Establishment","floor":33.0},{"not_picked":["EmptyBody+1","ReachHeaven+1","FlyingSleeves+1"],"picked":"SKIP","floor":35.0},{"not_picked":["Evaluate+1","FlurryOfBlows+1"],"picked":"Wallop+1","floor":37.0},{"not_picked":["Halt+1","BowlingBash+1"],"picked":"Pray","floor":38.0},{"not_picked":["Blasphemy","CrushJoints+1","FollowUp+1"],"picked":"SKIP","floor":41.0},{"not_picked":["EmptyFist+1","BowlingBash+1","CrushJoints+1"],"picked":"SKIP","floor":42.0},{"not_picked":["Fasting2","Wireheading+1","ThirdEye"],"picked":"SKIP","floor":44.0},{"not_picked":["Sanctity+1","FlyingSleeves+1"],"picked":"Prostrate+1","floor":46.0},{"not_picked":["Collect","Protect+1","Consecrate+1"],"picked":"SKIP","floor":48.0},{"not_picked":["FollowUp+1","BowlingBash+1"],"picked":"InnerPeace+1","floor":55.0}],"player_experience":737939,"relics_obtained":[{"floor":7.0,"key":"Boot"},{"floor":9.0,"key":"TeardropLocket"},{"floor":10.0,"key":"Sundial"},{"floor":23.0,"key":"Molten Egg 2"},{"floor":25.0,"key":"Turnip"},{"floor":26.0,"key":"Toy Ornithopter"},{"floor":28.0,"key":"Blue Candle"},{"floor":31.0,"key":"Thread and Needle"},{"floor":31.0,"key":"Darkstone Periapt"},{"floor":34.0,"key":"Bronze Scales"},{"floor":34.0,"key":"Yang"},{"floor":34.0,"key":"Dead Branch"},{"floor":41.0,"key":"StrikeDummy"},{"floor":43.0,"key":"Pear"},{"floor":44.0,"key":"Kunai"},{"floor":55.0,"key":"Vajra"}],"event_choices":[{"damage_healed":0.0,"max_hp_gain":0.0,"max_hp_loss":0.0,"gold_gain":0.0,"event_name":"Scrap Ooze","player_choice":"Fled","floor":2.0,"gold_loss":0.0,"damage_taken":0.0},{"cards_removed":["Defend_P"],"damage_healed":0.0,"max_hp_gain":0.0,"max_hp_loss":0.0,"gold_gain":0.0,"event_name":"Golden Wing","player_choice":"Card Removal","floor":3.0,"gold_loss":0.0,"damage_taken":7.0},{"damage_healed":0.0,"max_hp_gain":0.0,"max_hp_loss":0.0,"gold_gain":0.0,"event_name":"The Library","player_choice":"Read","floor":20.0,"gold_loss":0.0,"damage_taken":0.0,"cards_obtained":["Scrawl"]},{"damage_healed":0.0,"max_hp_gain":0.0,"max_hp_loss":0.0,"gold_gain":0.0,"event_name":"Addict","player_choice":"Obtained Relic","floor":27.0,"gold_loss":85.0,"damage_taken":0.0,"relics_obtained":["Matryoshka"]},{"damage_healed":0.0,"max_hp_gain":0.0,"max_hp_loss":0.0,"gold_gain":0.0,"event_name":"Colosseum","player_choice":"Fight","floor":31.0,"gold_loss":0.0,"damage_taken":0.0},{"damage_healed":0.0,"max_hp_gain":0.0,"max_hp_loss":0.0,"gold_gain":0.0,"event_name":"Colosseum","player_choice":"Fought Nobs","floor":31.0,"gold_loss":0.0,"damage_taken":0.0},{"damage_healed":0.0,"max_hp_gain":0.0,"max_hp_loss":0.0,"gold_gain":0.0,"event_name":"The Woman in Blue","player_choice":"Bought 3 Potions","floor":36.0,"gold_loss":0.0,"damage_taken":0.0},{"damage_healed":0.0,"max_hp_gain":0.0,"max_hp_loss":0.0,"gold_gain":0.0,"event_name":"WeMeetAgain","player_choice":"Gave Potion","floor":39.0,"gold_loss":0.0,"damage_taken":0.0,"relics_obtained":["Damaru"]}],"is_beta":false,"boss_relics":[{"not_picked":["Runic Dome","Velvet Choker"],"picked":"Fusion Hammer"},{"not_picked":["Runic Pyramid","SlaversCollar"],"picked":"Calling Bell"}],"items_purged_floors":[4,45,54],"is_endless":false,"potions_floor_spawned":[1,5,7,11,18,21,22,30,31,37,38,41,44],"ascension_level":20}}