{"host":"k2fk6k4lf3fy23m9","time":1614117595,"event":{"mods":["AchievementEnabler","BaseMod","Card Forge","Colored Map","DeckTracker","FoggyMod","Fox Events","Minty Spire (QoL Compilation)","READ ME - Snecko Mod","SIMod","Shop Mod","StSLib","Synergy Search","UnlockEverythingMod","Waifu the Spire","WarShipGirlsR/????R mod"],"gold_per_floor":[114,114,143,243,258,258,258,258,335,335,356,66,145,145,145,145,145],"floor_reached":16,"language":"DEU","playtime":742,"items_purged":[],"score":86,"play_id":"2959bdff-e0ab-4d31-911a-c3be7bdec060","local_time":"20210223225955","is_ascension_mode":false,"campfire_choices":[{"floor":6,"key":"RECALL"},{"floor":15,"key":"REST"}],"circlet_count":0,"master_deck":["rmod:strick","rmod:strick","rmod:strick","rmod:strick","rmod:defend","rmod:defend","rmod:defend","rmod:defend","rmod:basicallowance","rmod:maingunfire","rmod:tearstotiara","rmod:fletcherpendant","Regret","Injury","Pain","rmod:diamondstrike"],"relics":["rmod:firstchargereward","Hammer of Thor","Seething Fire","Anvil of the Gods","foxEvents:LuckyCharm","Bronze Scales","Golden Idol","Matryoshka","WarpedTongs","Ice Cream","FaceOfCleric"],"acts_visited":["Exordium"],"potions_floor_usage":[],"damage_taken":[{"damage":6,"enemies":"Cultist","floor":1,"turns":3},{"damage":20,"enemies":"Colosseum Slavers","floor":3,"turns":4},{"damage":6,"enemies":"2 Louse","floor":5,"turns":2},{"damage":3,"enemies":"Small Slimes","floor":11,"turns":3},{"damage":62,"enemies":"The Guardian","floor":16,"turns":7}],"seed_played":"8690419453556388755","potions_obtained":[{"floor":0,"key":"Fire Potion"},{"floor":0,"key":"SkillPotion"},{"floor":0,"key":"BlessingOfTheForge"},{"floor":3,"key":"Block Potion"}],"is_trial":false,"path_per_floor":["M","$","?","?","M","R","?","?","T","?","M","$","?","?","R","B"],"character_chosen":"PRAEFECT","items_purchased":["Ice Cream"],"campfire_rested":1,"item_purchase_floors":[12],"current_hp_per_floor":[69,69,49,49,43,43,43,43,43,43,40,40,40,40,62,0,0],"gold":145,"neow_bonus":"THREE_SMALL_POTIONS","is_daily":false,"chose_seed":false,"campfire_upgraded":0,"win_rate":0.0,"timestamp":1614117595,"path_taken":["M","?","?","?","?","R","?","?","T","?","?","?","?","?","R","BOSS"],"items_purchased_type":["Relic"],"build_version":"2020-12-22","purchased_purges":0,"victory":false,"max_hp_per_floor":[75,75,75,75,75,75,75,75,75,75,75,75,75,75,75,75,75],"card_choices":[{"not_picked":["rmod:supportaircraftcarrier","rmod:supriseattacks"],"picked":"rmod:tearstotiara","floor":1},{"not_picked":["rmod:generalist","rmod:smokecover"],"picked":"rmod:fletcherpendant","floor":5},{"not_picked":["rmod:fletcherpendant","rmod:aggressivemary"],"picked":"rmod:diamondstrike","floor":11}],"player_experience":219517,"relics_obtained":[{"floor":3,"key":"foxEvents:LuckyCharm"},{"floor":9,"key":"Matryoshka"}],"event_choices":[{"damage_healed":0,"gold_gain":100,"player_choice":"Gold","damage_taken":0,"max_hp_gain":0,"max_hp_loss":0,"event_name":"Wheel of Change","floor":4,"gold_loss":0},{"damage_healed":0,"gold_gain":0,"player_choice":"Box","damage_taken":0,"relics_obtained":["Bronze Scales"],"max_hp_gain":0,"max_hp_loss":0,"event_name":"Big Fish","floor":7,"gold_loss":0,"cards_obtained":["Regret"]},{"damage_healed":0,"gold_gain":0,"player_choice":"Take Wound","damage_taken":0,"relics_obtained":["Golden Idol"],"max_hp_gain":0,"max_hp_loss":0,"event_name":"Golden Idol","floor":8,"gold_loss":0,"cards_obtained":["Injury"]},{"damage_healed":0,"gold_gain":0,"player_choice":"Rummage","damage_taken":0,"relics_obtained":["WarpedTongs"],"max_hp_gain":0,"max_hp_loss":0,"event_name":"Accursed Blacksmith","floor":10,"gold_loss":0,"cards_obtained":["Pain"]},{"damage_healed":0,"gold_gain":79,"player_choice":"Gained Gold","damage_taken":0,"max_hp_gain":0,"max_hp_loss":0,"event_name":"Golden Wing","floor":13,"gold_loss":0},{"damage_healed":0,"gold_gain":0,"player_choice":"Trade","damage_taken":0,"relics_obtained":["FaceOfCleric"],"max_hp_gain":0,"max_hp_loss":0,"event_name":"FaceTrader","floor":14,"gold_loss":0}],"is_beta":false,"boss_relics":[],"items_purged_floors":[],"is_endless":false,"potions_floor_spawned":[3],"killed_by":"The Guardian","ascension_level":0}}