{"host":"lv71j503waqnafdc","time":1614092289,"event":{"mods":["Act Like it!","Arknights","BaseMod","Jorbs\u0027s Wanderer Trilogy","Minty Spire (QoL Compilation)","Replay The Spire","StSLib","The Cursed"],"gold_per_floor":[111,111,6,6,6,6,44,67,138,138,66,87,105,65,65,186,186,202,202,215,215,14,58,58,58,129,129,129,142,158,179,179,179,179],"floor_reached":33,"language":"ZHS","playtime":1724,"items_purged":[],"score":263,"play_id":"3ec68e59-b502-4ee5-9638-39845a3a47fd","local_time":"20210223225809","is_ascension_mode":false,"campfire_choices":[{"data":"ats:Leaping Hammer","floor":6,"key":"SMITH"},{"floor":15,"key":"REST"},{"floor":24,"key":"REST"},{"floor":28,"key":"REST"},{"floor":32,"key":"REST"}],"circlet_count":0,"master_deck":["ats:Strike C","ats:Strike G","ats:Strike S","ats:Strike V","ats:Armor Crushing Shot+1","ats:Defend","ats:Defend","ats:Defend","ats:Emotion Absorption","ats:Shell Defense","ats:Leaping Hammer+1","ats:Very Hot Blade","ats:Burning Ground","ats:Hook Shot","ats:Spore Proliferation","ats:Curse Doll","ats:Very Hot Blade","stsjorbsmod:Overkill","ats:Flexible Camouflage","Seek","ats:Poison Spread","ats:Mental Burst+1","ats:Red Shift","ats:Thorns","ats:Shell Defense","ats:Disruption Kick+1","Shame","Stack+1","Go for the Eyes+1","stsjorbsmod:BurningFlask"],"relics":["ats:Sanity","Golden Idol","PrismaticShard","ats:Originium","PreservedInsect","Pear","Replay:Bronze Core","MutagenicStrength","Replay:Baseball","Kunai","ats:Industrial Water Cannon"],"acts_visited":["Exordium","TheCity"],"potions_floor_usage":[7,16,16,31,33,33],"damage_taken":[{"damage":4,"enemies":"ats:Genji","floor":1,"turns":3},{"damage":28,"enemies":"3 Sentries","floor":7,"turns":9},{"damage":8,"enemies":"2 Louse","floor":8,"turns":3},{"damage":5,"enemies":"Small Slimes","floor":12,"turns":4},{"damage":9,"enemies":"Exordium Thugs","floor":13,"turns":4},{"damage":15,"enemies":"Fading Forest","floor":16,"turns":11},{"damage":39,"enemies":"2 Thieves","floor":18,"turns":4},{"damage":23,"enemies":"Shell Parasite","floor":20,"turns":5},{"damage":31,"enemies":"Book of Stabbing","floor":23,"turns":4},{"damage":13,"enemies":"3 Cultists","floor":29,"turns":5},{"damage":31,"enemies":"Snake Plant","floor":30,"turns":5},{"damage":13,"enemies":"Centurion and Healer","floor":31,"turns":9},{"damage":34,"enemies":"Automaton","floor":33,"turns":4}],"seed_played":"-5668925005364925936","potions_obtained":[{"floor":1,"key":"Adrenaline Potion"},{"floor":14,"key":"EssenceOfSteel"},{"floor":14,"key":"Doom Potion"},{"floor":14,"key":"LiquidMemories"},{"floor":18,"key":"AttackPotion"},{"floor":20,"key":"Languid Potion"},{"floor":29,"key":"Reflective Coating"}],"is_trial":false,"path_per_floor":["M","?","$","?","$","R","E","M","T","?","$","M","M","?","R","B",null,"M","?","M","?","$","E","R","?","T","?","R","M","M","M","R","B"],"character_chosen":"DOCTOR_CLASS","items_purchased":["ats:Leaping Hammer","ats:Very Hot Blade","ats:Curse Doll","ats:Very Hot Blade","ats:Red Shift","ats:Thorns","ats:Shell Defense"],"campfire_rested":4,"item_purchase_floors":[3,3,11,11,22,22,22],"current_hp_per_floor":[68,50,50,50,50,50,22,14,24,24,24,19,10,10,34,29,82,43,70,47,47,47,16,40,40,40,40,64,51,20,7,31,0,0],"gold":179,"neow_bonus":"UPGRADE_CARD","is_daily":false,"chose_seed":false,"campfire_upgraded":1,"win_rate":0.0,"timestamp":1614092289,"path_taken":["M","?","$","?","?","R","E","M","T","?","$","M","M","?","R","BOSS","M","?","M","?","$","E","R","?","T","?","R","?","M","M","R","BOSS"],"items_purchased_type":["Card","Card","Card","Card","Card","Card","Card"],"build_version":"2020-12-22","purchased_purges":0,"victory":false,"max_hp_per_floor":[72,72,72,72,72,72,72,72,82,82,82,82,82,82,82,82,82,82,82,82,82,82,82,82,82,82,82,82,82,82,82,82,82,82],"card_choices":[{"not_picked":["ats:Soul Absorption","ats:Absolute Focus"],"picked":"ats:Shell Defense","floor":1},{"not_picked":["TheCursedMod:CursedMace","Devotion"],"picked":"ats:Burning Ground","floor":7},{"not_picked":["Dagger Throw","Storm"],"picked":"ats:Hook Shot","floor":8},{"not_picked":["Entrench","stsjorbsmod:Channeling"],"picked":"stsjorbsmod:Overkill","floor":12},{"not_picked":["Adaptation","stsjorbsmod:Rebuke"],"picked":"ats:Flexible Camouflage","floor":13},{"not_picked":["TheCursedMod:ForbiddenAlchemy","stsjorbsmod:GatherPower"],"picked":"Seek","floor":16},{"not_picked":["BasicCrystalCard+1","stsjorbsmod:DisguiseSelf"],"picked":"ats:Poison Spread","floor":18},{"not_picked":["Prepared","Bloodletting"],"picked":"ats:Mental Burst+1","floor":20},{"not_picked":["Glacier","Hidden Blade"],"picked":"ats:Disruption Kick","floor":23},{"not_picked":["ReplayTheSpireMod:Strike From Hell","TheCursedMod:Stigma+1"],"picked":"Stack+1","floor":29},{"not_picked":["stsjorbsmod:ChatteringStrike+1","Thunderclap+1"],"picked":"Go for the Eyes+1","floor":30},{"not_picked":["stsjorbsmod:SilverStrike","Consecrate"],"picked":"stsjorbsmod:BurningFlask","floor":31}],"player_experience":262243,"relics_obtained":[{"floor":7,"key":"ats:Originium"},{"floor":7,"key":"PreservedInsect"},{"floor":9,"key":"Pear"},{"floor":23,"key":"ats:Originium"},{"floor":23,"key":"Replay:Baseball"},{"floor":26,"key":"ats:Industrial Water Cannon"}],"event_choices":[{"damage_healed":0,"gold_gain":0,"player_choice":"Take Damage","damage_taken":18,"relics_obtained":["Golden Idol"],"max_hp_gain":0,"max_hp_loss":0,"event_name":"Golden Idol","floor":2,"gold_loss":0},{"damage_healed":0,"gold_gain":0,"cards_transformed":["ats:Defend"],"player_choice":"Change","damage_taken":0,"max_hp_gain":0,"max_hp_loss":0,"event_name":"Living Wall","floor":10,"gold_loss":0,"cards_obtained":["ats:Spore Proliferation"]},{"damage_healed":0,"gold_gain":0,"player_choice":"Bought 3 Potions","damage_taken":0,"max_hp_gain":0,"max_hp_loss":0,"event_name":"The Woman in Blue","floor":14,"gold_loss":0},{"damage_healed":27,"gold_gain":0,"player_choice":"Heal","damage_taken":0,"max_hp_gain":0,"max_hp_loss":0,"event_name":"The Library","floor":19,"gold_loss":0},{"damage_healed":0,"gold_gain":0,"player_choice":"Inject Mutagens","damage_taken":0,"relics_obtained":["MutagenicStrength"],"max_hp_gain":0,"max_hp_loss":0,"event_name":"Drug Dealer","floor":21,"gold_loss":0},{"damage_healed":0,"gold_gain":0,"player_choice":"Stole Relic","damage_taken":0,"relics_obtained":["Kunai"],"max_hp_gain":0,"max_hp_loss":0,"event_name":"Addict","floor":25,"gold_loss":0,"cards_obtained":["Shame"]},{"damage_healed":0,"gold_gain":0,"player_choice":"Upgraded","damage_taken":0,"max_hp_gain":0,"max_hp_loss":0,"event_name":"Upgrade Shrine","floor":27,"gold_loss":0,"cards_upgraded":["ats:Disruption Kick"]}],"is_beta":false,"boss_relics":[{"not_picked":["ats:Sanity Plus","Coffee Dripper"],"picked":"Replay:Bronze Core"}],"items_purged_floors":[],"is_endless":false,"potions_floor_spawned":[1,18,20,29,30],"killed_by":"Automaton","ascension_level":0}}