{"host":"597bhbb8x3urrkc4","time":1614107557,"event":{"mods":["Aspiration","Astrologer","Bard","BaseMod","Beaked The Cultist","Better Altar","Better Match","Better Sensory Stone","Better Skull","Better Third Choice","Challenge The Spire","Clockwork Mod","Conspire","DeckTracker","GifTheSpireLib","GungeonMod","Hermit","HexUI Lib","Highlight Path","Hubris","Infinite Spire","Mad Scientist","Minty Spire (QoL Compilation)","Random Character Button","Replay The Spire","Reworked Bosses","Shade Mod","Somnambulant","StSLib","The Blackbeard","The Construct","The Cursed","The Forsaken","The Gatherer","The Hayseed","The Hierophant","The Judge","The Jungle","The Problem Sleuth","The Runesmith","The Servant 0.9.4","The Spell Scribe","The Valiant","TheBandit","TheFirefly","Wandering Minibosses","thorton"],"gold_per_floor":[144,189,189,114,336,336,336,426,501,546,636,636,334,334,334,634,634,679,604,604,604,649,649,649],"floor_reached":23,"language":"ENG","playtime":3267,"items_purged":["somnambulantmod: Unknow","somnambulantmod: Unknow"],"score":220,"play_id":"80a3278f-f62d-4992-b880-3aab14627346","local_time":"20210223131237","daily_mods":["Draft","Blue Cards","Midas"],"is_ascension_mode":false,"campfire_choices":[{"floor":6,"key":"REST"},{"floor":12,"key":"DIG"},{"floor":15,"key":"DIG"}],"circlet_count":0,"master_deck":["somnambulantmod: LightSleeper+1","somnambulantmod: SnuggleUp","somnambulantmod: Stumble","somnambulantmod: HorrificThought","somnambulantmod: BadIdea","somnambulantmod: DarkeningMind","somnambulantmod: Trauma","somnambulantmod: Pinch","somnambulantmod: ImpenetrableMind","somnambulantmod: Relive","somnambulantmod: Bruise","somnambulantmod: TrepanningBlow","somnambulantmod: Bruise","somnambulantmod: SickeningSwathe","somnambulantmod: LeechFears","somnambulantmod: TimeCompression+1","ReplayTheSpireMod:Splinters","somnambulantmod: Withdraw","somnambulantmod: ShimmeringVeil","Apotheosis+1","somnambulantmod: ImpenetrableMind","somnambulantmod: HorrificThought","somnambulantmod: BrainFeeder","somnambulantmod: Refracture","hubris:SharpeningStone","ReplayTheSpireMod:Strike From Hell+1","somnambulantmod: Blink"],"relics":["somnambulantmod: DreamJournal","DemoMod:MonsterBlood","DemoMod:Bottle","Shovel","conspire:DecoderRing","theSleuth:ElfEgg","aspiration:IroncladSkillbook"],"acts_visited":["Exordium","TheCity"],"potions_floor_usage":[8,10,18,22,23],"damage_taken":[{"damage":0,"enemies":"2 Louse","floor":1,"turns":3},{"damage":4,"enemies":"infinitespire:Voidling","floor":2,"turns":3},{"damage":5,"enemies":"Gremlin Nob","floor":8,"turns":4},{"damage":12,"enemies":"Jaw Worm","floor":10,"turns":3},{"damage":15,"enemies":"Lagavulin","floor":11,"turns":5},{"damage":1,"enemies":"The Guardian","floor":16,"turns":6},{"damage":22,"enemies":"Spheric Guardian","floor":18,"turns":3},{"damage":14,"enemies":"2 Thieves","floor":22,"turns":4},{"damage":37,"enemies":"Book of Stabbing","floor":23,"turns":5}],"seed_played":"-7386017133472573341","potions_obtained":[{"floor":1,"key":"construct:ShiftPotion"},{"floor":2,"key":"LifebloodPotion"},{"floor":5,"key":"Regen Potion"},{"floor":16,"key":"Death Potion"},{"floor":18,"key":"DistilledChaos"}],"is_trial":false,"path_per_floor":["M","M","?","$","?","R","?","E","T","M","E","R","$","?","R","B",null,"M","?","?","?","M","E"],"character_chosen":"THE_SOMNAMBULANT","items_purchased":["somnambulantmod: ImpenetrableMind","somnambulantmod: HorrificThought","somnambulantmod: BrainFeeder"],"campfire_rested":1,"item_purchase_floors":[13,13,13],"current_hp_per_floor":[70,70,70,70,70,72,72,74,74,74,59,59,59,64,64,69,84,66,66,46,46,36,0,0],"gold":649,"neow_bonus":"","is_daily":true,"chose_seed":false,"campfire_upgraded":0,"win_rate":0.0,"timestamp":1614107557,"path_taken":["M","M","?","$","?","R","?","E","T","M","E","R","?","?","R","BOSS","M","?","?","?","M","E"],"items_purchased_type":["Card","Card","Card"],"build_version":"2020-12-22","purchased_purges":2,"victory":false,"max_hp_per_floor":[70,70,70,70,70,72,72,79,79,79,79,79,79,84,84,84,84,84,84,84,84,84,84,84],"card_choices":[{"not_picked":["somnambulantmod: Stumble","somnambulantmod: MindWave"],"picked":"somnambulantmod: LightSleeper","floor":0},{"not_picked":["somnambulantmod: MuscleMemory","somnambulantmod: Repression"],"picked":"somnambulantmod: SnuggleUp","floor":0},{"not_picked":["somnambulantmod: Repression","somnambulantmod: Sleepyhead"],"picked":"somnambulantmod: Stumble","floor":0},{"not_picked":["somnambulantmod: Bruise","somnambulantmod: Overshare"],"picked":"somnambulantmod: Unknow","floor":0},{"not_picked":["somnambulantmod: MindWave","somnambulantmod: Repression"],"picked":"somnambulantmod: HorrificThought","floor":0},{"not_picked":["somnambulantmod: HorrificThought","somnambulantmod: Unmake"],"picked":"somnambulantmod: BadIdea","floor":0},{"not_picked":["somnambulantmod: TrepanningBlow","somnambulantmod: Stumble"],"picked":"somnambulantmod: DarkeningMind","floor":0},{"not_picked":["somnambulantmod: ViralIdea","somnambulantmod: LeechFears"],"picked":"somnambulantmod: Trauma","floor":0},{"not_picked":["somnambulantmod: HappyThoughts","somnambulantmod: BadIdea"],"picked":"somnambulantmod: Pinch","floor":0},{"not_picked":["somnambulantmod: ShowerThought","somnambulantmod: Bruise"],"picked":"somnambulantmod: ImpenetrableMind","floor":0},{"not_picked":["somnambulantmod: AllForNothing","somnambulantmod: TrepanningBlow"],"picked":"somnambulantmod: Unknow","floor":0},{"not_picked":["somnambulantmod: TrepanningBlow","somnambulantmod: Extract"],"picked":"somnambulantmod: Relive","floor":0},{"not_picked":["somnambulantmod: InLimbo","somnambulantmod: RecurringDream"],"picked":"somnambulantmod: Bruise","floor":0},{"not_picked":["somnambulantmod: Repression","somnambulantmod: Harden"],"picked":"somnambulantmod: TrepanningBlow","floor":0},{"not_picked":["somnambulantmod: Wake","somnambulantmod: Unmake"],"picked":"somnambulantmod: Bruise","floor":0},{"not_picked":["somnambulantmod: HeavyLids","somnambulantmod: SleepingBody"],"picked":"somnambulantmod: SickeningSwathe","floor":1},{"not_picked":["somnambulantmod: Unmake","somnambulantmod: MindWave"],"picked":"somnambulantmod: LeechFears","floor":2},{"not_picked":["somnambulantmod: AllForNothing+1","somnambulantmod: Extract+1"],"picked":"somnambulantmod: TimeCompression+1","floor":3},{"not_picked":["somnambulantmod: HeavyLids","somnambulantmod: Remember"],"picked":"somnambulantmod: Withdraw","floor":5},{"not_picked":["somnambulantmod: DarkeningMind","somnambulantmod: ViralIdea"],"picked":"somnambulantmod: ShimmeringVeil","floor":6},{"not_picked":["somnambulantmod: DeeperSleep","somnambulantmod: InLimbo","somnambulantmod: LeechFears"],"picked":"SKIP","floor":8},{"not_picked":["somnambulantmod: HeavyLids","somnambulantmod: HeadSmack","somnambulantmod: Stumble"],"picked":"SKIP","floor":10},{"not_picked":["somnambulantmod: Unmake","somnambulantmod: Unknow","somnambulantmod: Reject"],"picked":"SKIP","floor":11},{"not_picked":["somnambulantmod: Lucidity","somnambulantmod: GalaxyBrain"],"picked":"somnambulantmod: Refracture","floor":16},{"not_picked":["somnambulantmod: Unknow","somnambulantmod: Repression","somnambulantmod: Bloom"],"picked":"hubris:SharpeningStone","floor":18},{"not_picked":["somnambulantmod: Sleepyhead+1","Warcry+1","somnambulantmod: TrepanningBlow+1"],"picked":"ReplayTheSpireMod:Strike From Hell+1","floor":19},{"not_picked":["infinitespire:SealOfDarkness+","hubris:InfiniteBlow"],"picked":"infinitespire:Menacing","floor":20},{"not_picked":["Sword Boomerang+1","somnambulantmod: Sleepyhead","somnambulantmod: SnuggleUp+1"],"picked":"somnambulantmod: Blink","floor":22}],"player_experience":1018083,"relics_obtained":[{"floor":5,"key":"Dream Catcher"},{"floor":8,"key":"DemoMod:MonsterBlood"},{"floor":9,"key":"DemoMod:Bottle"},{"floor":11,"key":"Shovel"},{"floor":12,"key":"conspire:DecoderRing"},{"floor":15,"key":"theSleuth:ElfEgg"}],"event_choices":[{"damage_healed":0,"gold_gain":0,"player_choice":"2","damage_taken":0,"max_hp_gain":0,"max_hp_loss":0,"event_name":"betterMatch:BetterMatch","floor":3,"gold_loss":0,"cards_obtained":["betterMatch:UncommonCard"]},{"damage_healed":72,"gold_gain":0,"player_choice":"Protect","damage_taken":0,"max_hp_gain":0,"max_hp_loss":72,"event_name":"betterThird:BetterShining","floor":7,"gold_loss":1},{"damage_healed":0,"gold_gain":0,"player_choice":"Donut","damage_taken":0,"max_hp_gain":5,"max_hp_loss":0,"event_name":"Big Fish","floor":14,"gold_loss":0},{"damage_healed":0,"gold_gain":0,"player_choice":"2","damage_taken":0,"max_hp_gain":0,"max_hp_loss":0,"event_name":"betterMatch:BetterMatch","floor":19,"gold_loss":0,"cards_obtained":["betterMatch:CommonCard"]},{"cards_removed":["infinitespire:Menacing"],"damage_healed":5,"gold_gain":0,"player_choice":"Offered Special","damage_taken":0,"max_hp_gain":0,"max_hp_loss":0,"event_name":"Bonfire Elementals","floor":21,"gold_loss":0}],"is_beta":false,"boss_relics":[{"not_picked":["Empty Cage","Painkiller Herb"],"picked":"aspiration:IroncladSkillbook"}],"items_purged_floors":[4,13],"is_endless":false,"potions_floor_spawned":[1,2,16,18],"killed_by":"Book of Stabbing","ascension_level":0}}