{"host":"eutfwpehtd75iaf6","time":1614041287,"event":{"mods":["BaseMod","Colored Map","Minty Spire (QoL Compilation)","Spire with Friends","StSLib"],"gold_per_floor":[112,112,122,136,136,162,162,162,162,190,190,206,217,103,103,103,204,204,223,236,236,256,256,256,284,284,308,189,208,208,208,119,119,119,224,524,544,564,397,407,417,446,466,478,478,488,505,505,73,88,88,88,88,88,88,38,67,67,67],"floor_reached":60,"language":"ENG","playtime":4491,"items_purged":["Strike_R","Strike_R","Strike_R","Bash","Cleave","Havoc+1"],"score":1231,"play_id":"ffa78b03-010f-48b6-9f91-71e1629b16a9","local_time":"20210222194807","is_ascension_mode":false,"campfire_choices":[{"floor":11,"key":"RECALL"},{"data":"Fire Breathing","floor":16,"key":"SMITH"},{"data":"Barricade","floor":24,"key":"SMITH"},{"floor":26,"key":"REST"},{"data":"Power Through","floor":34,"key":"SMITH"},{"data":"PanicButton","floor":48,"key":"SMITH"},{"data":"Body Slam","floor":52,"key":"SMITH"},{"data":"Battle Trance","floor":55,"key":"SMITH"}],"circlet_count":0,"master_deck":["Defend_R","Defend_R","Defend_R","Defend_R","Secret Weapon","Pommel Strike","Power Through","Feed","Spot Weakness","Fire Breathing+1","Barricade+1","PanicButton+1","Power Through+1","Ghostly","Ghostly","Ghostly","Ghostly","Ghostly","Body Slam+1","Impervious","CurseOfTheBell","Wild Strike","Impervious","Second Wind+1","Battle Trance+1"],"relics":["Burning Blood","Toy Ornithopter","The Courier","Lizard Tail","Busted Crown","Lantern","Smiling Mask","Calling Bell","Bronze Scales","Pear","Old Coin","Shovel","InkBottle","HornCleat","Bag of Preparation","Anchor"],"acts_visited":["Exordium","TheCity","TheBeyond","TheEnding"],"potions_floor_usage":[6,6,19,22,22,25,42,42,42,53,59],"damage_taken":[{"damage":6,"enemies":"Jaw Worm","floor":1,"turns":3},{"damage":1,"enemies":"Cultist","floor":3,"turns":3},{"damage":1,"enemies":"2 Louse","floor":4,"turns":2},{"damage":33,"enemies":"3 Sentries","floor":6,"turns":10},{"damage":9,"enemies":"Gremlin Nob","floor":10,"turns":4},{"damage":3,"enemies":"Lots of Slimes","floor":12,"turns":3},{"damage":9,"enemies":"2 Fungi Beasts","floor":13,"turns":3},{"damage":50,"enemies":"The Guardian","floor":17,"turns":13},{"damage":20,"enemies":"3 Byrds","floor":19,"turns":6},{"damage":37,"enemies":"Chosen","floor":20,"turns":5},{"damage":36,"enemies":"3 Cultists","floor":22,"turns":6},{"damage":66,"enemies":"Book of Stabbing","floor":25,"turns":7},{"damage":0,"enemies":"Snecko","floor":29,"turns":8},{"damage":20,"enemies":"Automaton","floor":35,"turns":13},{"damage":5,"enemies":"3 Darklings","floor":37,"turns":7},{"damage":1,"enemies":"3 Shapes","floor":38,"turns":6},{"damage":0,"enemies":"Transient","floor":40,"turns":5},{"damage":8,"enemies":"Spire Growth","floor":41,"turns":6},{"damage":109,"enemies":"Giant Head","floor":42,"turns":13},{"damage":2,"enemies":"Jaw Worm Horde","floor":43,"turns":6},{"damage":2,"enemies":"3 Darklings","floor":44,"turns":7},{"damage":0,"enemies":"Maw","floor":46,"turns":9},{"damage":0,"enemies":"Jaw Worm Horde","floor":47,"turns":6},{"damage":0,"enemies":"3 Darklings","floor":50,"turns":5},{"damage":57,"enemies":"Time Eater","floor":53,"turns":15},{"damage":0,"enemies":"Shield and Spear","floor":57,"turns":8},{"damage":43,"enemies":"The Heart","floor":59,"turns":11}],"seed_played":"-5258741768713209585","potions_obtained":[{"floor":3,"key":"SkillPotion"},{"floor":4,"key":"Fruit Juice"},{"floor":13,"key":"EntropicBrew"},{"floor":17,"key":"SpeedPotion"},{"floor":19,"key":"Dexterity Potion"},{"floor":22,"key":"Regen Potion"},{"floor":25,"key":"LiquidMemories"},{"floor":38,"key":"DuplicationPotion"},{"floor":41,"key":"Fruit Juice"},{"floor":43,"key":"FairyPotion"},{"floor":44,"key":"Ancient Potion"},{"floor":46,"key":"SkillPotion"}],"is_trial":false,"path_per_floor":["M","C","M","M","?","E","T","C","T","E","R","M","M","$","C","R","B",null,"M","M","?","M","?","R","E","R","T","$","M","?","?","$","C","R","B",null,"M","M","$","M","M","E","M","M","T","M","M","R","$","M","C","R","B",null,"R","$","E","C","B",null],"character_chosen":"IRONCLAD","items_purchased":["Fire Breathing","PanicButton","Body Slam","Impervious","HornCleat","Bag of Preparation","Battle Trance"],"campfire_rested":1,"item_purchase_floors":[14,28,32,39,49,49,49],"current_hp_per_floor":[80,80,80,80,80,58,58,58,58,55,55,58,58,58,58,58,14,88,79,51,51,31,31,31,18,45,45,45,51,51,45,45,45,45,31,55,55,55,55,55,53,36,43,47,47,53,59,59,59,63,63,63,15,63,63,63,63,63,26],"gold":67,"neow_bonus":"","is_daily":false,"chose_seed":true,"campfire_upgraded":6,"win_rate":0.0,"timestamp":1614041287,"path_taken":["M","C","M","M","?","E","?","C","T","E","R","M","?","$","C","R","BOSS","M","M","?","?","?","R","E","R","T","$","M","?","?","$","C","R","BOSS","M","M","$","M","M","E","M","M","T","M","M","R","$","M","C","R","BOSS","R","$","E","C","BOSS"],"items_purchased_type":["Card","Card","Card","Card","Relic","Relic","Card"],"build_version":"2020-12-22","purchased_purges":6,"victory":true,"max_hp_per_floor":[80,80,80,80,80,85,85,85,85,85,85,85,88,88,88,88,88,88,88,91,91,91,91,91,91,91,91,91,91,91,45,45,45,45,45,55,55,55,55,55,55,60,63,63,63,63,63,63,63,63,63,63,63,63,63,63,63,63,63],"card_choices":[{"not_picked":["Secret Technique","Mayhem"],"picked":"Secret Weapon","floor":0},{"not_picked":["Disarm","Warcry"],"picked":"Cleave","floor":1},{"not_picked":["Heavy Blade","Metallicize"],"picked":"Pommel Strike","floor":3},{"not_picked":["Armaments","Body Slam"],"picked":"Power Through","floor":4},{"not_picked":["Thunderclap","Heavy Blade","Havoc"],"picked":"SKIP","floor":6},{"not_picked":["Dual Wield","Pommel Strike","Heavy Blade"],"picked":"SKIP","floor":10},{"not_picked":["Pommel Strike","Armaments"],"picked":"Feed","floor":12},{"not_picked":["Rage","Rupture"],"picked":"Spot Weakness","floor":13},{"not_picked":["Exhume","Double Tap"],"picked":"Barricade","floor":17},{"not_picked":["Sword Boomerang"],"picked":"SKIP","floor":19},{"not_picked":["Pommel Strike"],"picked":"SKIP","floor":20},{"not_picked":["Perfected Strike"],"picked":"SKIP","floor":22},{"not_picked":[],"picked":"Havoc+1","floor":25},{"not_picked":["Warcry+1"],"picked":"SKIP","floor":29},{"not_picked":[],"picked":"Impervious","floor":35},{"not_picked":["Iron Wave+1"],"picked":"SKIP","floor":37},{"not_picked":[],"picked":"Wild Strike","floor":38},{"not_picked":["Dual Wield+1"],"picked":"SKIP","floor":40},{"not_picked":["Cleave+1"],"picked":"SKIP","floor":41},{"not_picked":[],"picked":"Second Wind+1","floor":42},{"not_picked":["Havoc+1"],"picked":"SKIP","floor":43},{"not_picked":["Flex"],"picked":"SKIP","floor":44},{"not_picked":["Searing Blow"],"picked":"SKIP","floor":46},{"not_picked":["Dropkick"],"picked":"SKIP","floor":47},{"not_picked":["Seeing Red+1"],"picked":"SKIP","floor":50},{"not_picked":["Pummel+1"],"picked":"SKIP","floor":57}],"player_experience":127597,"relics_obtained":[{"floor":6,"key":"Toy Ornithopter"},{"floor":7,"key":"The Courier"},{"floor":10,"key":"Lizard Tail"},{"floor":25,"key":"Lantern"},{"floor":27,"key":"Smiling Mask"},{"floor":36,"key":"Bronze Scales"},{"floor":36,"key":"Pear"},{"floor":36,"key":"Old Coin"},{"floor":42,"key":"Shovel"},{"floor":45,"key":"InkBottle"},{"floor":57,"key":"Anchor"}],"event_choices":[{"damage_healed":0,"gold_gain":0,"player_choice":"Ignored","damage_taken":0,"max_hp_gain":0,"max_hp_loss":0,"event_name":"Liars Game","floor":5,"gold_loss":0},{"cards_removed":["Strike_R"],"damage_healed":0,"gold_gain":0,"player_choice":"Purged","damage_taken":0,"max_hp_gain":0,"max_hp_loss":0,"event_name":"Purifier","floor":21,"gold_loss":0},{"cards_removed":["Strike_R"],"damage_healed":0,"gold_gain":0,"player_choice":"Elegance","damage_taken":0,"max_hp_gain":0,"max_hp_loss":0,"event_name":"Back to Basics","floor":23,"gold_loss":0},{"damage_healed":0,"gold_gain":0,"player_choice":"Read","damage_taken":0,"max_hp_gain":0,"max_hp_loss":0,"event_name":"The Library","floor":30,"gold_loss":0,"cards_obtained":["Power Through"]},{"damage_healed":0,"gold_gain":0,"player_choice":"Became a Ghost","damage_taken":0,"max_hp_gain":0,"max_hp_loss":46,"event_name":"Ghosts","floor":31,"gold_loss":0,"cards_obtained":["Ghostly","Ghostly","Ghostly","Ghostly","Ghostly"]}],"is_beta":false,"boss_relics":[{"not_picked":["Black Blood","Ectoplasm"],"picked":"Busted Crown"},{"not_picked":["Runic Dome","Snecko Eye"],"picked":"Calling Bell"}],"items_purged_floors":[14,28,32,39,49,56],"is_endless":false,"potions_floor_spawned":[3,4,13,17,19,22,25,38,41,43,44,46],"ascension_level":0}}