{"host":"a1eatafr7pisesky","time":1614058774,"event":{"mods":["AchievementEnabler","BaseMod","Colored Map","Keyboard Shortcuts","Minty Spire (QoL Compilation)","Say the Spire","StSLib","SuperFastMode","everything is the same but u backflip on backflip"],"gold_per_floor":[11,11,24,24,24,24,67,67,67,90,105,129,167,37,52,52,52,52],"floor_reached":17,"language":"KOR","playtime":519,"items_purged":["Strike_B"],"score":213,"play_id":"e28e2188-e26c-44af-9835-9016513b2196","local_time":"20210223143934","is_ascension_mode":true,"campfire_choices":[{"floor":9,"key":"REST"},{"floor":16,"key":"REST"}],"circlet_count":0,"master_deck":["AscendersBane","Strike_B","Strike_B","Defend_B","Defend_B","Defend_B","Defend_B","Zap","Dualcast","Core Surge","Genetic Algorithm","Sunder","Turbo","Core Surge","Barrage","Go for the Eyes"],"relics":["Cracked Core","Golden Idol","Toy Ornithopter","Akabeko","Bottled Lightning","Centennial Puzzle","Eternal Feather"],"acts_visited":["Exordium"],"potions_floor_usage":[13,17],"damage_taken":[{"damage":2.0,"enemies":"Small Slimes","floor":1.0,"turns":3.0},{"damage":1.0,"enemies":"Jaw Worm","floor":3.0,"turns":4.0},{"damage":30,"enemies":"Lagavulin","floor":7,"turns":8},{"damage":0,"enemies":"Exordium Wildlife","floor":11,"turns":3},{"damage":0,"enemies":"Blue Slaver","floor":12,"turns":2},{"damage":20,"enemies":"3 Sentries","floor":13,"turns":5},{"damage":0,"enemies":"Large Slime","floor":15,"turns":4},{"damage":44,"enemies":"Slime Boss","floor":17,"turns":5}],"seed_played":"-4028890704480609230","potions_obtained":[{"floor":1.0,"key":"Swift Potion"},{"floor":11,"key":"SkillPotion"}],"is_trial":false,"path_per_floor":["M","?","M","M","?","?","E","T","R","T","M","M","E","$","M","R","B"],"character_chosen":"DEFECT","items_purchased":["AttackPotion"],"campfire_rested":2,"item_purchase_floors":[14],"current_hp_per_floor":[62,62,61,61,61,35,5,5,24,24,24,24,9,9,9,37,0,0],"gold":52,"neow_bonus":"THREE_RARE_CARDS","is_daily":false,"chose_seed":false,"campfire_upgraded":0,"win_rate":0.0,"timestamp":1614058774,"path_taken":["M","?","M","M","?","?","E","?","R","T","M","M","E","$","M","R","BOSS"],"items_purchased_type":["Potion"],"build_version":"2020-12-22","purchased_purges":1,"victory":false,"max_hp_per_floor":[71,64,64,64,64,64,64,64,64,64,64,64,64,64,64,64,64,64],"card_choices":[{"not_picked":["Machine Learning","Reboot"],"picked":"Core Surge","floor":0.0},{"not_picked":["Blizzard","Steam"],"picked":"Genetic Algorithm","floor":1.0},{"not_picked":["Redo","Coolheaded"],"picked":"Sunder","floor":3.0},{"not_picked":["Reprogram","Streamline"],"picked":"Turbo","floor":7},{"not_picked":["Reinforced Body","Rebound"],"picked":"Core Surge","floor":11},{"not_picked":["Rebound","Leap"],"picked":"Barrage","floor":12},{"not_picked":["Hologram","Heatsinks"],"picked":"Go for the Eyes","floor":13},{"not_picked":["Compile Driver","FTL","Barrage"],"picked":"SKIP","floor":15}],"player_experience":489385,"relics_obtained":[{"floor":7,"key":"Akabeko"},{"floor":8,"key":"Bottled Lightning"},{"floor":10,"key":"Centennial Puzzle"},{"floor":13,"key":"Eternal Feather"}],"event_choices":[{"damage_healed":0.0,"max_hp_gain":0.0,"max_hp_loss":7.0,"gold_gain":0.0,"event_name":"Golden Idol","player_choice":"Lose Max HP","floor":2.0,"gold_loss":0.0,"damage_taken":0.0,"relics_obtained":["Golden Idol"]},{"cards_removed":["Strike_B"],"damage_healed":0.0,"max_hp_gain":0.0,"max_hp_loss":0.0,"gold_gain":0.0,"event_name":"Living Wall","player_choice":"Forget","floor":5.0,"gold_loss":0.0,"damage_taken":0.0},{"damage_healed":0.0,"max_hp_gain":0.0,"max_hp_loss":0.0,"gold_gain":0.0,"event_name":"Scrap Ooze","player_choice":"Success","floor":6.0,"gold_loss":0.0,"damage_taken":26.0,"relics_obtained":["Toy Ornithopter"]}],"is_beta":false,"boss_relics":[],"items_purged_floors":[14],"is_endless":false,"potions_floor_spawned":[1,11],"killed_by":"Slime Boss","ascension_level":17}}