{"host":"f76wcztdlwlduum6","time":1614063735,"event":{"mods":["BaseMod","BetterRewards","Colored Powertips","Minty Spire (QoL Compilation)","Quick Restart","Rare Cards Sparkle","Relic Stats","StSLib","SuperFastMode","everything is the same but u backflip on backflip"],"gold_per_floor":[113,133,148,167,217,250,250,284,284,314,326,86,11,22,22,101,101,119,119,169,188,188,219,219,256,256,296,311,331,369,395,395,478,478,495,126,144,165,184,220,220,251,276,310,337,354,393,393,393,393,393],"floor_reached":52,"language":"ENG","playtime":2710,"items_purged":["Hologram","All For One+1"],"score":2715,"play_id":"a41ffaf4-b067-4bd2-8a22-0b417d448584","local_time":"20210223010215","daily_mods":["Draft","Diverse","Heirloom","Elite Swarm","Lethality"],"is_ascension_mode":true,"campfire_choices":[{"data":"Feel No Pain","floor":7,"key":"SMITH"},{"data":"Buffer","floor":15,"key":"SMITH"},{"data":"Infinite Blades","floor":24,"key":"SMITH"},{"data":"Metallicize","floor":32,"key":"SMITH"},{"data":"After Image","floor":41,"key":"SMITH"},{"data":"Amplify","floor":49,"key":"SMITH"}],"circlet_count":0,"master_deck":["AscendersBane","PiercingWail+1","Infinite Blades+1","Uppercut+1","Hologram+1","Acrobatics+1","Shrug It Off+1","Footwork+1","Battle Trance+1","Meditate+1","Beam Cell+1","Swivel+1","Consecrate+1","Hologram+1","Sweeping Beam+1","Hologram","LessonLearned+1","Blade Dance+1","Feel No Pain+1","DeusExMachina+1","Buffer+1","Seek+1","Blade Dance+1","BootSequence+1","PiercingWail+1","Warcry+1","Seek+1","Malaise+1","Metallicize+1","Buffer+1","Shrug It Off+1","Core Surge+1","Injury","After Image+1","Accuracy+1","After Image+1","DeusExMachina","Amplify+1"],"relics":["Burning Blood","Prayer Wheel","Calipers","Centennial Puzzle","Happy Flower","Molten Egg 2","Whetstone","Philosopher\u0027s Stone","MutagenicStrength","Boot","CeramicFish","Bird Faced Urn","Gambling Chip","HornCleat","SlaversCollar","Membership Card","Turnip","Letter Opener","Strawberry","Smiling Mask","StrikeDummy","Akabeko","Sundial"],"acts_visited":["Exordium","TheCity","TheBeyond"],"potions_floor_usage":[6,8,16,25,25,46,51],"damage_taken":[{"damage":6,"enemies":"Cultist","floor":1,"turns":3},{"damage":0,"enemies":"2 Louse","floor":2,"turns":2},{"damage":6,"enemies":"Small Slimes","floor":3,"turns":4},{"damage":0,"enemies":"Blue Slaver","floor":4,"turns":2},{"damage":22,"enemies":"Gremlin Nob","floor":6,"turns":4},{"damage":14,"enemies":"3 Sentries","floor":8,"turns":4},{"damage":14,"enemies":"Gremlin Nob","floor":10,"turns":4},{"damage":22,"enemies":"Exordium Thugs","floor":11,"turns":3},{"damage":10,"enemies":"Looter","floor":14,"turns":2},{"damage":0,"enemies":"Slime Boss","floor":16,"turns":7},{"damage":2,"enemies":"2 Thieves","floor":18,"turns":2},{"damage":14,"enemies":"Spheric Guardian","floor":21,"turns":4},{"damage":48,"enemies":"Slavers","floor":23,"turns":6},{"damage":0,"enemies":"Gremlin Leader","floor":25,"turns":5},{"damage":11,"enemies":"Slavers","floor":27,"turns":5},{"damage":8,"enemies":"Shelled Parasite and Fungi","floor":28,"turns":3},{"damage":0,"enemies":"Snake Plant","floor":29,"turns":2},{"damage":16,"enemies":"Book of Stabbing","floor":30,"turns":4},{"damage":0,"enemies":"Centurion and Healer","floor":31,"turns":4},{"damage":0,"enemies":"Automaton","floor":33,"turns":9},{"damage":11,"enemies":"Orb Walker","floor":35,"turns":2},{"damage":0,"enemies":"3 Darklings","floor":38,"turns":5},{"damage":0,"enemies":"4 Shapes","floor":39,"turns":5},{"damage":8,"enemies":"Giant Head","floor":40,"turns":3},{"damage":0,"enemies":"Nemesis","floor":42,"turns":7},{"damage":0,"enemies":"Giant Head","floor":44,"turns":5},{"damage":0,"enemies":"Maw","floor":46,"turns":5},{"damage":4,"enemies":"Nemesis","floor":47,"turns":3},{"damage":25,"enemies":"Awakened One","floor":50,"turns":8},{"damage":0,"enemies":"Time Eater","floor":51,"turns":12}],"seed_played":"-8684858194124484664","potions_obtained":[{"floor":4,"key":"Fire Potion"},{"floor":6,"key":"AttackPotion"},{"floor":10,"key":"Explosive Potion"},{"floor":18,"key":"DistilledChaos"},{"floor":29,"key":"SpeedPotion"},{"floor":31,"key":"Strength Potion"},{"floor":42,"key":"DistilledChaos"},{"floor":46,"key":"SmokeBomb"}],"is_trial":true,"path_per_floor":["M","M","M","M","?","E","R","E","T","E","M","$","$","M","R","B",null,"M","?","?","M","?","E","R","E","T","E","M","M","E","M","R","B",null,"M","$","?","M","M","E","R","E","T","E","T","M","E","?","R","B","B",null],"character_chosen":"IRONCLAD","items_purchased":["Whetstone","DuplicationPotion","Membership Card","Turnip"],"campfire_rested":0,"item_purchase_floors":[12,12,36,36],"current_hp_per_floor":[68,74,74,75,68,52,52,44,44,36,20,20,20,16,16,22,62,66,66,66,58,58,16,16,22,22,25,29,41,41,59,59,75,75,72,72,72,75,75,75,75,82,82,82,82,82,82,82,82,77,82],"gold":393,"neow_bonus":"","is_daily":false,"chose_seed":false,"campfire_upgraded":6,"win_rate":0.0,"timestamp":1614063735,"path_taken":["M","?","M","?","?","E","R","E","T","E","M","?","$","M","R","BOSS","M","?","?","M","?","E","R","E","T","E","?","M","E","M","R","BOSS","M","$","?","M","?","E","R","E","T","E","?","M","E","?","R","BOSS","BOSS"],"items_purchased_type":["Relic","Potion","Relic","Relic"],"build_version":"2020-12-22","purchased_purges":2,"victory":true,"max_hp_per_floor":[75,75,75,75,75,75,75,75,75,75,75,75,75,75,75,75,75,75,75,75,75,75,75,75,75,75,75,75,75,75,75,75,75,75,75,75,75,75,75,75,75,82,82,82,82,82,82,82,82,82,82],"relic_stats":{"Happy Flower":[38],"counters":[30,134],"CeramicFish":108,"Whetstone":["LessonLearned","Consecrate"],"Letter Opener":[144],"Boot":[79],"Smiling Mask":0,"Burning Blood":129,"Centennial Puzzle":[45],"Sundial":[2],"Bird Faced Urn":[86],"Gambling Chip":[31],"Prayer Wheel":15,"Turnip":[8],"obtain_stats":[{"Calipers":6,"Happy Flower":9,"CeramicFish":25,"Whetstone":12,"Letter Opener":40,"Boot":23,"Smiling Mask":43,"Burning Blood":0,"Akabeko":45,"SlaversCollar":34,"Centennial Puzzle":8,"HornCleat":30,"Sundial":47,"MutagenicStrength":19,"Bird Faced Urn":26,"Gambling Chip":27,"Strawberry":42,"Prayer Wheel":0,"Molten Egg 2":10,"Philosopher\u0027s Stone":17,"Turnip":36,"Membership Card":36,"StrikeDummy":44},{"Calipers":5,"Happy Flower":6,"CeramicFish":14,"Whetstone":8,"Letter Opener":24,"Boot":13,"Smiling Mask":25,"Burning Blood":0,"Akabeko":26,"SlaversCollar":20,"Centennial Puzzle":6,"HornCleat":18,"Sundial":28,"MutagenicStrength":11,"Bird Faced Urn":14,"Gambling Chip":15,"Strawberry":25,"Prayer Wheel":0,"Molten Egg 2":7,"Philosopher\u0027s Stone":10,"Turnip":21,"Membership Card":21,"StrikeDummy":26},{"Calipers":15,"Happy Flower":19,"CeramicFish":52,"Whetstone":26,"Letter Opener":94,"Boot":47,"Smiling Mask":101,"Burning Blood":0,"Akabeko":106,"SlaversCollar":79,"Centennial Puzzle":19,"HornCleat":66,"Sundial":114,"MutagenicStrength":37,"Bird Faced Urn":52,"Gambling Chip":57,"Strawberry":101,"Prayer Wheel":0,"Molten Egg 2":23,"Philosopher\u0027s Stone":35,"Turnip":81,"Membership Card":81,"StrikeDummy":106}]},"card_choices":[{"not_picked":["Sword Boomerang","Warcry"],"picked":"PiercingWail","floor":0},{"not_picked":["FollowUp","Go for the Eyes"],"picked":"Infinite Blades","floor":0},{"not_picked":["WaveOfTheHand","Clothesline"],"picked":"Uppercut","floor":0},{"not_picked":["Reflex","Outmaneuver"],"picked":"Hologram","floor":0},{"not_picked":["Streamline","Combust"],"picked":"Acrobatics","floor":0},{"not_picked":["Dropkick","Nirvana"],"picked":"Shrug It Off","floor":0},{"not_picked":["Beam Cell","Anger"],"picked":"Footwork","floor":0},{"not_picked":["ThirdEye","Prepared"],"picked":"Battle Trance","floor":0},{"not_picked":["Stack","Rampage"],"picked":"Meditate","floor":0},{"not_picked":["Heel Hook","Predator"],"picked":"Beam Cell","floor":0},{"not_picked":["Adaptation","Anger"],"picked":"Swivel","floor":0},{"not_picked":["Disarm","Sucker Punch"],"picked":"Hologram","floor":0},{"not_picked":["Rebound","Go for the Eyes"],"picked":"Consecrate","floor":0},{"not_picked":["Streamline","Go for the Eyes"],"picked":"Hologram","floor":0},{"not_picked":["Leap","Barrage"],"picked":"Sweeping Beam","floor":0},{"not_picked":["Flying Knee","Anger"],"picked":"Hologram","floor":1},{"not_picked":["Chill","Armaments","Tactician"],"picked":"SKIP","floor":1},{"not_picked":["LikeWater","Pummel"],"picked":"LessonLearned","floor":2},{"not_picked":["Stack","CutThroughFate","Searing Blow"],"picked":"SKIP","floor":2},{"not_picked":["Deflect","Wild Strike"],"picked":"Blade Dance","floor":3},{"not_picked":["EmptyMind","All Out Attack","Body Slam"],"picked":"SKIP","floor":3},{"not_picked":["Coolheaded","Feel No Pain","Pummel"],"picked":"SKIP","floor":4},{"not_picked":["Consecrate","Go for the Eyes","Sweeping Beam"],"picked":"SKIP","floor":4},{"not_picked":["Coolheaded","Pummel"],"picked":"Feel No Pain","floor":4},{"not_picked":["Consecrate","Go for the Eyes","Sweeping Beam"],"picked":"SKIP","floor":4},{"not_picked":["DevaForm","All For One"],"picked":"DeusExMachina","floor":6},{"not_picked":["Alpha","Immolate"],"picked":"Buffer","floor":8},{"not_picked":["Storm of Steel","Devotion"],"picked":"Seek","floor":10},{"not_picked":["Redo","Prepared","CrushJoints+1"],"picked":"SKIP","floor":11},{"not_picked":["Power Through","Sweeping Beam+1","Flying Knee+1"],"picked":"SKIP","floor":11},{"not_picked":["Sword Boomerang+1","Double Tap"],"picked":"Blade Dance","floor":14},{"not_picked":["Conserve Battery","FTL+1"],"picked":"BootSequence","floor":14},{"not_picked":["Cold Snap+1","SashWhip+1"],"picked":"PiercingWail","floor":18},{"not_picked":["Stack+1","JustLucky+1","Leap"],"picked":"SKIP","floor":18},{"not_picked":["Dagger Spray+1","Quick Slash+1"],"picked":"Warcry","floor":21},{"not_picked":["BattleHymn","Halt","Backflip"],"picked":"SKIP","floor":21},{"not_picked":["MasterReality","Thunder Strike+1"],"picked":"All For One+1","floor":23},{"not_picked":["Berserk","After Image"],"picked":"Seek","floor":25},{"not_picked":["Fiend Fire+1","ConjureBlade"],"picked":"Malaise","floor":27},{"not_picked":["Underhanded Strike+1","Compile Driver+1","LikeWater"],"picked":"SKIP","floor":28},{"not_picked":["CrushJoints+1","Ball Lightning+1","Barrage+1"],"picked":"SKIP","floor":28},{"not_picked":["Cloak And Dagger","FearNoEvil+1"],"picked":"Metallicize","floor":29},{"not_picked":["Havoc","Second Wind","Hologram"],"picked":"SKIP","floor":29},{"not_picked":["DevaForm","Judgement"],"picked":"Buffer","floor":30},{"not_picked":["Compile Driver+1","Evolve"],"picked":"Shrug It Off","floor":31},{"not_picked":["ClearTheMind","All Out Attack+1","Deadly Poison"],"picked":"SKIP","floor":31},{"not_picked":["Double Tap","Doppelganger"],"picked":"Core Surge+1","floor":33},{"not_picked":["Vengeance","Body Slam+1","Backflip"],"picked":"SKIP","floor":35},{"not_picked":["Streamline+1","FollowUp+1","FlyingSleeves+1"],"picked":"SKIP","floor":35},{"not_picked":["Warcry","True Grit"],"picked":"Accuracy+1","floor":38},{"not_picked":["FlyingSleeves+1","CarveReality+1","Vengeance"],"picked":"SKIP","floor":38},{"not_picked":["Sucker Punch+1","Reinforced Body","SandsOfTime+1"],"picked":"SKIP","floor":39},{"not_picked":["Dagger Spray+1","Ragnarok+1","Backflip"],"picked":"SKIP","floor":39},{"not_picked":["LessonLearned+1","Adrenaline"],"picked":"After Image","floor":40},{"not_picked":["Grand Finale+1","Fission","Wraith Form v2"],"picked":"SKIP","floor":42},{"not_picked":["Reboot","Scrawl"],"picked":"DeusExMachina","floor":44},{"not_picked":["Storm","Hello World","EmptyBody"],"picked":"SKIP","floor":46},{"not_picked":["Ball Lightning+1","Heavy Blade+1","Redo"],"picked":"SKIP","floor":46},{"not_picked":["ConjureBlade","Brilliance+1"],"picked":"Amplify","floor":47}],"player_experience":378489,"relics_obtained":[{"floor":6,"key":"Calipers"},{"floor":8,"key":"Centennial Puzzle"},{"floor":9,"key":"Happy Flower"},{"floor":10,"key":"Molten Egg 2"},{"floor":23,"key":"Boot"},{"floor":25,"key":"CeramicFish"},{"floor":26,"key":"Bird Faced Urn"},{"floor":27,"key":"Gambling Chip"},{"floor":30,"key":"HornCleat"},{"floor":40,"key":"Letter Opener"},{"floor":42,"key":"Strawberry"},{"floor":43,"key":"Smiling Mask"},{"floor":44,"key":"StrikeDummy"},{"floor":45,"key":"Akabeko"},{"floor":47,"key":"Sundial"}],"event_choices":[{"damage_healed":0,"gold_gain":50,"player_choice":"Touch","damage_taken":7,"max_hp_gain":0,"max_hp_loss":0,"event_name":"FaceTrader","floor":5,"gold_loss":0},{"damage_healed":0,"gold_gain":0,"player_choice":"Inject Mutagens","damage_taken":0,"relics_obtained":["MutagenicStrength"],"max_hp_gain":0,"max_hp_loss":0,"event_name":"Drug Dealer","floor":19,"gold_loss":0},{"damage_healed":0,"gold_gain":50,"player_choice":"Stole From Cult","damage_taken":0,"max_hp_gain":0,"max_hp_loss":0,"event_name":"Nest","floor":20,"gold_loss":0},{"damage_healed":0,"gold_gain":0,"player_choice":"Ignored","damage_taken":0,"max_hp_gain":0,"max_hp_loss":0,"event_name":"Ghosts","floor":22,"gold_loss":0},{"damage_healed":0,"gold_gain":0,"player_choice":"2 cards matched","damage_taken":0,"max_hp_gain":0,"max_hp_loss":0,"event_name":"Match and Keep!","floor":37,"gold_loss":0,"cards_obtained":["Injury","After Image"]},{"damage_healed":0,"gold_gain":0,"player_choice":"Ignored","damage_taken":0,"max_hp_gain":0,"max_hp_loss":0,"event_name":"Tomb of Lord Red Mask","floor":48,"gold_loss":0}],"is_beta":false,"boss_relics":[{"not_picked":["Runic Cube","Mark of Pain"],"picked":"Philosopher\u0027s Stone"},{"not_picked":["Velvet Choker","Black Blood"],"picked":"SlaversCollar"}],"items_purged_floors":[13,36],"is_endless":false,"potions_floor_spawned":[4,6,10,18,29,31,33,39,40,42,46],"ascension_level":20}}