{"host":"s41rn2jhghpwfrvz","time":1614120931,"event":{"mods":["BaseMod","Minty Spire (QoL Compilation)","Quick Restart","Relic Stats","SuperFastMode"],"gold_per_floor":[110,130,130,149,169,203,203,216,216,247,247,272,197,207,207,279,279,293,327,327,227,227,257,79,107,131,131,131,161,176,203,203,275,275,295,127,127,137,152,177,177,189,189,520,742,776,789,821,821,821,821,821,821,106,141,141],"floor_reached":57,"language":"ENG","playtime":1763,"items_purged":["Tactician","Calculated Gamble","Cloak And Dagger"],"score":4107,"play_id":"dfd12e9b-88b6-4a4a-b615-ae311497a3a3","local_time":"20210224005531","daily_mods":["SealedDeck","Diverse","Elite Swarm"],"is_ascension_mode":true,"campfire_choices":[{"data":"Barricade","floor":7,"key":"SMITH"},{"data":"Offering","floor":11,"key":"SMITH"},{"data":"Blade Dance","floor":15,"key":"SMITH"},{"data":"Body Slam","floor":27,"key":"SMITH"},{"data":"Feel No Pain","floor":32,"key":"SMITH"},{"data":"Prostrate","floor":41,"key":"SMITH"},{"floor":49,"key":"RECALL"},{"data":"Scrawl","floor":53,"key":"SMITH"}],"circlet_count":0,"master_deck":["AscendersBane","Beam Cell","Blade Dance+1","Prostrate+1","Chill","Feel No Pain+1","Backflip","Venomology","Barricade+1","Offering+1","Body Slam+1","Scrawl+1","Evolve"],"relics":["Burning Blood","Kunai","Shovel","TungstenRod","Peace Pipe","Black Star","Red Mask","Ginger","Akabeko","HornCleat","Oddly Smooth Stone","Centennial Puzzle","Pantograph","Omamori","Blue Candle","Bronze Scales","Empty Cage","Boot","Regal Pillow","Gambling Chip","Old Coin","Nunchaku","Mummified Hand","Ancient Tea Set","Blood Vial","Champion Belt","Paper Frog","Happy Flower","Lee\u0027s Waffle","Bag of Preparation","Torii"],"acts_visited":["Exordium","TheCity","TheBeyond","TheEnding"],"potions_floor_usage":[5,6,6,8,8,10,10,16,16,18,19,19,29,31,33,35,38,39,42,44,47,47,48,48,50,50,55,55,56],"damage_taken":[{"damage":0,"enemies":"Small Slimes","floor":1,"turns":4},{"damage":0,"enemies":"Cultist","floor":2,"turns":4},{"damage":0,"enemies":"2 Louse","floor":4,"turns":4},{"damage":0,"enemies":"Blue Slaver","floor":5,"turns":5},{"damage":0,"enemies":"Lagavulin","floor":6,"turns":4},{"damage":0,"enemies":"Looter","floor":8,"turns":4},{"damage":0,"enemies":"3 Sentries","floor":10,"turns":13},{"damage":5,"enemies":"Lagavulin","floor":12,"turns":6},{"damage":5,"enemies":"Red Slaver","floor":14,"turns":3},{"damage":8,"enemies":"The Guardian","floor":16,"turns":6},{"damage":5,"enemies":"2 Thieves","floor":18,"turns":4},{"damage":5,"enemies":"Masked Bandits","floor":19,"turns":6},{"damage":5,"enemies":"Gremlin Leader","floor":23,"turns":5},{"damage":5,"enemies":"Book of Stabbing","floor":25,"turns":3},{"damage":5,"enemies":"Gremlin Leader","floor":29,"turns":2},{"damage":6,"enemies":"Shell Parasite","floor":30,"turns":2},{"damage":5,"enemies":"Book of Stabbing","floor":31,"turns":2},{"damage":5,"enemies":"Collector","floor":33,"turns":3},{"damage":5,"enemies":"3 Darklings","floor":35,"turns":2},{"damage":5,"enemies":"Orb Walker","floor":38,"turns":2},{"damage":5,"enemies":"3 Darklings","floor":39,"turns":3},{"damage":5,"enemies":"Giant Head","floor":40,"turns":3},{"damage":5,"enemies":"Maw","floor":42,"turns":2},{"damage":5,"enemies":"Nemesis","floor":44,"turns":3},{"damage":5,"enemies":"Reptomancer","floor":46,"turns":3},{"damage":5,"enemies":"Sphere and 2 Shapes","floor":47,"turns":1},{"damage":5,"enemies":"Nemesis","floor":48,"turns":3},{"damage":5,"enemies":"Donu and Deca","floor":50,"turns":3},{"damage":5,"enemies":"Awakened One","floor":51,"turns":4},{"damage":7,"enemies":"Shield and Spear","floor":55,"turns":3},{"damage":9,"enemies":"The Heart","floor":56,"turns":4}],"seed_played":"-6486681700335851465","potions_obtained":[{"floor":2,"key":"Weak Potion"},{"floor":6,"key":"DuplicationPotion"},{"floor":16,"key":"SteroidPotion"},{"floor":23,"key":"Dexterity Potion"},{"floor":30,"key":"BloodPotion"},{"floor":46,"key":"PowerPotion"}],"is_trial":true,"path_per_floor":["M","M","?","M","M","E","R","M","T","E","R","E","$","M","R","B",null,"M","?","?","$","?","E","$","E","T","R","?","E","M","E","R","B",null,"M","$","?","M","M","E","R","M","T","E","?","E","M","E","R","B","B",null,"R","$","E","B",null],"character_chosen":"IRONCLAD","items_purchased":["Body Slam","Boot","Evolve","Paper Frog","Happy Flower","SkillPotion","Lee\u0027s Waffle"],"campfire_rested":0,"item_purchase_floors":[24,36,54,54,54,54,54],"current_hp_per_floor":[74,75,75,75,75,75,75,75,75,75,75,75,75,75,75,75,75,75,75,75,75,75,75,75,75,75,75,55,72,72,80,80,80,80,80,80,77,78,79,80,80,80,80,80,80,80,80,80,80,80,80,80,80,87,86,84],"gold":141,"neow_bonus":"","is_daily":false,"chose_seed":false,"campfire_upgraded":7,"win_rate":0.0,"timestamp":1614120931,"path_taken":["M","M","?","?","M","E","R","M","T","E","R","E","$","M","R","BOSS","M","?","?","$","?","E","$","E","T","R","?","E","M","E","R","BOSS","M","$","?","?","M","E","R","M","T","E","?","E","M","E","R","BOSS","BOSS","R","$","E","BOSS"],"items_purchased_type":["Card","Relic","Card","Relic","Relic","Potion","Relic"],"build_version":"2020-12-22","purchased_purges":3,"victory":true,"max_hp_per_floor":[75,75,75,75,75,75,75,75,75,75,75,75,75,75,75,75,75,75,75,75,75,75,75,75,75,75,75,80,80,80,80,80,80,80,80,80,80,80,80,80,80,80,80,80,80,80,80,80,80,80,80,80,80,87,87,87],"relic_stats":{"Regal Pillow":0,"Lee\u0027s Waffle":7,"Happy Flower":[2],"Torii":0,"counters":[31,116],"Blue Candle":[0],"Bag of Preparation":[2],"Ginger":[8],"Boot":[173],"Burning Blood":130,"Peace Pipe":0,"Blood Vial":1,"Centennial Puzzle":[50],"Nunchaku":[18],"Shovel":0,"Mummified Hand":[17],"Pantograph":0,"Bronze Scales":[114],"Gambling Chip":[5],"Black Star":9,"Kunai":[122],"Champion Belt":[19],"obtain_stats":[{"Regal Pillow":40,"Torii":55,"Bag of Preparation":55,"Ginger":23,"Empty Cage":34,"Boot":36,"Ancient Tea Set":46,"Burning Blood":0,"Old Coin":44,"Blood Vial":48,"Centennial Puzzle":26,"Nunchaku":44,"Shovel":9,"HornCleat":25,"Mummified Hand":46,"Pantograph":29,"Gambling Chip":40,"Red Mask":19,"Kunai":6,"Paper Frog":54,"Lee\u0027s Waffle":54,"Happy Flower":54,"Blue Candle":31,"Oddly Smooth Stone":25,"Omamori":29,"Akabeko":23,"Peace Pipe":12,"Bronze Scales":31,"Black Star":17,"Champion Belt":48,"TungstenRod":10},{"Regal Pillow":22,"Torii":30,"Bag of Preparation":30,"Ginger":13,"Empty Cage":18,"Boot":19,"Ancient Tea Set":25,"Burning Blood":0,"Old Coin":24,"Blood Vial":27,"Centennial Puzzle":14,"Nunchaku":24,"Shovel":6,"HornCleat":14,"Mummified Hand":25,"Pantograph":15,"Gambling Chip":22,"Red Mask":12,"Kunai":5,"Paper Frog":29,"Lee\u0027s Waffle":29,"Happy Flower":29,"Blue Candle":17,"Oddly Smooth Stone":14,"Omamori":15,"Akabeko":13,"Peace Pipe":8,"Bronze Scales":17,"Black Star":10,"Champion Belt":27,"TungstenRod":7},{"Regal Pillow":90,"Torii":112,"Bag of Preparation":112,"Ginger":68,"Empty Cage":80,"Boot":82,"Ancient Tea Set":98,"Burning Blood":0,"Old Coin":95,"Blood Vial":102,"Centennial Puzzle":71,"Nunchaku":95,"Shovel":25,"HornCleat":71,"Mummified Hand":98,"Pantograph":73,"Gambling Chip":90,"Red Mask":63,"Kunai":21,"Paper Frog":109,"Lee\u0027s Waffle":109,"Happy Flower":109,"Blue Candle":77,"Oddly Smooth Stone":71,"Omamori":73,"Akabeko":68,"Peace Pipe":44,"Bronze Scales":77,"Black Star":53,"Champion Belt":102,"TungstenRod":38}],"TungstenRod":33},"card_choices":[{"not_picked":["Perfected Strike","JustLucky"],"picked":"Backflip","floor":1},{"not_picked":["Storm","EmptyBody","Iron Wave"],"picked":"SKIP","floor":2},{"not_picked":["Evaluate","Consecrate","Blood for Blood"],"picked":"SKIP","floor":4},{"not_picked":["Wallop","Conserve Battery","Force Field"],"picked":"SKIP","floor":5},{"not_picked":["Devotion","Tools of the Trade"],"picked":"Barricade","floor":6},{"not_picked":["Steam","SignatureMove","Bane"],"picked":"SKIP","floor":8},{"not_picked":["Immolate","After Image"],"picked":"Offering","floor":10},{"not_picked":["Phantasmal Killer","Berserk","Storm of Steel"],"picked":"SKIP","floor":12},{"not_picked":["Storm","Expertise","Terror"],"picked":"SKIP","floor":14},{"not_picked":["Iron Wave","Consume","FlurryOfBlows"],"picked":"SKIP","floor":18},{"not_picked":["Feed","A Thousand Cuts","Phantasmal Killer"],"picked":"SKIP","floor":23},{"not_picked":["Meteor Strike","Ragnarok","A Thousand Cuts"],"picked":"SKIP","floor":25},{"not_picked":["Omniscience","Biased Cognition","A Thousand Cuts"],"picked":"SKIP","floor":29},{"not_picked":["Bouncing Flask","Bane","Sucker Punch"],"picked":"SKIP","floor":30},{"not_picked":["Reboot","Malaise","Juggernaut"],"picked":"SKIP","floor":31},{"not_picked":["Consecrate+1","Havoc+1","Blade Dance"],"picked":"SKIP","floor":35},{"not_picked":["Catalyst+1","Expertise","White Noise"],"picked":"SKIP","floor":38},{"not_picked":["Iron Wave","CarveReality","White Noise"],"picked":"SKIP","floor":39},{"not_picked":["MasterReality","Storm of Steel"],"picked":"Scrawl","floor":40},{"not_picked":["Evaluate","Coolheaded","Cloak And Dagger"],"picked":"SKIP","floor":42},{"not_picked":["Judgement","Blasphemy","SpiritShield"],"picked":"SKIP","floor":44},{"not_picked":["Burst","Envenom","Corruption"],"picked":"SKIP","floor":46},{"not_picked":["MentalFortress","BowlingBash","Evaluate"],"picked":"SKIP","floor":47},{"not_picked":["Fission","ConjureBlade","Machine Learning"],"picked":"SKIP","floor":48},{"not_picked":["Tools of the Trade","Seek","Unload"],"picked":"SKIP","floor":55}],"player_experience":2000188,"relics_obtained":[{"floor":6,"key":"Kunai"},{"floor":9,"key":"Shovel"},{"floor":10,"key":"TungstenRod"},{"floor":12,"key":"Peace Pipe"},{"floor":19,"key":"Red Mask"},{"floor":23,"key":"Ginger"},{"floor":23,"key":"Akabeko"},{"floor":25,"key":"HornCleat"},{"floor":25,"key":"Oddly Smooth Stone"},{"floor":26,"key":"Centennial Puzzle"},{"floor":29,"key":"Pantograph"},{"floor":29,"key":"Omamori"},{"floor":31,"key":"Blue Candle"},{"floor":31,"key":"Bronze Scales"},{"floor":40,"key":"Regal Pillow"},{"floor":40,"key":"Gambling Chip"},{"floor":44,"key":"Old Coin"},{"floor":44,"key":"Nunchaku"},{"floor":46,"key":"Mummified Hand"},{"floor":46,"key":"Ancient Tea Set"},{"floor":48,"key":"Blood Vial"},{"floor":48,"key":"Champion Belt"},{"floor":55,"key":"Bag of Preparation"},{"floor":55,"key":"Torii"}],"event_choices":[{"damage_healed":0,"gold_gain":0,"player_choice":"1 cards matched","damage_taken":0,"max_hp_gain":0,"max_hp_loss":0,"event_name":"Match and Keep!","floor":3,"gold_loss":0,"cards_obtained":["Venomology"]},{"damage_healed":0,"gold_gain":0,"player_choice":"Fought Bandits","damage_taken":0,"max_hp_gain":0,"max_hp_loss":0,"event_name":"Masked Bandits","floor":19,"gold_loss":0},{"damage_healed":0,"gold_gain":0,"player_choice":"Ignored","damage_taken":0,"max_hp_gain":0,"max_hp_loss":0,"event_name":"Cursed Tome","floor":20,"gold_loss":0},{"damage_healed":0,"gold_gain":0,"player_choice":"Ignored","damage_taken":0,"max_hp_gain":0,"max_hp_loss":0,"event_name":"Ghosts","floor":22,"gold_loss":0},{"damage_healed":0,"gold_gain":0,"player_choice":"Shed Blood","damage_taken":26,"max_hp_gain":5,"max_hp_loss":0,"event_name":"Forgotten Altar","floor":28,"gold_loss":0},{"damage_healed":0,"gold_gain":0,"player_choice":"Bought 0 Potions","damage_taken":0,"max_hp_gain":0,"max_hp_loss":0,"event_name":"The Woman in Blue","floor":37,"gold_loss":0},{"damage_healed":0,"gold_gain":222,"player_choice":"Wore Mask","damage_taken":0,"max_hp_gain":0,"max_hp_loss":0,"event_name":"Tomb of Lord Red Mask","floor":45,"gold_loss":0}],"is_beta":false,"boss_relics":[{"not_picked":["Busted Crown","Cursed Key"],"picked":"Black Star"},{"not_picked":["Velvet Choker","Mark of Pain"],"picked":"Empty Cage"}],"items_purged_floors":[13,21,24],"is_endless":false,"potions_floor_spawned":[2,6,8,16,19,23,30,35,39,42,44,46],"ascension_level":20}}