{"host":"7yuv8uj1t8ip67ez","time":1614119732,"event":{"mods":["BaseMod","Best Route Mod","Bestiary","Block Reminder","Colored Map","Colored Powertips","Curses Come First","DeckTracker","Highlight Path","Keyboard Shortcuts","Minty Spire (QoL Compilation)","Potion Indicator Mod","Quick Restart","Random Character Button","Relic Sorter","StSLib"],"gold_per_floor":[117,127,22,34,53,80,80,80,80],"floor_reached":8,"language":"ENG","playtime":1179,"items_purged":[],"score":67,"play_id":"4b5b5183-72a9-44e8-b2bb-3038dbb3d6ac","local_time":"20210223143532","is_ascension_mode":true,"campfire_choices":[{"floor":7,"key":"REST"}],"circlet_count":0,"master_deck":["Strike_P","Strike_P","Strike_P","Strike_P","Defend_P","Defend_P","Defend_P","Defend_P","Eruption","Vigilance","Transmutation","Prostrate","Adaptation","Blind","FollowUp","SashWhip","Pray","Wireheading"],"relics":["PureWater","Dream Catcher"],"acts_visited":["Exordium"],"potions_floor_usage":[],"damage_taken":[{"damage":5,"enemies":"Small Slimes","floor":1,"turns":4},{"damage":0,"enemies":"Cultist","floor":2,"turns":4},{"damage":8,"enemies":"Jaw Worm","floor":4,"turns":4},{"damage":9,"enemies":"Exordium Thugs","floor":5,"turns":5},{"damage":48,"enemies":"Lagavulin","floor":6,"turns":11},{"damage":68,"enemies":"Gremlin Nob","floor":8,"turns":5}],"seed_played":"5145394433959125558","potions_obtained":[{"floor":1,"key":"DuplicationPotion"},{"floor":2,"key":"FairyPotion"}],"is_trial":false,"path_per_floor":["M","M","$","M","M","E","R","E"],"character_chosen":"WATCHER","items_purchased":["Blind","FollowUp"],"campfire_rested":1,"item_purchase_floors":[3,3],"current_hp_per_floor":[60,60,60,52,43,16,35,0,0],"gold":80,"neow_bonus":"RANDOM_COLORLESS_2","is_daily":false,"chose_seed":false,"campfire_upgraded":0,"win_rate":0.0,"timestamp":1614119732,"path_taken":["M","M","$","M","M","E","R","E"],"items_purchased_type":["Card","Card"],"build_version":"2020-12-22","purchased_purges":0,"victory":false,"max_hp_per_floor":[65,65,65,65,65,65,65,65,65],"card_choices":[{"not_picked":["Master of Strategy","Metamorphosis"],"picked":"Transmutation","floor":0},{"not_picked":["Conclude","ForeignInfluence"],"picked":"Prostrate","floor":1},{"not_picked":["Weave","Collect"],"picked":"Adaptation","floor":2},{"not_picked":["FollowUp","CutThroughFate","PathToVictory"],"picked":"SKIP","floor":4},{"not_picked":["CutThroughFate","Adaptation"],"picked":"SashWhip","floor":5},{"not_picked":["FlurryOfBlows","Sanctity","Pray"],"picked":"SKIP","floor":6},{"not_picked":["FlurryOfBlows","Sanctity"],"picked":"Pray","floor":6},{"not_picked":["CrushJoints","Protect"],"picked":"Wireheading","floor":7}],"player_experience":501203,"relics_obtained":[{"floor":6,"key":"Dream Catcher"}],"event_choices":[],"is_beta":false,"boss_relics":[],"items_purged_floors":[],"is_endless":false,"potions_floor_spawned":[1,2],"killed_by":"Gremlin Nob","ascension_level":3}}