{"host":"hemqwg9ve6welna9","time":1614122681,"event":{"mods":["2.2 Compatiblity","AchievementEnabler","Act Like it!","BaseMod","Beaked The Cultist","Bestiary","Better Match","Better Note","Better Third Choice","BetterRewards","Conspire","Curses Come First","Dio Mod","Downfall","Gremlin Mod","Hermit","Highlight Path","Hubris","Melee Mod","Minty Spire (QoL Compilation)","Permanent Neow","Potionbrewer","Quick Restart","Rare Cards Sparkle","Relic Stats","Reliquary","Robot Space Explorer","Ruina","SOS???????","Shop Mod","StSLib","SuperFastMode","Td1madao Mod","The Bug Knight","The Cursed","The Disciple","The Forsaken","The Hierophant","The Jungle","The Marked","The Runesmith","The Senshi","The Servant 0.9.4","The Wild Card","TheBandit","TheVacant","UnlockEverythingMod","everything is the same but u backflip on backflip"],"gold_per_floor":[111,111,130,149,149,149,49,80,104,124,138,138,154,170,170,265,265,280,280,12,32,32,32,46,73,73,73],"floor_reached":26,"language":"ENG","playtime":2443,"items_purged":[],"score":330,"play_id":"4651a9dd-3993-4bff-aa08-d62d1bbdd385","local_time":"20210223172441","is_ascension_mode":false,"campfire_choices":[{"data":"Ghostly","floor":12.0,"key":"SMITH"},{"floor":15.0,"key":"REST"},{"data":"theSenshi:MoonGorgeousMeditation","floor":23,"key":"SMITH"}],"circlet_count":0,"master_deck":["theSenshi:SailorKick","theSenshi:SailorKick","theSenshi:SailorKick","theSenshi:SailorKick","theSenshi:SailorBlock","theSenshi:SailorBlock","theSenshi:SailorBlock","theSenshi:SailorBlock","theSenshi:RoseThrow","theSenshi:MoonPrismPowerMakeUp","theSenshi:MoonCrisisMakeUp","theSenshi:SailorChibiMoonAssists","theSenshi:SaturnsMystery","theSenshi:Sidestep","theSenshi:SailorStarMakerAssists","theWildCard:Sakuya","Ghostly+1","theSenshi:MoonGorgeousMeditation+1","theSenshi:MoonTiaraMagic","theSenshi:Sidestep","theSenshi:TallSilhouette","theSenshi:MoonPrincessHalation","theSenshi:IWillPunishYou","CurseOfTheBell","theSenshi:MoonCrystalPowerMakeUp","theSenshi:MoonsReflection","theSenshi:SailorStarFighterAssists","theSenshi:SailorVenusAssists","theSenshi:JupitersPower"],"relics":["theSenshi:TransformationBroochRelic","hubris:FunFungus","reliquary:CitrusReamer","hubris:Towel","Ancient Tea Set","reliquary:Stiletto","Calling Bell","theSenshi:TiaraRelic","reliquary:BallBearing","Gambling Chip","MerchantsRug","reliquary:Boomerang","hubris:DisguiseKit"],"acts_visited":["Exordium","TheCity"],"potions_floor_usage":[21],"damage_taken":[{"damage":6.0,"enemies":"Small Slimes","floor":1.0,"turns":4.0},{"damage":8.0,"enemies":"2 Louse","floor":3.0,"turns":3.0},{"damage":4.0,"enemies":"Cultist","floor":4.0,"turns":4.0},{"damage":53.0,"enemies":"Gremlin Nob","floor":8.0,"turns":6.0},{"damage":3.0,"enemies":"2 Fungi Beasts","floor":10.0,"turns":6.0},{"damage":16.0,"enemies":"Lots of Slimes","floor":11.0,"turns":6.0},{"damage":1.0,"enemies":"Blue Slaver","floor":13.0,"turns":3.0},{"damage":10.0,"enemies":"Gremlin Gang","floor":14.0,"turns":6.0},{"damage":42,"enemies":"Hexaghost","floor":16,"turns":14},{"damage":27,"enemies":"3 Byrds","floor":18,"turns":10},{"damage":39,"enemies":"Chosen","floor":21,"turns":12},{"damage":18,"enemies":"conspire:HollyBat","floor":24,"turns":14},{"damage":43,"enemies":"conspire:SneckoGhost","floor":25,"turns":12}],"seed_played":"2942577829290784320","potions_obtained":[{"floor":1.0,"key":"SteroidPotion"},{"floor":3.0,"key":"EssenceOfSteel"},{"floor":16,"key":"bronze:BurnAndBuffPotion"},{"floor":18,"key":"potionbrewer:HastePotion"},{"floor":25,"key":"FearPotion"}],"is_trial":false,"path_per_floor":["M","?","M","M","?","?","?","E","T","M","M","R","M","M","R","B",null,"M","?","$","M","$","R","M","E","T"],"character_chosen":"THE_SENSHI","items_purchased":["theSenshi:MoonCrisisMakeUp","theSenshi:SailorChibiMoonAssists","reliquary:CitrusReamer","theSenshi:MoonCrystalPowerMakeUp","theSenshi:MoonsReflection","MerchantsRug","PowerPotion"],"campfire_rested":1,"item_purchase_floors":[0,0,0,20,20,20,20],"current_hp_per_floor":[50,50,52,58,58,58,58,23,23,21,13,13,22,16,38,22,75,54,85,85,64,64,64,70,42,42,42],"gold":73,"neow_bonus":"","is_daily":false,"chose_seed":false,"campfire_upgraded":2,"win_rate":0.0,"timestamp":1614122681,"path_taken":["M","?","M","M","?","?","?","E","T","M","M","R","M","M","R","BOSS","M","?","$","M","?","R","?","E","T"],"items_purchased_type":["Card","Card","Relic","Card","Card","Relic","Potion"],"build_version":"2020-12-22","purchased_purges":0,"victory":false,"max_hp_per_floor":[75,75,75,75,75,75,75,75,75,75,75,75,75,75,75,75,75,75,85,85,85,85,85,85,85,85,85],"relic_stats":{"counters":[37,212],"Gambling Chip":[10],"obtain_stats":[{"theSenshi:CutieMoonRodRelic":28,"Ice Cream":40,"theForsaken:ScaryMask":9,"reliquary:Boomerang":25,"Whetstone":5,"Ginger":7,"theForsaken:PlagueMask":36,"PrismaticShard":37,"Ancient Tea Set":43,"theSenshi:TiaraRelic":17,"Old Coin":23,"theForsaken:HumbleEgg":29,"Centennial Puzzle":43,"Matryoshka":31,"reliquary:CitrusReamer":0,"Gambling Chip":17,"hubris:FunFungus":0,"MerchantsRug":20,"hubris:DisguiseKit":26,"Astrolabe":17,"Pen Nib":26,"Odd Mushroom":10,"hubris:Towel":2,"Calling Bell":17,"theSenshi:TransformationBroochRelic":0,"MutagenicStrength":19,"Snecko Eye":34,"Molten Egg 2":37,"reliquary:Stiletto":9,"reliquary:BallBearing":17,"Nloth\u0027s Gift":21},{"theSenshi:CutieMoonRodRelic":16,"Ice Cream":22,"theForsaken:ScaryMask":4,"reliquary:Boomerang":37,"Whetstone":3,"Ginger":4,"theForsaken:PlagueMask":19,"PrismaticShard":19,"Ancient Tea Set":23,"theSenshi:TiaraRelic":33,"Old Coin":14,"theForsaken:HumbleEgg":16,"Centennial Puzzle":23,"Matryoshka":17,"reliquary:CitrusReamer":24,"Gambling Chip":33,"hubris:FunFungus":24,"MerchantsRug":34,"hubris:DisguiseKit":37,"Astrolabe":10,"Pen Nib":15,"Odd Mushroom":5,"hubris:Towel":25,"Calling Bell":33,"theSenshi:TransformationBroochRelic":0,"MutagenicStrength":11,"Snecko Eye":18,"Molten Egg 2":19,"reliquary:Stiletto":28,"reliquary:BallBearing":33,"Nloth\u0027s Gift":12},{"theSenshi:CutieMoonRodRelic":72,"Ice Cream":104,"theForsaken:ScaryMask":15,"reliquary:Boomerang":212,"Whetstone":10,"Ginger":15,"theForsaken:PlagueMask":93,"PrismaticShard":93,"Ancient Tea Set":108,"theSenshi:TiaraRelic":164,"Old Coin":62,"theForsaken:HumbleEgg":72,"Centennial Puzzle":108,"Matryoshka":78,"reliquary:CitrusReamer":112,"Gambling Chip":164,"hubris:FunFungus":112,"MerchantsRug":174,"hubris:DisguiseKit":212,"Astrolabe":41,"Pen Nib":67,"Odd Mushroom":19,"hubris:Towel":116,"Calling Bell":164,"theSenshi:TransformationBroochRelic":0,"MutagenicStrength":45,"Snecko Eye":91,"Molten Egg 2":93,"reliquary:Stiletto":129,"reliquary:BallBearing":164,"Nloth\u0027s Gift":49}]},"card_choices":[{"not_picked":["theSenshi:Sidestep","theSenshi:SailorChibiMoonAssists"],"picked":"theSenshi:SaturnsMystery","floor":1.0},{"not_picked":["theSenshi:LunasBite","theSenshi:SailorMarsAssists"],"picked":"theSenshi:Sidestep","floor":3.0},{"not_picked":["theSenshi:TuxedoSmokingBomber","theSenshi:SupersonicWaves"],"picked":"theSenshi:SailorStarMakerAssists","floor":4.0},{"not_picked":["theSenshi:TuxedoMaskAssists","theSenshi:CrisisMakeUp"],"picked":"theSenshi:MoonGorgeousMeditation","floor":8.0},{"not_picked":["theSenshi:SupersonicWaves","theSenshi:SailorMarsAssists"],"picked":"theSenshi:MoonTiaraMagic","floor":10.0},{"not_picked":["theSenshi:OdangoHead","theSenshi:GlimpseOfThePast"],"picked":"theSenshi:Sidestep","floor":11.0},{"not_picked":["theSenshi:Sidestep","theSenshi:MoonsReflection"],"picked":"theSenshi:TallSilhouette","floor":13.0},{"not_picked":["theSenshi:SailorMercuryAssists","theSenshi:SailorNeptuneAssists"],"picked":"theSenshi:MoonPrincessHalation","floor":14.0},{"not_picked":["theSenshi:GlimpseOfThePast","theSenshi:InTheNameOfTheMoon"],"picked":"theSenshi:IWillPunishYou","floor":16},{"not_picked":["theSenshi:SailorChibiMoonAssists","theSenshi:MoonTiaraMagic"],"picked":"theSenshi:MoonGorgeousMeditation","floor":18},{"not_picked":["theSenshi:MoonKick","theSenshi:LateForSchool"],"picked":"theSenshi:SailorStarFighterAssists","floor":21},{"not_picked":["theSenshi:SailorMercuryAssists","theSenshi:SupersonicWaves"],"picked":"theSenshi:SailorVenusAssists","floor":24},{"not_picked":["theSenshi:SchoolBag+1","theSenshi:MoonPower"],"picked":"theSenshi:JupitersPower","floor":25}],"player_experience":53794,"relics_obtained":[{"floor":8.0,"key":"Ancient Tea Set"},{"floor":9.0,"key":"reliquary:Stiletto"},{"floor":17,"key":"theSenshi:TiaraRelic"},{"floor":17,"key":"reliquary:BallBearing"},{"floor":17,"key":"Gambling Chip"},{"floor":25,"key":"reliquary:Boomerang"},{"floor":26,"key":"hubris:DisguiseKit"}],"event_choices":[{"damage_healed":0.0,"max_hp_gain":0.0,"max_hp_loss":0.0,"gold_gain":0.0,"event_name":"conspire:LoneGhost","player_choice":"Argue","floor":7.0,"gold_loss":0.0,"damage_taken":0.0},{"cards_removed":["theSenshi:MoonGorgeousMeditation"],"damage_healed":21,"gold_gain":0,"player_choice":"Offered Rare","damage_taken":0,"max_hp_gain":10,"max_hp_loss":0,"event_name":"Bonfire Elementals","floor":19,"gold_loss":0}],"is_beta":false,"boss_relics":[{"not_picked":["hubris:CrackedHourglass","Busted Crown"],"picked":"Calling Bell"}],"items_purged_floors":[],"is_endless":false,"potions_floor_spawned":[1,3,16,18,25],"ascension_level":0}}