{"host":"7bb7osqc91rjfyph","time":1614053556,"event":{"mods":["AchievementEnabler","BaseMod","BetterRewards","Colored Map","Colored Powertips","Downfall","Googly Eyes","Hermit","Hubris","Marisa????????","Minty Spire (QoL Compilation)","Shop Mod","StSLib","The Cursed"],"gold_per_floor":[113,113,126,28,28,71,71,96,96,139,139,163,182,38,38,169,169,153,153,153,153,177,177,177],"floor_reached":23,"language":"ENG","playtime":903,"items_purged":["TheCursedMod:Strike_TheCursed"],"score":222,"play_id":"2e85b1b9-78e6-4280-bc7b-726cc94e70e7","local_time":"20210222221236","is_ascension_mode":false,"campfire_choices":[{"data":"TheCursedMod:DemonicPact","floor":7.0,"key":"SMITH"},{"data":"TheCursedMod:CursedWand","floor":11.0,"key":"SMITH"},{"data":"TheCursedMod:Stigma","floor":15.0,"key":"SMITH"}],"circlet_count":0,"master_deck":["TheCursedMod:Strike_TheCursed","TheCursedMod:Strike_TheCursed","TheCursedMod:Strike_TheCursed","TheCursedMod:Defend_TheCursed","TheCursedMod:Defend_TheCursed","TheCursedMod:Defend_TheCursed","TheCursedMod:Defend_TheCursed","TheCursedMod:CursedWand+1","TheCursedMod:CleanUpWorkshop","TheCursedMod:Dregs","TheCursedMod:Stigma+1","TheCursedMod:SpitefulPlan","TheCursedMod:CursedBlade","TheCursedMod:DemonicPact+1","TheCursedMod:BlessingInDisguise+1","TheCursedMod:RapidMovement+1","TheCursedMod:WearCloak+1","TheCursedMod:CollectTribute","TheCursedMod:SpitefulPray+1","Shame","TheCursedMod:CircleOfAmplification+1","TheCursedMod:Grudge+1"],"relics":["TheCursedMod:BlackMagic101","NeowsBlessing","hubris:Icosahedron","Golden Idol","Toxic Egg 2","Toy Ornithopter","hubris:TinFlute","TheCursedMod:PinkPellets","TheCursedMod:FourLeafCloverCharm","TheCursedMod:DemonicMark"],"acts_visited":["Exordium","TheCity"],"potions_floor_usage":[16,18],"damage_taken":[{"damage":0.0,"enemies":"Cultist","floor":1.0,"turns":1.0},{"damage":0.0,"enemies":"Jaw Worm","floor":3.0,"turns":1.0},{"damage":0.0,"enemies":"Gremlin Nob","floor":6.0,"turns":1.0},{"damage":23.0,"enemies":"Lagavulin","floor":10.0,"turns":10.0},{"damage":0.0,"enemies":"2 Louse","floor":12.0,"turns":3.0},{"damage":0.0,"enemies":"Exordium Wildlife","floor":13.0,"turns":4.0},{"damage":30,"enemies":"Slime Boss","floor":16,"turns":12},{"damage":1,"enemies":"2 Thieves","floor":18,"turns":4},{"damage":22,"enemies":"Chosen","floor":22,"turns":7},{"damage":16,"enemies":"Gremlin Leader","floor":23,"turns":2}],"seed_played":"-3425623846713046565","potions_obtained":[{"floor":1.0,"key":"BlessingOfTheForge"},{"floor":3.0,"key":"FearPotion"},{"floor":12.0,"key":"champ:CounterPotion"},{"floor":18,"key":"SpeedPotion"},{"floor":22,"key":"BlessingOfTheForge"}],"is_trial":false,"path_per_floor":["M","?","M","$","?","E","R","T","T","E","R","M","M","$","R","B",null,"M","?","?","?","M","E"],"character_chosen":"THE_CURSED","items_purchased":["TheCursedMod:CursedBlade","TheCursedMod:PinkPellets"],"campfire_rested":0,"item_purchase_floors":[4,14],"current_hp_per_floor":[75,75,75,75,57,57,57,57,57,34,34,34,34,34,34,9,75,74,74,74,74,52,36,36],"gold":177,"neow_bonus":"THREE_ENEMY_KILL","is_daily":false,"chose_seed":false,"campfire_upgraded":3,"win_rate":0.0,"timestamp":1614053556,"path_taken":["M","?","M","$","?","E","R","?","T","E","R","M","M","?","R","BOSS","M","?","?","?","M","E"],"items_purchased_type":["Card","Relic"],"build_version":"2020-12-22","purchased_purges":1,"victory":false,"max_hp_per_floor":[75,75,75,75,75,75,75,75,75,75,75,75,75,75,75,75,75,75,75,75,75,75,75,75],"card_choices":[{"not_picked":["TheCursedMod:ReleasedStrength","TheCursedMod:DoubleShield"],"picked":"TheCursedMod:Stigma","floor":1.0},{"not_picked":["TheCursedMod:WearCloak","TheCursedMod:CursedBlade"],"picked":"TheCursedMod:SpitefulPlan","floor":3.0},{"not_picked":["TheCursedMod:Torture+1","TheCursedMod:ReleasedKnowledge+1"],"picked":"TheCursedMod:DemonicPact","floor":6.0},{"not_picked":["TheCursedMod:SoulReap","TheCursedMod:ManaBullet"],"picked":"TheCursedMod:BlessingInDisguise+1","floor":10.0},{"not_picked":["TheCursedMod:FleshFromBone+1","TheCursedMod:CursedBoomerang"],"picked":"TheCursedMod:RapidMovement+1","floor":12.0},{"not_picked":["TheCursedMod:Stigma","TheCursedMod:SpitefulStrike"],"picked":"TheCursedMod:WearCloak+1","floor":13.0},{"not_picked":["TheCursedMod:DemonicPact","TheCursedMod:StunningStrike"],"picked":"TheCursedMod:CollectTribute","floor":16},{"not_picked":["TheCursedMod:CircleOfFlame+1","TheCursedMod:PrepareRite+1"],"picked":"TheCursedMod:SpitefulPray+1","floor":18},{"not_picked":["TheCursedMod:Stretching+1","TheCursedMod:CircleOfFlame+1"],"picked":"TheCursedMod:Grudge+1","floor":22}],"player_experience":136140,"relics_obtained":[{"floor":6.0,"key":"Toxic Egg 2"},{"floor":9.0,"key":"Toy Ornithopter"},{"floor":10.0,"key":"hubris:TinFlute"}],"event_choices":[{"damage_healed":0.0,"max_hp_gain":0.0,"max_hp_loss":0.0,"gold_gain":0.0,"event_name":"Golden Idol","player_choice":"Take Damage","floor":5.0,"gold_loss":0.0,"damage_taken":18.0,"relics_obtained":["Golden Idol"]},{"damage_healed":0,"gold_gain":0,"player_choice":"Stole Relic","damage_taken":0,"relics_obtained":["TheCursedMod:DemonicMark"],"max_hp_gain":0,"max_hp_loss":0,"event_name":"Addict","floor":19,"gold_loss":0,"cards_obtained":["Shame"]}],"is_beta":false,"boss_relics":[{"not_picked":["Philosopher\u0027s Stone","hubris:HollowSoul"],"picked":"TheCursedMod:FourLeafCloverCharm"}],"items_purged_floors":[4],"is_endless":false,"potions_floor_spawned":[1,3,12,18,22],"killed_by":"Gremlin Leader","ascension_level":0}}