{"host":"ztme5fio60r7om62","time":1614063508,"event":{"mods":["BaseMod","Colored Map","Highlight Path","Minty Spire (QoL Compilation)","Permanent Neow","everything is the same but u backflip on backflip"],"gold_per_floor":[119,133,144,42,42,77,77,87,113,113,128,140,166,195,195,292,292,302,331,331,350,350,350],"floor_reached":22,"language":"KOR","playtime":687,"items_purged":[],"score":296,"play_id":"3293828a-10c0-40f1-97fb-751a643e784c","local_time":"20210223155828","is_ascension_mode":false,"campfire_choices":[{"data":"Pommel Strike","floor":7,"key":"SMITH"},{"data":"Flex","floor":10,"key":"SMITH"},{"floor":15,"key":"RECALL"}],"circlet_count":0,"master_deck":["Strike_R","Strike_R","Strike_R","Defend_R","Defend_R+1","Defend_R","Defend_R+1","Bash+1","Flex+1","Pommel Strike+1","Thunderclap","Shockwave","Clash","Flex","Evolve","Sword Boomerang","Cleave","Wild Strike","Iron Wave","Demon Form","Cleave+1","Power Through","Decay"],"relics":["Burning Blood","War Paint","Oddly Smooth Stone","Odd Mushroom","Empty Cage","Red Mask"],"acts_visited":["Exordium","TheCity"],"potions_floor_usage":[6,14,19],"damage_taken":[{"damage":5,"enemies":"Small Slimes","floor":1,"turns":4},{"damage":7,"enemies":"2 Louse","floor":2,"turns":3},{"damage":6,"enemies":"Cultist","floor":3,"turns":3},{"damage":17,"enemies":"3 Sentries","floor":6,"turns":6},{"damage":3,"enemies":"Exordium Thugs","floor":8,"turns":3},{"damage":10,"enemies":"Large Slime","floor":11,"turns":3},{"damage":5,"enemies":"Looter","floor":12,"turns":2},{"damage":21,"enemies":"Lagavulin","floor":13,"turns":5},{"damage":9,"enemies":"The Mushroom Lair","floor":14,"turns":3},{"damage":24,"enemies":"Slime Boss","floor":16,"turns":5},{"damage":23,"enemies":"3 Byrds","floor":18,"turns":6},{"damage":42,"enemies":"Masked Bandits","floor":19,"turns":4},{"damage":15,"enemies":"Shell Parasite","floor":21,"turns":4},{"damage":0,"enemies":"Centurion and Healer","floor":22,"turns":1}],"seed_played":"7471702382706101188","potions_obtained":[{"floor":2,"key":"SteroidPotion"},{"floor":8,"key":"ColorlessPotion"},{"floor":11,"key":"Ancient Potion"},{"floor":12,"key":"Ancient Potion"},{"floor":13,"key":"Explosive Potion"},{"floor":18,"key":"Energy Potion"},{"floor":19,"key":"DistilledChaos"}],"is_trial":false,"path_per_floor":["M","M","M","$","?","E","R","M","T","R","M","M","E","?","R","B",null,"M","?","?","M","M"],"character_chosen":"IRONCLAD","items_purchased":["Shockwave","Clash"],"campfire_rested":0,"item_purchase_floors":[4,4],"current_hp_per_floor":[80,79,79,79,84,73,73,76,76,76,72,73,58,55,55,37,85,68,32,32,23,23,23],"gold":350,"neow_bonus":"UPGRADE_CARD","is_daily":false,"chose_seed":false,"campfire_upgraded":2,"win_rate":0.0,"timestamp":1614063508,"path_taken":["M","M","M","$","?","E","R","M","T","R","M","M","E","?","R","BOSS","M","?","?","M","M"],"items_purchased_type":["Card","Card"],"build_version":"2020-12-22","purchased_purges":0,"victory":false,"max_hp_per_floor":[80,80,80,80,85,85,85,85,85,85,85,85,85,85,85,85,85,85,85,85,85,85,85],"card_choices":[{"not_picked":["Bloodletting","Warcry"],"picked":"Flex","floor":1},{"not_picked":["Metallicize","Iron Wave"],"picked":"Pommel Strike","floor":2},{"not_picked":["Burning Pact","Iron Wave"],"picked":"Thunderclap","floor":3},{"not_picked":["Perfected Strike","Feel No Pain"],"picked":"Flex","floor":6},{"not_picked":["Dropkick","Reckless Charge"],"picked":"Evolve","floor":8},{"not_picked":["Heavy Blade","Infernal Blade"],"picked":"Sword Boomerang","floor":11},{"not_picked":["Bludgeon","Twin Strike"],"picked":"Cleave","floor":12},{"not_picked":["Combust","Fire Breathing"],"picked":"Wild Strike","floor":13},{"not_picked":["Warcry","Reckless Charge"],"picked":"Iron Wave","floor":14},{"not_picked":["Immolate","Berserk"],"picked":"Demon Form","floor":16},{"not_picked":["Clothesline","Iron Wave"],"picked":"Cleave+1","floor":18},{"not_picked":["Sentinel","Hemokinesis"],"picked":"Power Through","floor":19},{"not_picked":["Anger","Wild Strike","Twin Strike"],"picked":"SKIP","floor":21}],"player_experience":608114,"relics_obtained":[{"floor":6,"key":"War Paint"},{"floor":13,"key":"Oddly Smooth Stone"},{"floor":14,"key":"Odd Mushroom"},{"floor":19,"key":"Red Mask"}],"event_choices":[{"damage_healed":0,"gold_gain":0,"player_choice":"Donut","damage_taken":0,"max_hp_gain":5,"max_hp_loss":0,"event_name":"Big Fish","floor":5,"gold_loss":0},{"damage_healed":0,"gold_gain":0,"player_choice":"Fought Mushrooms","damage_taken":0,"max_hp_gain":0,"max_hp_loss":0,"event_name":"Mushrooms","floor":14,"gold_loss":0},{"damage_healed":0,"gold_gain":0,"player_choice":"Fought Bandits","damage_taken":0,"max_hp_gain":0,"max_hp_loss":0,"event_name":"Masked Bandits","floor":19,"gold_loss":0},{"damage_healed":0,"gold_gain":0,"player_choice":"Smashed Altar","damage_taken":0,"max_hp_gain":0,"max_hp_loss":0,"event_name":"Forgotten Altar","floor":20,"gold_loss":0,"cards_obtained":["Decay"]}],"is_beta":false,"boss_relics":[{"not_picked":["Pandora\u0027s Box","Snecko Eye"],"picked":"Empty Cage"}],"items_purged_floors":[],"is_endless":false,"potions_floor_spawned":[2,8,11,12,13,18,19],"killed_by":"Centurion and Healer","ascension_level":0}}