{"host":"crkd492s78mxo8eu","time":1614049862,"event":{"mods":["BaseMod","Colored Powertips","Hubris","Marisa????????","Minty Spire (QoL Compilation)","Rare Cards Sparkle","Replay The Spire","StSLib","The Cursed","The Mystic","The Servant 0.9.4"],"gold_per_floor":[116,127,140,140,140,172,172,122,122,122,122],"floor_reached":10,"language":"ENG","playtime":383,"items_purged":["Strike_B"],"score":69,"play_id":"8a700f78-175a-4a1c-b313-9522c306dc0b","local_time":"20210222221102","is_ascension_mode":true,"campfire_choices":[{"floor":7,"key":"DIG"}],"circlet_count":0,"master_deck":["hubris:Hubris","Strike_B","Strike_B","Strike_B","Defend_B","Defend_B","Defend_B","Defend_B","Zap","Dualcast","Panacea","Ball Lightning","BasicCrystalCard+1","Capacitor+1","Lockon"],"relics":["Cracked Core","Shovel","Smiling Mask","hubris:DisguiseKit"],"acts_visited":["Exordium"],"potions_floor_usage":[6],"damage_taken":[{"damage":0,"enemies":"Cultist","floor":1,"turns":4},{"damage":7,"enemies":"2 Louse","floor":2,"turns":2},{"damage":6,"enemies":"Jaw Worm","floor":3,"turns":2},{"damage":30,"enemies":"Lagavulin","floor":6,"turns":6},{"damage":34,"enemies":"3 Sentries","floor":10,"turns":4}],"seed_played":"-5430867424171738882","potions_obtained":[{"floor":3,"key":"Swift Potion"},{"floor":6,"key":"Venom Potion"}],"is_trial":false,"path_per_floor":["M","M","M","?","?","E","R","$","T","E"],"character_chosen":"DEFECT","items_purchased":[],"campfire_rested":0,"item_purchase_floors":[],"current_hp_per_floor":[75,68,62,62,62,32,32,32,32,0,0],"gold":122,"neow_bonus":"RANDOM_COLORLESS","is_daily":false,"chose_seed":false,"campfire_upgraded":0,"win_rate":0.0,"timestamp":1614049862,"path_taken":["M","?","M","?","?","E","R","$","T","E"],"items_purchased_type":[],"build_version":"2020-12-22","purchased_purges":1,"victory":false,"max_hp_per_floor":[75,75,75,75,75,75,75,75,75,75,75],"card_choices":[{"not_picked":["hubris:Insight","Replay:Sssssssssshield"],"picked":"Panacea","floor":0},{"not_picked":["ReplayTheSpireMod:Repulse","Leap"],"picked":"Ball Lightning","floor":1},{"not_picked":["White Noise","Compile Driver"],"picked":"BasicCrystalCard","floor":2},{"not_picked":["Fusion","Stack"],"picked":"Capacitor","floor":3},{"not_picked":["BasicCrystalCard","Stack"],"picked":"Lockon","floor":6}],"player_experience":122671,"relics_obtained":[{"floor":6,"key":"Shovel"},{"floor":7,"key":"Smiling Mask"},{"floor":9,"key":"hubris:DisguiseKit"}],"event_choices":[{"damage_healed":0,"gold_gain":0,"player_choice":"Forge","damage_taken":0,"max_hp_gain":0,"max_hp_loss":0,"event_name":"Accursed Blacksmith","floor":5,"gold_loss":0,"cards_upgraded":["Capacitor"]}],"is_beta":false,"boss_relics":[],"items_purged_floors":[8],"is_endless":false,"potions_floor_spawned":[3,6],"killed_by":"3 Sentries","ascension_level":1}}