{"host":"956g3854xvs16zht","time":1614112110,"event":{"mods":["2.2 Compatiblity","AlwaysNeverKeys","Aspiration","BaseMod","Better Altar","Better Match","Better Skull","Better Third Choice","BetterRewards","Card Forge","Colored Map","Colored Powertips","Custom Start","DeckTracker","Displayed Cursed Tome","Energized Spire","Evolution","Friendly Minions","Infinite Spire","Minty Spire (QoL Compilation)","Permanent Neow","Relic Filter","Relic Sorter","Shop Mod","Spicy Shops","StSLib","TheVelvet"],"gold_per_floor":[110,110,122,122,139,171,171,171,171,141,62,138,150,168,168,267,267,279,279,194,194,209,235,70,81,81,81,115,115,145,145,145,245,195,210,210,227,34,50,50,67,77,77,77,89,107,118,146,146,146,146,146,135,163,163,163],"floor_reached":55,"language":"ENG","playtime":2992,"items_purged":["Berserk"],"score":812,"play_id":"a1c02360-df64-4e0c-8532-1a1d436ba845","local_time":"20210223152830","is_ascension_mode":false,"campfire_choices":[{"data":"Rampage","floor":7,"key":"SMITH"},{"data":"Cleave","floor":15,"key":"SMITH"},{"data":"Barricade","floor":27,"key":"SMITH"},{"data":"Dropkick","floor":29,"key":"SMITH"},{"floor":32,"key":"REST"},{"data":"infinitespire:Fortify","floor":40,"key":"SMITH"},{"data":"Double Tap","floor":49,"key":"SMITH"},{"data":"infinitespire:Starlight","floor":52,"key":"SMITH"}],"circlet_count":0,"master_deck":["Strike_R+1","Strike_R+1","Strike_R+1","Strike_R+1","Strike_R+1","Defend_R+1","Defend_R+1","Defend_R+1","Defend_R+1","Bash+1","infinitespire:OneForAll+1","infinitespire:UltimateForm+1","Dropkick+1","Rampage+1","Cleave+1","Thunderclap+1","Heavy Blade+1","Barricade+1","Heavy Blade+1","Necronomicurse","Bludgeon+1","Perfected Strike+1","Iron Wave+1","infinitespire:FinalStrike+1","infinitespire:Fortify+1","infinitespire:Starlight+1","Demon Form+1","Strike_R+1","Metallicize","Entrench+1","Heavy Blade+1","Madness","Madness","Dropkick+1","Double Tap+1","Perfected Strike+1","Searing Blow+1"],"relics":["Burning Blood","Anvil of the Gods","Hammer of Thor","Seething Fire","EVO:Axolotl","PureWater","Anchor","MerchantsRug","Ornamental Fan","Molten Egg 2","aspiration:RandomNobGenerator","Necronomicon","Shuriken","Bag of Marbles","Red Mask","Darkstone Periapt","energizedSpire:HugeHouse","Kunai","infinitespire:Golems Mask","Oddly Smooth Stone"],"acts_visited":["Exordium","TheCity","TheBeyond","TheEnding"],"potions_floor_usage":[],"damage_taken":[{"damage":6,"enemies":"Jaw Worm","floor":1,"turns":3},{"damage":0,"enemies":"Cultist","floor":3,"turns":2},{"damage":0,"enemies":"2 Louse","floor":5,"turns":1},{"damage":28,"enemies":"Gremlin Nob","floor":6,"turns":4},{"damage":0,"enemies":"Large Slime","floor":13,"turns":5},{"damage":0,"enemies":"2 Fungi Beasts","floor":14,"turns":1},{"damage":32,"enemies":"Slime Boss","floor":16,"turns":11},{"damage":0,"enemies":"3 Byrds","floor":18,"turns":3},{"damage":0,"enemies":"Chosen","floor":22,"turns":3},{"damage":7,"enemies":"Book of Stabbing","floor":23,"turns":4},{"damage":11,"enemies":"Snecko","floor":25,"turns":3},{"damage":0,"enemies":"Masked Bandits","floor":28,"turns":3},{"damage":33,"enemies":"Slavers","floor":30,"turns":4},{"damage":2,"enemies":"Automaton","floor":33,"turns":3},{"damage":3,"enemies":"3 Shapes","floor":35,"turns":2},{"damage":0,"enemies":"Orb Walker","floor":37,"turns":1},{"damage":7,"enemies":"3 Darklings","floor":39,"turns":5},{"damage":0,"enemies":"Maw","floor":41,"turns":4},{"damage":0,"enemies":"Spire Growth","floor":42,"turns":2},{"damage":0,"enemies":"3 Darklings","floor":45,"turns":3},{"damage":19,"enemies":"Transient","floor":46,"turns":5},{"damage":2,"enemies":"Spire Growth","floor":47,"turns":3},{"damage":0,"enemies":"Reptomancer","floor":48,"turns":2},{"damage":22,"enemies":"Donu and Deca","floor":50,"turns":6},{"damage":36,"enemies":"Shield and Spear","floor":54,"turns":4},{"damage":47,"enemies":"The Heart","floor":55,"turns":3}],"seed_played":"-3504871573137097816","potions_obtained":[{"floor":3,"key":"Regen Potion"},{"floor":6,"key":"LiquidMemories"},{"floor":16,"key":"Explosive Potion"},{"floor":23,"key":"ColorlessPotion"},{"floor":25,"key":"DuplicationPotion"},{"floor":35,"key":"LiquidBronze"},{"floor":41,"key":"Explosive Potion"},{"floor":42,"key":"Swift Potion"},{"floor":46,"key":"ColorlessPotion"}],"is_trial":false,"path_per_floor":["M","?","M","?","M","E","R","?","T","$","$","T","M","M","R","B",null,"M","?","?","?","M","E","$","M","T","R","?","R","E","AVR","R","B",null,"M","?","M","$","M","R","M","M","T","?","M","M","M","E","R","B",null,"R","$","E","B"],"character_chosen":"IRONCLAD","items_purchased":["MerchantsRug","Cleave","Shuriken","Kunai","infinitespire:Golems Mask","Perfected Strike+1"],"campfire_rested":1,"item_purchase_floors":[10,11,24,38,53,53],"current_hp_per_floor":[80,80,80,80,80,58,58,58,58,58,58,58,64,70,70,44,80,80,80,80,64,70,69,69,64,64,64,70,70,43,43,67,71,75,75,75,75,75,74,74,75,75,75,66,72,62,66,72,72,66,75,75,75,45,0,0],"gold":163,"neow_bonus":"NOSTALGIA","is_daily":false,"chose_seed":false,"campfire_upgraded":7,"win_rate":0.0,"timestamp":1614112110,"path_taken":["M","?","M","?","?","E","R","?","T","?","$","?","?","M","R","BOSS","M","?","?","?","M","E","$","M","T","R","?","R","E","AVR","R","BOSS","M","?","?","$","?","R","M","M","T","?","M","M","M","E","R","BOSS","R","$","E","BOSS"],"items_purchased_type":["Relic","Card","Relic","Relic","Relic","Card"],"build_version":"2020-12-22","purchased_purges":1,"victory":false,"max_hp_per_floor":[80,80,80,80,80,80,80,80,80,80,80,80,80,80,80,80,80,80,80,80,80,80,80,80,80,80,80,80,80,80,80,80,80,75,75,75,75,75,75,75,75,75,75,75,75,75,75,75,75,75,75,75,75,75,75,75],"card_choices":[{"not_picked":["Carnage","Inflame"],"picked":"infinitespire:OneForAll","floor":1},{"not_picked":["Second Wind","Fire Breathing"],"picked":"Clothesline","floor":3},{"not_picked":["Iron Wave","Burning Pact"],"picked":"Dropkick","floor":5},{"not_picked":["Sword Boomerang","Seeing Red"],"picked":"Rampage","floor":6},{"not_picked":["Flex","Blood for Blood+1"],"picked":"Thunderclap+1","floor":13},{"not_picked":["Twin Strike+1","True Grit"],"picked":"Heavy Blade+1","floor":14},{"not_picked":["Limit Break","Reaper+1"],"picked":"Barricade","floor":16},{"not_picked":["Iron Wave+1","Armaments+1"],"picked":"Heavy Blade+1","floor":18},{"not_picked":["True Grit+1","Body Slam+1"],"picked":"Rampage+1","floor":22},{"not_picked":["Fire Breathing","Reaper+1"],"picked":"Bludgeon+1","floor":23},{"not_picked":["Reckless Charge+1","Iron Wave+1"],"picked":"Perfected Strike+1","floor":25},{"not_picked":["Infernal Blade","Hemokinesis+1"],"picked":"Iron Wave+1","floor":28},{"not_picked":["Barricade","Armaments+1","Twin Strike+1"],"picked":"SKIP","floor":30},{"not_picked":["Bludgeon+1","Juggernaut"],"picked":"Demon Form","floor":33},{"not_picked":["Reckless Charge+1","Sword Boomerang+1"],"picked":"Metallicize","floor":35},{"not_picked":["infinitespire:OneForAll+1","Thunderclap+1"],"picked":"Entrench+1","floor":37},{"not_picked":["Battle Trance+1","Pommel Strike+1","Clothesline+1"],"picked":"SKIP","floor":39},{"not_picked":["Twin Strike+1","Flame Barrier","Shrug It Off"],"picked":"SKIP","floor":41},{"not_picked":["Power Through+1","Pummel+1"],"picked":"Heavy Blade+1","floor":42},{"not_picked":["Warcry","Power Through+1","Combust+1"],"picked":"SKIP","floor":45},{"not_picked":["Sever Soul+1","Sword Boomerang+1","Clash+1"],"picked":"SKIP","floor":46},{"not_picked":["Cleave+1","Warcry"],"picked":"Dropkick+1","floor":47},{"not_picked":["Iron Wave+1","Power Through"],"picked":"Double Tap","floor":48},{"not_picked":["Clothesline+1","Iron Wave+1"],"picked":"Searing Blow+1","floor":54}],"player_experience":32823,"relics_obtained":[{"floor":6,"key":"Matryoshka"},{"floor":9,"key":"aspiration:ChemicalBlood"},{"floor":9,"key":"Anchor"},{"floor":12,"key":"Ornamental Fan"},{"floor":12,"key":"Molten Egg 2"},{"floor":26,"key":"Bag of Marbles"},{"floor":28,"key":"Red Mask"},{"floor":30,"key":"infinitespire:Eraser"},{"floor":43,"key":"infinitespire:Bottled Soul"},{"floor":48,"key":"Self Forming Clay"},{"floor":54,"key":"Oddly Smooth Stone"}],"event_choices":[{"damage_healed":80,"gold_gain":0,"player_choice":"Leave","damage_taken":0,"max_hp_gain":0,"max_hp_loss":80,"event_name":"betterThird:BetterShining","floor":2,"gold_loss":0},{"cards_removed":["Clothesline"],"damage_healed":5,"gold_gain":0,"player_choice":"Offered Common","damage_taken":0,"max_hp_gain":0,"max_hp_loss":0,"event_name":"Bonfire Elementals","floor":4,"gold_loss":0},{"cards_removed":["Clothesline"],"damage_healed":5,"gold_gain":0,"player_choice":"Offered Special","damage_taken":0,"max_hp_gain":0,"max_hp_loss":0,"event_name":"Bonfire Elementals","floor":4,"gold_loss":0},{"damage_healed":0,"gold_gain":0,"player_choice":"Ignored","damage_taken":0,"max_hp_gain":0,"max_hp_loss":0,"event_name":"Beggar","floor":19,"gold_loss":0},{"damage_healed":0,"gold_gain":0,"player_choice":"Obtained Relic","damage_taken":0,"relics_obtained":["aspiration:TomeofQuesting"],"max_hp_gain":0,"max_hp_loss":0,"event_name":"Addict","floor":20,"gold_loss":85},{"damage_healed":0,"gold_gain":0,"player_choice":"Obtained Book","damage_taken":16,"max_hp_gain":0,"max_hp_loss":0,"event_name":"Cursed Tome","floor":21,"gold_loss":0},{"damage_healed":0,"gold_gain":0,"player_choice":"Fought Bandits","damage_taken":0,"max_hp_gain":0,"max_hp_loss":0,"event_name":"Masked Bandits","floor":28,"gold_loss":0},{"damage_healed":0,"gold_gain":0,"player_choice":"Upgraded","damage_taken":0,"max_hp_gain":0,"max_hp_loss":0,"event_name":"Upgrade Shrine","floor":36,"gold_loss":0,"cards_upgraded":["Demon Form"]},{"damage_healed":0,"gold_gain":0,"player_choice":"Embrace Madness","damage_taken":9,"max_hp_gain":0,"max_hp_loss":0,"event_name":"Winding Halls","floor":44,"gold_loss":0,"cards_obtained":["Madness","Madness"]}],"is_beta":false,"boss_relics":[{"not_picked":["aspiration:SilentSkillbook","aspiration:RunicSpoon"],"picked":"aspiration:RandomNobGenerator"},{"not_picked":["Snecko Eye","Velvet Choker"],"picked":"energizedSpire:HugeHouse"}],"items_purged_floors":[38],"is_endless":false,"potions_floor_spawned":[3,6,16,23,25,33,35,41,42,46],"killed_by":"The Heart","ascension_level":0}}