{"host":"ffir8jynwbh8mkhl","time":1614077066,"event":{"mods":["2.2 Compatiblity","AlwaysNeverKeys","Aspiration","BaseMod","Better Altar","Better Match","Better Note","Better Sensory Stone","Better Skull","Better Third Choice","Better Vampires","BetterRewards","Block Reminder","Colored Powertips","Conspire","Downfall","Halation","Hubris","Infinite Spire","Minty Spire (QoL Compilation)","Permanent Neow","Rare Cards Sparkle","Relic Sorter","Relic Stats","Replay The Spire","Shop Mod","StSLib","SuperFastMode","Transform Curses","UnlockEverythingMod","everything is the same but u backflip on backflip"],"gold_per_floor":[0,150,170,183,83,137,137,159,159,211,251,251,251],"floor_reached":11,"language":"ENG","playtime":631,"items_purged":[],"score":65,"play_id":"8d7ccaa6-3c2d-45f9-a4f1-43bfa1004247","local_time":"20210223024426","is_ascension_mode":false,"campfire_choices":[{"data":"hexamod:Float","floor":9,"key":"SMITH"}],"circlet_count":0,"master_deck":["hexamod:Strike","hexamod:Strike","hexamod:Strike","hexamod:Strike","hexamod:Defend","hexamod:Defend","hexamod:Defend","hexamod:Defend","hexamod:Sear","hexamod:Float+1","hexamod:FirstSeal","downfall:Icky","hexamod:BacktrackSmack","conspire:SpireCoStock","conspire:SpireCoStock","hexamod:GhostOfSpirePast","hexamod:AdvancingGuard"],"relics":["hexamod:SpiritBrand","Replay:Kaleidoscope","ReplayTheSpireMod:Ninjato"],"acts_visited":["Exordium"],"potions_floor_usage":[11,11],"damage_taken":[{"damage":0,"enemies":"Small Slimes","floor":3,"turns":5},{"damage":6,"enemies":"Jaw Worm","floor":4,"turns":3},{"damage":0,"enemies":"2 Louse","floor":6,"turns":3},{"damage":2,"enemies":"Large Slime","floor":8,"turns":6},{"damage":7,"enemies":"conspire:2 RoseBushes","floor":10,"turns":6},{"damage":81,"enemies":"Gremlin Nob","floor":11,"turns":5}],"seed_played":"-5544114648856185436","potions_obtained":[{"floor":8,"key":"DistilledChaos"},{"floor":10,"key":"Block Potion"}],"is_trial":false,"path_per_floor":["R","?","M","M","?","M","T","M","R","M","E"],"character_chosen":"THE_SPIRIT","items_purchased":[],"campfire_rested":0,"item_purchase_floors":[],"current_hp_per_floor":[63,63,63,64,64,70,70,68,68,68,0,0,0],"gold":251,"neow_bonus":"ONE_RARE_RELIC","is_daily":false,"chose_seed":false,"campfire_upgraded":1,"win_rate":0.0,"timestamp":1614077066,"path_taken":["R","?","M","M","?","M","T","?","R","M","E"],"items_purchased_type":[],"build_version":"2020-12-22","purchased_purges":0,"victory":false,"max_hp_per_floor":[70,70,70,70,70,70,70,70,70,70,70,70,70],"relic_stats":{"counters":[6,28],"obtain_stats":[{"ReplayTheSpireMod:Ninjato":7,"Replay:Kaleidoscope":0,"hexamod:SpiritBrand":0},{"ReplayTheSpireMod:Ninjato":3,"Replay:Kaleidoscope":0,"hexamod:SpiritBrand":0},{"ReplayTheSpireMod:Ninjato":11,"Replay:Kaleidoscope":0,"hexamod:SpiritBrand":0}]},"card_choices":[{"not_picked":["hexamod:RetreatToShadows","hexamod:InspiringFlames"],"picked":"hexamod:BacktrackSmack","floor":3},{"not_picked":["hexamod:HeatCrush","hexamod:ShieldOfDarkness","hexamod:ThermalTransfer"],"picked":"SKIP","floor":4},{"not_picked":["hexamod:EtherealExpedition","hexamod:Firestarter"],"picked":"hexamod:GhostOfSpirePast","floor":6},{"not_picked":["hexamod:InspiringFlames","hexamod:HexaLevel","hexamod:Firestarter"],"picked":"SKIP","floor":8},{"not_picked":["hexamod:ShieldOfDarkness","hexamod:ThermalTransfer"],"picked":"hexamod:AdvancingGuard","floor":10}],"player_experience":136261,"relics_obtained":[{"floor":7,"key":"ReplayTheSpireMod:Ninjato"}],"event_choices":[{"damage_healed":0,"gold_gain":0,"player_choice":"Invest 2","damage_taken":0,"max_hp_gain":0,"max_hp_loss":0,"event_name":"conspire:Investor","floor":5,"gold_loss":0}],"is_beta":false,"boss_relics":[],"items_purged_floors":[],"is_endless":false,"potions_floor_spawned":[8,10],"killed_by":"Gremlin Nob","ascension_level":0}}