{"host":"8oow7jh4agd4zemm","time":1614093677,"event":{"mods":["BaseMod","Colored Powertips","Ironclad Rager","Minty Spire (QoL Compilation)","Quick Restart","UnlockEverythingMod"],"gold_per_floor":[111,31,306,323,334,334,368,368,393,412,60,74,89,109,109,186,186,205,205,105,105],"floor_reached":20,"language":"ZHS","playtime":768,"items_purged":["Regret"],"score":352,"play_id":"17aab66d-ccb2-4192-971f-e0f88319a334","local_time":"20210223232117","is_ascension_mode":true,"campfire_choices":[{"data":"Bouncing Flask","floor":6.0,"key":"SMITH"},{"floor":8.0,"key":"REST"},{"floor":15.0,"key":"REST"}],"circlet_count":0,"master_deck":["AscendersBane","Strike_G","Strike_G","Strike_G","Strike_G","Strike_G","Defend_G","Defend_G","Defend_G","Defend_G","Defend_G","Survivor","Neutralize","Deadly Poison","Footwork","Bouncing Flask+1","Footwork","Bullet Time","CurseOfTheBell","Setup","Writhe"],"relics":["Ring of the Snake","NeowsBlessing","PreservedInsect","MealTicket","Question Card","Calling Bell","Oddly Smooth Stone","Frozen Egg 2","Torii","Potion Belt"],"acts_visited":["Exordium","TheCity"],"potions_floor_usage":[],"damage_taken":[{"damage":0.0,"enemies":"2 Louse","floor":1.0,"turns":1.0},{"damage":0.0,"enemies":"Cultist","floor":4.0,"turns":1.0},{"damage":0.0,"enemies":"Jaw Worm","floor":5.0,"turns":1.0},{"damage":35.0,"enemies":"Gremlin Nob","floor":7.0,"turns":4.0},{"damage":14.0,"enemies":"3 Louse","floor":10.0,"turns":3.0},{"damage":11.0,"enemies":"Looter","floor":12.0,"turns":4.0},{"damage":13.0,"enemies":"Exordium Wildlife","floor":13.0,"turns":8.0},{"damage":19.0,"enemies":"Exordium Thugs","floor":14.0,"turns":7.0},{"damage":7.0,"enemies":"The Guardian","floor":16.0,"turns":10.0},{"damage":35,"enemies":"3 Byrds","floor":18,"turns":10},{"damage":28,"enemies":"2 Thieves","floor":20,"turns":3}],"seed_played":"-8364141849257743737","potions_obtained":[{"floor":1.0,"key":"CunningPotion"},{"floor":4.0,"key":"Fruit Juice"},{"floor":12.0,"key":"Strength Potion"},{"floor":13.0,"key":"Strength Potion"},{"floor":16.0,"key":"CultistPotion"}],"is_trial":false,"path_per_floor":["M","$","?","M","M","R","E","R","T","M","$","M","M","M","R","B",null,"M","?","M"],"character_chosen":"THE_SILENT","items_purchased":["Footwork","Question Card"],"campfire_rested":2,"item_purchase_floors":[2,11],"current_hp_per_floor":[59,59,59,64,64,64,29,50,50,36,51,40,27,8,29,22,59,24,24,0,0],"gold":105,"neow_bonus":"THREE_ENEMY_KILL","is_daily":false,"chose_seed":false,"campfire_upgraded":1,"win_rate":0.0,"timestamp":1614093677,"path_taken":["M","$","?","?","M","R","E","R","T","M","$","M","M","M","R","BOSS","M","?","M"],"items_purchased_type":["Card","Relic"],"build_version":"2020-12-22","purchased_purges":1,"victory":false,"max_hp_per_floor":[66,66,66,71,71,71,71,71,71,71,71,71,71,71,71,71,71,71,71,71,71],"card_choices":[{"not_picked":["Flechettes","Finisher"],"picked":"Deadly Poison","floor":1.0},{"not_picked":["Backflip","Concentrate"],"picked":"Bouncing Flask","floor":4.0},{"not_picked":["Prepared","Eviscerate","Dodge and Roll"],"picked":"SKIP","floor":5.0},{"not_picked":["Dagger Spray","Eviscerate","Acrobatics"],"picked":"SKIP","floor":7.0},{"not_picked":["Masterful Stab","Distraction"],"picked":"Footwork","floor":10.0},{"not_picked":["Acrobatics","Well Laid Plans","Endless Agony","Expertise"],"picked":"SKIP","floor":12.0},{"not_picked":["Acrobatics","Skewer","Prepared","Dash"],"picked":"SKIP","floor":13.0},{"not_picked":["Finisher","Die Die Die","Expertise","Outmaneuver"],"picked":"SKIP","floor":14.0},{"not_picked":["A Thousand Cuts","Envenom","Die Die Die"],"picked":"Bullet Time","floor":16.0},{"not_picked":["Poisoned Stab","Calculated Gamble","Dodge and Roll"],"picked":"Setup","floor":18}],"player_experience":87140,"relics_obtained":[{"floor":7.0,"key":"PreservedInsect"},{"floor":9.0,"key":"MealTicket"},{"floor":17,"key":"Oddly Smooth Stone"},{"floor":17,"key":"Frozen Egg 2"},{"floor":17,"key":"Torii"}],"event_choices":[{"damage_healed":0.0,"max_hp_gain":0.0,"max_hp_loss":0.0,"gold_gain":275.0,"event_name":"Golden Shrine","player_choice":"Desecrate","floor":3.0,"gold_loss":0.0,"damage_taken":0.0,"cards_obtained":["Regret"]},{"damage_healed":0,"gold_gain":0,"player_choice":"Opened","damage_taken":0,"relics_obtained":["Potion Belt"],"max_hp_gain":0,"max_hp_loss":0,"event_name":"The Mausoleum","floor":19,"gold_loss":0,"cards_obtained":["Writhe"]}],"is_beta":false,"boss_relics":[{"not_picked":["Tiny House","Ectoplasm"],"picked":"Calling Bell"}],"items_purged_floors":[11],"is_endless":false,"potions_floor_spawned":[1,4,12,13,16,18],"killed_by":"2 Thieves","ascension_level":20}}