{"host":"p0hktren06injwdf","time":1614065049,"event":{"mods":["AchievementEnabler","BaseMod","Colored Map","DeckTracker","Minty Spire (QoL Compilation)","Permanent Neow","StSLib","SuperFastMode"],"gold_per_floor":[110,122,133,133,147,177,177,187,187,202,234,234,248,265,265,337,337,352,277,277,290,290,290,322,332,382,396,416,341,375,275,275,347,347,357,357,368,379,254,284,284,313,313,332,347,362,389,414,414,414,414,414,414,91,125,125],"floor_reached":57,"language":"KOR","playtime":1579,"items_purged":["Strike_P","Defend_P","Strike_P","Strike_P"],"score":3396,"play_id":"9508cb02-72d3-4bc8-8df1-ea6afe3dd5df","local_time":"20210223162409","is_ascension_mode":true,"campfire_choices":[{"floor":7.0,"key":"REST"},{"floor":12.0,"key":"REST"},{"data":"Eruption","floor":15.0,"key":"SMITH"},{"data":"Adaptation","floor":23.0,"key":"SMITH"},{"data":"Scrawl","floor":32.0,"key":"SMITH"},{"floor":49.0,"key":"RECALL"},{"data":"Tantrum","floor":53.0,"key":"SMITH"}],"circlet_count":0,"master_deck":["AscendersBane","Defend_P+1","Eruption+1","Vigilance+1","MentalFortress","Adaptation+1","TalkToTheHand","Tantrum+1","InnerPeace","FollowUp","FearNoEvil","Scrawl+1","TalkToTheHand","DeusExMachina+1","Adaptation+1"],"relics":["PureWater","Pantograph","Nunchaku","War Paint","Coffee Dripper","Toxic Egg 2","Strawberry","Akabeko","SlaversCollar","Pen Nib","Bag of Marbles","Smiling Mask","Ice Cream","Bottled Tornado","Kunai"],"acts_visited":["Exordium","TheCity","TheBeyond","TheEnding"],"potions_floor_usage":[56],"damage_taken":[{"damage":4.0,"enemies":"Jaw Worm","floor":1.0,"turns":5.0},{"damage":3.0,"enemies":"2 Louse","floor":2.0,"turns":3.0},{"damage":0.0,"enemies":"Cultist","floor":3.0,"turns":3.0},{"damage":8.0,"enemies":"Blue Slaver","floor":5.0,"turns":4.0},{"damage":17.0,"enemies":"3 Sentries","floor":6.0,"turns":4.0},{"damage":0.0,"enemies":"2 Fungi Beasts","floor":8.0,"turns":2.0},{"damage":17.0,"enemies":"Exordium Thugs","floor":10.0,"turns":4.0},{"damage":12.0,"enemies":"Gremlin Nob","floor":11.0,"turns":3.0},{"damage":5.0,"enemies":"Gremlin Gang","floor":13.0,"turns":5.0},{"damage":4.0,"enemies":"2 Fungi Beasts","floor":14.0,"turns":3.0},{"damage":15.0,"enemies":"Hexaghost","floor":16.0,"turns":9.0},{"damage":0.0,"enemies":"3 Byrds","floor":18.0,"turns":3.0},{"damage":0.0,"enemies":"Spheric Guardian","floor":21.0,"turns":2.0},{"damage":0.0,"enemies":"Gremlin Leader","floor":24.0,"turns":3.0},{"damage":4.0,"enemies":"3 Cultists","floor":25.0,"turns":3.0},{"damage":15.0,"enemies":"Snake Plant","floor":27.0,"turns":2.0},{"damage":0.0,"enemies":"Cultist and Chosen","floor":28.0,"turns":5.0},{"damage":0.0,"enemies":"Book of Stabbing","floor":30.0,"turns":3.0},{"damage":0.0,"enemies":"Champ","floor":33.0,"turns":4.0},{"damage":0.0,"enemies":"3 Shapes","floor":35.0,"turns":1.0},{"damage":3.0,"enemies":"3 Darklings","floor":37.0,"turns":2.0},{"damage":0.0,"enemies":"Sphere and 2 Shapes","floor":38.0,"turns":1.0},{"damage":10.0,"enemies":"Reptomancer","floor":40.0,"turns":2.0},{"damage":0.0,"enemies":"Giant Head","floor":42.0,"turns":2.0},{"damage":0.0,"enemies":"Maw","floor":44.0,"turns":1.0},{"damage":4.0,"enemies":"Writhing Mass","floor":45.0,"turns":2.0},{"damage":0.0,"enemies":"Sphere and 2 Shapes","floor":46.0,"turns":1.0},{"damage":0.0,"enemies":"Nemesis","floor":47.0,"turns":1.0},{"damage":0.0,"enemies":"Mind Bloom Boss Battle","floor":48.0,"turns":1.0},{"damage":0.0,"enemies":"Donu and Deca","floor":50.0,"turns":1.0},{"damage":0.0,"enemies":"Awakened One","floor":51.0,"turns":2.0},{"damage":4,"enemies":"Shield and Spear","floor":55,"turns":2},{"damage":2,"enemies":"The Heart","floor":56,"turns":4}],"seed_played":"1412199618529109701","potions_obtained":[{"floor":3.0,"key":"GamblersBrew"},{"floor":5.0,"key":"SteroidPotion"},{"floor":6.0,"key":"Fire Potion"},{"floor":11.0,"key":"BottledMiracle"},{"floor":14.0,"key":"BottledMiracle"},{"floor":18.0,"key":"DistilledChaos"},{"floor":25.0,"key":"Swift Potion"},{"floor":27.0,"key":"FearPotion"},{"floor":30.0,"key":"Energy Potion"},{"floor":33.0,"key":"Block Potion"},{"floor":38.0,"key":"StancePotion"}],"is_trial":false,"path_per_floor":["M","M","M","?","M","E","R","M","T","M","E","R","M","M","R","B",null,"M","$","?","M","?","R","E","M","T","M","M","?","E","$","R","B",null,"M","?","M","M","$","E","?","E","T","M","M","M","E","?","R","B","B",null,"R","$","E","B",null],"character_chosen":"WATCHER","items_purchased":["Bottled Tornado"],"campfire_rested":2,"item_purchase_floors":[54],"current_hp_per_floor":[39,36,36,36,28,11,31,31,31,14,2,22,17,13,13,23,57,57,57,38,38,32,32,32,28,35,20,20,20,20,20,20,45,71,71,71,68,68,68,58,58,58,58,58,54,54,54,76,76,76,76,76,76,76,72,74],"gold":125,"neow_bonus":"REMOVE_TWO","is_daily":false,"chose_seed":false,"campfire_upgraded":4,"win_rate":0.0,"timestamp":1614065049,"path_taken":["M","M","M","?","M","E","R","M","T","M","E","R","M","M","R","BOSS","M","$","?","M","?","R","E","M","T","M","?","?","E","$","R","BOSS","M","?","M","M","$","E","?","E","T","M","?","?","E","?","R","BOSS","BOSS","R","$","E","BOSS"],"items_purchased_type":["Relic"],"build_version":"2020-12-22","purchased_purges":4,"victory":true,"max_hp_per_floor":[68,68,68,68,68,68,68,68,68,68,68,68,68,68,68,68,68,68,68,73,73,73,73,73,73,80,80,80,80,80,80,80,80,80,80,76,76,76,76,76,76,76,76,76,76,76,76,76,76,76,76,76,76,76,76,76],"card_choices":[{"not_picked":["Evaluate","BowlingBash"],"picked":"MentalFortress","floor":1.0},{"not_picked":["Swivel","JustLucky"],"picked":"Adaptation","floor":2.0},{"not_picked":["Meditate","Weave"],"picked":"TalkToTheHand","floor":3.0},{"not_picked":["FlyingSleeves","Consecrate"],"picked":"Tantrum","floor":5.0},{"not_picked":["BowlingBash","Worship","Evaluate"],"picked":"SKIP","floor":6.0},{"not_picked":["Tantrum","Conclude"],"picked":"InnerPeace","floor":8.0},{"not_picked":["EmptyBody","SashWhip"],"picked":"FollowUp","floor":10.0},{"not_picked":["Wish","CutThroughFate"],"picked":"FearNoEvil","floor":11.0},{"not_picked":["ClearTheMind","PathToVictory","CutThroughFate"],"picked":"SKIP","floor":13.0},{"not_picked":["Crescendo","FollowUp","BowlingBash"],"picked":"SKIP","floor":14.0},{"not_picked":["SpiritShield","Establishment"],"picked":"Scrawl","floor":16.0},{"not_picked":["Prostrate","Fasting2","WindmillStrike"],"picked":"SKIP","floor":18.0},{"not_picked":["Halt","Study","DeceiveReality"],"picked":"SKIP","floor":21.0},{"not_picked":["SignatureMove","Prostrate+1","WheelKick"],"picked":"SKIP","floor":24.0},{"not_picked":["EmptyBody+1","FearNoEvil"],"picked":"TalkToTheHand","floor":25.0},{"not_picked":["Consecrate","ClearTheMind+1","WheelKick"],"picked":"SKIP","floor":27.0},{"not_picked":["ClearTheMind+1","SandsOfTime","Sanctity+1"],"picked":"SKIP","floor":28.0},{"not_picked":["Weave","JustLucky","CrushJoints"],"picked":"SKIP","floor":30.0},{"not_picked":["Wish+1","LessonLearned"],"picked":"DeusExMachina+1","floor":33.0},{"not_picked":["FlyingSleeves","ClearTheMind+1","Swivel+1"],"picked":"SKIP","floor":35.0},{"not_picked":["JustLucky","CutThroughFate"],"picked":"Adaptation","floor":37.0},{"not_picked":["PathToVictory+1","Indignation+1","ThirdEye+1"],"picked":"SKIP","floor":38.0},{"not_picked":["Study","SandsOfTime","CutThroughFate+1"],"picked":"SKIP","floor":40.0},{"not_picked":["Adaptation+1","EmptyBody+1","Worship+1"],"picked":"SKIP","floor":42.0},{"not_picked":["ConjureBlade+1","SashWhip","FlyingSleeves+1"],"picked":"SKIP","floor":44.0},{"not_picked":["Worship+1","FlyingSleeves","FollowUp"],"picked":"SKIP","floor":45.0},{"not_picked":["ReachHeaven","Collect+1","Evaluate+1"],"picked":"SKIP","floor":46.0},{"not_picked":["PathToVictory+1","ReachHeaven","Tantrum"],"picked":"SKIP","floor":47.0},{"not_picked":["Wallop+1","DeceiveReality+1","Meditate+1"],"picked":"SKIP","floor":55}],"player_experience":1105175,"relics_obtained":[{"floor":6.0,"key":"Pantograph"},{"floor":9.0,"key":"Nunchaku"},{"floor":11.0,"key":"War Paint"},{"floor":24.0,"key":"Toxic Egg 2"},{"floor":26.0,"key":"Strawberry"},{"floor":30.0,"key":"Akabeko"},{"floor":40.0,"key":"Pen Nib"},{"floor":42.0,"key":"Bag of Marbles"},{"floor":47.0,"key":"Smiling Mask"},{"floor":48.0,"key":"Ice Cream"},{"floor":55,"key":"Kunai"}],"event_choices":[{"damage_healed":0.0,"max_hp_gain":0.0,"max_hp_loss":0.0,"gold_gain":0.0,"event_name":"Shining Light","player_choice":"Ignored","floor":4.0,"gold_loss":0.0,"damage_taken":0.0},{"damage_healed":0.0,"max_hp_gain":5.0,"max_hp_loss":0.0,"gold_gain":0.0,"event_name":"Forgotten Altar","player_choice":"Shed Blood","floor":20.0,"gold_loss":0.0,"damage_taken":24.0},{"damage_healed":0.0,"max_hp_gain":0.0,"max_hp_loss":0.0,"gold_gain":0.0,"event_name":"Knowing Skull","player_choice":"","floor":22.0,"potions_obtained":[],"gold_loss":0.0,"damage_taken":6.0,"cards_obtained":[]},{"cards_removed":["Strike_P"],"damage_healed":0.0,"max_hp_gain":0.0,"max_hp_loss":0.0,"gold_gain":0.0,"event_name":"Beggar","player_choice":"Gave Gold","floor":29.0,"gold_loss":75.0,"damage_taken":0.0},{"damage_healed":0.0,"max_hp_gain":0.0,"max_hp_loss":4.0,"gold_gain":0.0,"event_name":"Winding Halls","player_choice":"Max HP","floor":36.0,"gold_loss":0.0,"damage_taken":0.0},{"damage_healed":0.0,"max_hp_gain":0.0,"max_hp_loss":0.0,"gold_gain":0.0,"event_name":"Accursed Blacksmith","player_choice":"Forge","floor":41.0,"gold_loss":0.0,"damage_taken":0.0,"cards_upgraded":["Adaptation"]},{"damage_healed":0.0,"max_hp_gain":0.0,"max_hp_loss":0.0,"gold_gain":0.0,"event_name":"MindBloom","player_choice":"Fight","floor":48.0,"gold_loss":0.0,"damage_taken":0.0}],"is_beta":false,"boss_relics":[{"not_picked":["Tiny House","Velvet Choker"],"picked":"Coffee Dripper"},{"not_picked":["Cursed Key","Sozu"],"picked":"SlaversCollar"}],"items_purged_floors":[19,31,39,54],"is_endless":false,"potions_floor_spawned":[3,5,6,11,14,18,25,27,30,33,38,44,46,48,55],"ascension_level":20}}