{"host":"as9fo7ctujj2pdsp","time":1614075575,"event":{"mods":["BaseMod","Downfall","Marisa（霧雨　魔理沙）","Minty Spire (QoL Compilation)","StSLib"],"gold_per_floor":[12,23,41,71,71,120,120,48,48,94,110,141,141,198,198,336,336,395,395,395,454,506,579,579,637,685,767,767,767,682,773,773,940,940,974,1011,1011,1091,74,74,124,124,124,223,338,391,391,421,421,421,421,421,7,33,33],"floor_reached":56,"language":"ENG","playtime":6478,"items_purged":["Strike_MRS"],"score":1565,"play_id":"a1963162-e762-439d-adc0-6001b7db16b3","local_time":"20210223231935","is_ascension_mode":true,"campfire_choices":[{"data":"FairyDestructionRay","floor":7.0,"key":"SMITH"},{"data":"FinalSpark","floor":13.0,"key":"SMITH"},{"data":"WitchOfGreed","floor":15.0,"key":"SMITH"},{"data":"WitchOfGreed","floor":24.0,"key":"SMITH"},{"data":"PropBag","floor":32.0,"key":"SMITH"},{"data":"CasketOfStar","floor":40.0,"key":"SMITH"},{"data":"JA","floor":42.0,"key":"SMITH"},{"floor":49,"key":"RECALL"},{"data":"Magnetism","floor":52,"key":"SMITH"}],"circlet_count":0,"master_deck":["Strike_MRS","Strike_MRS","Strike_MRS","Defend_MRS","Defend_MRS","Defend_MRS","Defend_MRS","MasterSpark","UpSweep","SprinkleStarSeal","FairyDestructionRay+1","WitchOfGreed+1","DoubleSpark","IllusionStar","FinalSpark+1","BinaryStars","IllusionStar","WitchOfGreed+1","MysteriousBeam","StarDustReverie","EventHorizon+1","Singularity","GalacticHalo+1","JA+1","PropBag+1","WitchOfGreed","CasketOfStar+1","Madness","Madness","Acceleration+1","Acceleration+1","Magnetism+1","Master of Strategy","Mayhem"],"relics":["MiniHakkero","CaptainsWheel","Question Card","HandmadeGrimoire","Eternal Feather","HornCleat","WingedGreaves","Sozu","Nunchaku","Bottled Lightning","Bag of Marbles","Anchor","Shuriken","Happy Flower","Thread and Needle","Busted Crown","Lizard Tail","SimpleLauncher","SproutingBranch","Dream Catcher","Pantograph","Mango","Bottled Tornado","Lantern","Orichalcum"],"acts_visited":["Exordium","TheCity","TheBeyond","TheEnding"],"potions_floor_usage":[55,55],"damage_taken":[{"damage":1.0,"enemies":"Jaw Worm","floor":1.0,"turns":3.0},{"damage":0.0,"enemies":"2 Louse","floor":2.0,"turns":3.0},{"damage":0.0,"enemies":"Small Slimes","floor":3.0,"turns":2.0},{"damage":7.0,"enemies":"2 Fungi Beasts","floor":4.0,"turns":3.0},{"damage":22.0,"enemies":"3 Sentries","floor":6.0,"turns":6.0},{"damage":14.0,"enemies":"Gremlin Nob","floor":10.0,"turns":4.0},{"damage":5.0,"enemies":"Looter","floor":11.0,"turns":2.0},{"damage":2.0,"enemies":"3 Louse","floor":12.0,"turns":3.0},{"damage":0.0,"enemies":"3 Sentries","floor":14.0,"turns":4.0},{"damage":19.0,"enemies":"The Guardian","floor":16.0,"turns":9.0},{"damage":0.0,"enemies":"Spheric Guardian","floor":18.0,"turns":4.0},{"damage":0.0,"enemies":"3 Byrds","floor":21.0,"turns":4.0},{"damage":0.0,"enemies":"3 Cultists","floor":22.0,"turns":4.0},{"damage":15.0,"enemies":"Book of Stabbing","floor":23.0,"turns":4.0},{"damage":25.0,"enemies":"Slavers","floor":25.0,"turns":4.0},{"damage":4.0,"enemies":"Book of Stabbing","floor":27.0,"turns":4.0},{"damage":0.0,"enemies":"Gremlin Leader","floor":31.0,"turns":4.0},{"damage":38.0,"enemies":"Automaton","floor":33.0,"turns":7.0},{"damage":0.0,"enemies":"Orb Walker","floor":35.0,"turns":4.0},{"damage":0.0,"enemies":"3 Shapes","floor":36.0,"turns":2.0},{"damage":0.0,"enemies":"3 Darklings","floor":38.0,"turns":6.0},{"damage":0.0,"enemies":"Reptomancer","floor":41.0,"turns":2.0},{"damage":0.0,"enemies":"Giant Head","floor":44.0,"turns":6.0},{"damage":17,"enemies":"Mind Bloom Boss Battle","floor":45,"turns":5},{"damage":0,"enemies":"Writhing Mass","floor":46,"turns":4},{"damage":0,"enemies":"Nemesis","floor":48,"turns":3},{"damage":24,"enemies":"Donu and Deca","floor":50,"turns":5},{"damage":0,"enemies":"Shield and Spear","floor":54,"turns":2},{"damage":41,"enemies":"The Heart","floor":55,"turns":5}],"seed_played":"172020101231898268","potions_obtained":[{"floor":1.0,"key":"Explosive Potion"},{"floor":4.0,"key":"StarNLove"},{"floor":6.0,"key":"BottledSpark"},{"floor":10.0,"key":"bronze:BurnAndBuffPotion"},{"floor":10.0,"key":"BottledSpark"},{"floor":12.0,"key":"bronze:BurnAndBuffPotion"},{"floor":14.0,"key":"Fire Potion"},{"floor":14.0,"key":"Strength Potion"}],"is_trial":false,"path_per_floor":["M","M","M","M","?","E","R","$","T","E","M","M","R","E","R","B",null,"M","?","?","M","M","E","R","E","T","E","T","?","?","E","R","B",null,"M","M","?","M","$","R","E","R","T","E","?","M","?","E","R","B",null,"R","$","E","B",null],"character_chosen":"MARISA","items_purchased":["FinalSpark","Lizard Tail","SimpleLauncher","SproutingBranch","Mayhem","Lantern"],"campfire_rested":0,"item_purchase_floors":[8,39,39,39,53,53],"current_hp_per_floor":[74,74,74,67,64,42,42,42,42,28,23,21,30,30,42,23,75,75,75,75,75,75,60,72,47,47,43,43,43,43,43,58,20,75,75,75,66,66,66,75,75,75,75,75,77,89,79,88,89,70,89,89,89,89,53],"gold":33,"neow_bonus":"ONE_RARE_RELIC","is_daily":false,"chose_seed":false,"campfire_upgraded":8,"win_rate":0.0,"timestamp":1614075575,"path_taken":["M","M","M","M","?","E","R","$","T","E","M","M","R","E","R","BOSS","M","?","?","M","M","E","R","E","T","E","?","?","?","E","R","BOSS","M","M","?","M","$","R","E","R","T","E","?","M","?","E","R","BOSS","R","$","E","BOSS"],"items_purchased_type":["Card","Relic","Relic","Relic","Card","Relic"],"build_version":"2020-12-22","purchased_purges":1,"victory":true,"max_hp_per_floor":[75,75,75,75,75,75,75,75,75,75,75,75,75,75,75,75,75,75,75,75,75,75,75,75,75,75,75,75,75,75,75,75,75,75,75,75,75,75,75,75,75,75,75,75,89,89,89,89,89,89,89,89,89,89,89],"card_choices":[{"not_picked":["LuminesStrike","DarkSpark"],"picked":"SprinkleStarSeal","floor":1.0},{"not_picked":["EventHorizon","UnstableBomb"],"picked":"FairyDestructionRay","floor":2.0},{"not_picked":["WitchLeyline","DarkSpark"],"picked":"WitchOfGreed","floor":3.0},{"not_picked":["OpenUniverse","WitchLeyline"],"picked":"DoubleSpark","floor":4.0},{"not_picked":["GrandCross","DarkSpark","UnstableBomb"],"picked":"IllusionStar","floor":6.0},{"not_picked":["MagicChant","GrandCross","MilkyWay"],"picked":"BinaryStars","floor":10.0},{"not_picked":["RefractionSpark","GrandCross","OpenUniverse"],"picked":"IllusionStar","floor":11.0},{"not_picked":["Occultation","Acceleration","GravityBeat"],"picked":"WitchOfGreed","floor":12.0},{"not_picked":["StarlightTyphoon","AsteroidBelt","BlazeAway"],"picked":"MysteriousBeam","floor":14.0},{"not_picked":["JA","EscapeVelocity","AbsoluteMagnitude"],"picked":"StarDustReverie","floor":16.0},{"not_picked":["DarkSpark","NonDirectionalLaser","MysteriousBeam"],"picked":"EventHorizon+1","floor":18.0},{"not_picked":["IllusionStar","PowerUp+1","SprinkleStarSeal","Orbital"],"picked":"SKIP","floor":21.0},{"not_picked":["DC+1","GrandCross+1","EarthLightRay"],"picked":"Singularity","floor":22.0},{"not_picked":["FairyDestructionRay","UnstableBomb+1","NonDirectionalLaser"],"picked":"GalacticHalo+1","floor":23.0},{"not_picked":["LuminesStrike","WitchLeyline","GrandCross"],"picked":"JA","floor":25.0},{"not_picked":["OpenUniverse+1","GrandCross+1","IllusionStar"],"picked":"PropBag","floor":27.0},{"not_picked":["JA","EventHorizon","MilkyWay","UnstableBomb"],"picked":"SKIP","floor":31.0},{"not_picked":["BinaryStars","TreasureHunter","AbsoluteMagnitude"],"picked":"CasketOfStar","floor":33.0},{"not_picked":["Singularity+1","LuminesStrike"],"picked":"SKIP","floor":35.0},{"not_picked":["DoubleSpark","AsteroidBelt+1"],"picked":"SKIP","floor":36.0},{"not_picked":["Orbital+1","EnergyRecoil"],"picked":"SKIP","floor":38.0},{"not_picked":["DarkSpark","MysteriousBeam+1"],"picked":"SKIP","floor":41.0},{"not_picked":["RefractionSpark+1","GalacticHalo"],"picked":"SKIP","floor":44},{"not_picked":["RefractionSpark+1","GalacticHalo"],"picked":"SKIP","floor":44},{"not_picked":["WitchOfGreed"],"picked":"Acceleration+1","floor":45},{"not_picked":["AsteroidBelt"],"picked":"Acceleration+1","floor":46},{"not_picked":["Forethought"],"picked":"Magnetism","floor":47},{"not_picked":["Trip"],"picked":"Master of Strategy","floor":47},{"not_picked":["GalacticHalo+1","AsteroidBelt"],"picked":"SKIP","floor":48},{"not_picked":["NonDirectionalLaser","GalacticHalo"],"picked":"SKIP","floor":54},{"not_picked":["NonDirectionalLaser","GalacticHalo"],"picked":"SKIP","floor":54}],"player_experience":239171,"relics_obtained":[{"floor":6.0,"key":"HandmadeGrimoire"},{"floor":9.0,"key":"Eternal Feather"},{"floor":10.0,"key":"HornCleat"},{"floor":14.0,"key":"WingedGreaves"},{"floor":23.0,"key":"Nunchaku"},{"floor":25.0,"key":"Bottled Lightning"},{"floor":26.0,"key":"Bag of Marbles"},{"floor":27.0,"key":"Anchor"},{"floor":28.0,"key":"Shuriken"},{"floor":31.0,"key":"Thread and Needle"},{"floor":41.0,"key":"Dream Catcher"},{"floor":44,"key":"Pantograph"},{"floor":45,"key":"Mango"},{"floor":48,"key":"Bottled Tornado"},{"floor":54,"key":"Orichalcum"}],"event_choices":[{"damage_healed":0.0,"max_hp_gain":0.0,"max_hp_loss":0.0,"gold_gain":0.0,"event_name":"Scrap Ooze","player_choice":"Success","floor":5.0,"gold_loss":0.0,"damage_taken":3.0,"relics_obtained":["Question Card"]},{"damage_healed":0.0,"max_hp_gain":0.0,"max_hp_loss":0.0,"gold_gain":0.0,"event_name":"Vampires","player_choice":"Ignored","floor":19.0,"gold_loss":0.0,"damage_taken":0.0},{"damage_healed":0.0,"max_hp_gain":0.0,"max_hp_loss":0.0,"gold_gain":0.0,"event_name":"Ghosts","player_choice":"Ignored","floor":20.0,"gold_loss":0.0,"damage_taken":0.0},{"damage_healed":0.0,"max_hp_gain":0.0,"max_hp_loss":0.0,"gold_gain":0.0,"event_name":"The Library","player_choice":"Read","floor":29.0,"gold_loss":0.0,"damage_taken":0.0,"cards_obtained":["WitchOfGreed"]},{"damage_healed":0.0,"max_hp_gain":0.0,"max_hp_loss":0.0,"gold_gain":0.0,"event_name":"Addict","player_choice":"Obtained Relic","floor":30.0,"gold_loss":85.0,"damage_taken":0.0,"relics_obtained":["Happy Flower"]},{"damage_healed":0.0,"max_hp_gain":0.0,"max_hp_loss":0.0,"gold_gain":0.0,"event_name":"Winding Halls","player_choice":"Embrace Madness","floor":37.0,"gold_loss":0.0,"damage_taken":9.0,"cards_obtained":["Madness","Madness"]},{"damage_healed":0,"gold_gain":0,"player_choice":"Fight","damage_taken":0,"max_hp_gain":0,"max_hp_loss":0,"event_name":"MindBloom","floor":45,"gold_loss":0},{"damage_healed":0,"gold_gain":0,"player_choice":"Memory 3","damage_taken":10,"max_hp_gain":0,"max_hp_loss":0,"event_name":"SensoryStone","floor":47,"gold_loss":0}],"is_beta":false,"boss_relics":[{"not_picked":["Empty Cage","Calling Bell"],"picked":"Sozu"},{"not_picked":["Coffee Dripper","Philosopher\u0027s Stone"],"picked":"Busted Crown"}],"items_purged_floors":[53],"is_endless":false,"potions_floor_spawned":[1,10,11,14,16,21,25,27,31,35,36,41,45],"ascension_level":1}}