{"host":"nbofzmb1hl9rnais","time":1614123038,"event":{"mods":["BaseMod","Colored Map","Minty Spire (QoL Compilation)","StSLib"],"gold_per_floor":[14,14,39,62,86,86,120,120,197,230,230,260,260,283,283,406,406,427,427,94,109,9,9,9,9,36,54,179,202,202,227,227,357,357,373,248,272,272,337,337,337,337,337,36,49,80,80,124,124,124,124,124,46,89,89,89],"floor_reached":55,"language":"ENG","playtime":3012,"items_purged":["Strike_B","Strike_B","Regret","Decay"],"score":793,"play_id":"91bd057e-71a9-492c-84f3-25ce8e8c628f","local_time":"20210223153038","is_ascension_mode":true,"campfire_choices":[{"data":"Storm","floor":6,"key":"SMITH"},{"floor":8,"key":"REST"},{"floor":11,"key":"REST"},{"data":"Zap","floor":15,"key":"SMITH"},{"data":"Echo Form","floor":23,"key":"SMITH"},{"data":"Loop","floor":25,"key":"SMITH"},{"data":"Dualcast","floor":30,"key":"SMITH"},{"data":"Leap","floor":32,"key":"SMITH"},{"floor":40,"key":"RECALL"},{"floor":47,"key":"DIG"},{"floor":49,"key":"DIG"},{"data":"Multi-Cast","floor":52,"key":"SMITH"}],"circlet_count":0,"master_deck":["Defend_B","Defend_B","Defend_B","Zap+1","Dualcast+1","Electrodynamics","Redo","Hologram","Storm+1","BootSequence","Genetic Algorithm","Go for the Eyes","Consume","Loop+1","Echo Form+1","Self Repair","Undo+1","Shame","Reinforced Body","Leap+1","Self Repair+1","Conserve Battery+1","Multi-Cast+1","Loop+1","Gash","Ball Lightning+1","Lockon+1","Amplify"],"relics":["Cracked Core","Golden Idol","Incense Burner","Question Card","Tiny Chest","Odd Mushroom","Cursed Key","Bottled Lightning","Shovel","Oddly Smooth Stone","Turnip","Pantograph","Coffee Dripper","Prayer Wheel","Lee\u0027s Waffle","Du-Vu Doll","Molten Egg 2","InkBottle","Kunai","Bottled Flame"],"acts_visited":["Exordium","TheCity","TheBeyond","TheEnding"],"potions_floor_usage":[7,16,18,48,48,50,55],"damage_taken":[{"damage":6,"enemies":"Jaw Worm","floor":1,"turns":4},{"damage":12,"enemies":"Small Slimes","floor":3,"turns":2},{"damage":1,"enemies":"Cultist","floor":4,"turns":3},{"damage":5,"enemies":"Looter","floor":5,"turns":3},{"damage":27,"enemies":"Gremlin Nob","floor":7,"turns":4},{"damage":19,"enemies":"3 Sentries","floor":10,"turns":4},{"damage":0,"enemies":"The Mushroom Lair","floor":12,"turns":3},{"damage":6,"enemies":"Large Slime","floor":14,"turns":3},{"damage":0,"enemies":"Slime Boss","floor":16,"turns":6},{"damage":12,"enemies":"Shell Parasite","floor":18,"turns":5},{"damage":0,"enemies":"3 Byrds","floor":21,"turns":2},{"damage":5,"enemies":"Sentry and Sphere","floor":27,"turns":4},{"damage":2,"enemies":"Colosseum Slavers","floor":28,"turns":3},{"damage":25,"enemies":"Colosseum Nobs","floor":28,"turns":5},{"damage":18,"enemies":"3 Cultists","floor":29,"turns":4},{"damage":2,"enemies":"Cultist and Chosen","floor":31,"turns":4},{"damage":23,"enemies":"Collector","floor":33,"turns":13},{"damage":8,"enemies":"3 Shapes","floor":35,"turns":2},{"damage":0,"enemies":"3 Darklings","floor":37,"turns":2},{"damage":16,"enemies":"2 Orb Walkers","floor":39,"turns":4},{"damage":1,"enemies":"Maw","floor":45,"turns":10},{"damage":1,"enemies":"Reptomancer","floor":46,"turns":5},{"damage":20,"enemies":"Nemesis","floor":48,"turns":9},{"damage":101,"enemies":"Awakened One","floor":50,"turns":22},{"damage":75,"enemies":"Shield and Spear","floor":54,"turns":10},{"damage":80,"enemies":"The Heart","floor":55,"turns":5}],"seed_played":"7123141775164516942","potions_obtained":[{"floor":5,"key":"FocusPotion"},{"floor":12,"key":"Dexterity Potion"},{"floor":16,"key":"PowerPotion"},{"floor":21,"key":"GamblersBrew"},{"floor":28,"key":"FairyPotion"},{"floor":29,"key":"Swift Potion"},{"floor":48,"key":"SpeedPotion"},{"floor":54,"key":"Dexterity Potion"}],"is_trial":false,"path_per_floor":["M","?","M","M","M","R","E","R","T","E","R","?","?","M","R","B",null,"M","?","$","M","$","R","T","R","T","M","?","M","R","M","R","B",null,"M","$","M","?","?","R","T","?","T","$","M","E","R","E","R","B",null,"R","$","E","B"],"character_chosen":"DEFECT","items_purchased":["Bottled Lightning","Lee\u0027s Waffle","Lockon+1"],"campfire_rested":2,"item_purchase_floors":[20,44,53],"current_hp_per_floor":[69,51,39,38,33,33,6,28,28,9,31,31,31,25,25,25,75,63,63,63,63,63,63,63,63,63,65,45,41,41,56,56,69,75,74,74,74,74,68,68,68,68,68,82,82,82,82,79,79,24,82,82,82,31,0,0],"gold":89,"neow_bonus":"THREE_RARE_CARDS","is_daily":false,"chose_seed":false,"campfire_upgraded":7,"win_rate":0.0,"timestamp":1614123038,"path_taken":["M","?","M","M","M","R","E","R","T","E","R","?","?","M","R","BOSS","M","?","$","M","$","R","?","R","T","M","?","M","R","M","R","BOSS","M","$","M","?","?","R","?","?","T","$","?","E","R","E","R","BOSS","R","$","E","BOSS"],"items_purchased_type":["Relic","Relic","Card"],"build_version":"2020-12-22","purchased_purges":4,"victory":false,"max_hp_per_floor":[75,75,75,75,75,75,75,75,75,75,75,75,75,75,75,75,75,75,75,75,75,75,75,75,75,75,75,75,75,75,75,75,75,75,75,75,75,75,75,75,75,75,75,82,82,82,82,82,82,82,82,82,82,82,82,82],"card_choices":[{"not_picked":["Echo Form","Thunder Strike"],"picked":"Electrodynamics","floor":0},{"not_picked":["Gash","Turbo"],"picked":"Redo","floor":1},{"not_picked":["Streamline","Stack"],"picked":"Hologram","floor":3},{"not_picked":["Gash","Aggregate"],"picked":"Storm","floor":4},{"not_picked":["Beam Cell","Darkness"],"picked":"BootSequence","floor":5},{"not_picked":["Chaos","Steam"],"picked":"Genetic Algorithm","floor":7},{"not_picked":["All For One","Beam Cell","Darkness"],"picked":"Go for the Eyes","floor":10},{"not_picked":["Stack","Reinforced Body","Rebound"],"picked":"Consume","floor":12},{"not_picked":["Doom and Gloom","Cold Snap","Ball Lightning"],"picked":"Loop","floor":14},{"not_picked":["All For One","Biased Cognition","Multi-Cast"],"picked":"Echo Form","floor":16},{"not_picked":["Coolheaded","Sweeping Beam","Gash+1"],"picked":"Self Repair","floor":18},{"not_picked":["Coolheaded","Go for the Eyes","Heatsinks"],"picked":"Undo+1","floor":21},{"not_picked":["Blizzard","Rebound","Loop"],"picked":"Reinforced Body","floor":27},{"not_picked":["Turbo","Reboot","Cold Snap"],"picked":"Leap","floor":28},{"not_picked":["Redo","Sweeping Beam","Hologram"],"picked":"Self Repair+1","floor":29},{"not_picked":["Go for the Eyes","Cold Snap","Beam Cell"],"picked":"Conserve Battery+1","floor":31},{"not_picked":["Reboot","Amplify","Buffer"],"picked":"Multi-Cast","floor":33},{"not_picked":["Cold Snap+1","Barrage","Rebound+1","Go for the Eyes"],"picked":"SKIP","floor":35},{"not_picked":["Beam Cell","Consume","Scrape+1","Leap"],"picked":"SKIP","floor":37},{"not_picked":["Lockon","Skim","Stack+1"],"picked":"Loop+1","floor":39},{"not_picked":["Stack+1","Compile Driver","Steam","Hologram+1"],"picked":"SKIP","floor":45},{"not_picked":["Turbo+1","Steam+1","BootSequence+1","Hello World"],"picked":"SKIP","floor":45},{"not_picked":["Auto Shields","Static Discharge+1","Scrape+1"],"picked":"Ball Lightning+1","floor":46},{"not_picked":["Steam","Streamline+1","Genetic Algorithm","Hologram+1"],"picked":"SKIP","floor":48},{"not_picked":["Rip and Tear+1","Beam Cell+1","Aggregate"],"picked":"Amplify","floor":54}],"player_experience":160104,"relics_obtained":[{"floor":7,"key":"Incense Burner"},{"floor":9,"key":"Question Card"},{"floor":10,"key":"Tiny Chest"},{"floor":12,"key":"Odd Mushroom"},{"floor":24,"key":"Shovel"},{"floor":26,"key":"Oddly Smooth Stone"},{"floor":28,"key":"Turnip"},{"floor":28,"key":"Pantograph"},{"floor":39,"key":"Prayer Wheel"},{"floor":46,"key":"Du-Vu Doll"},{"floor":47,"key":"Molten Egg 2"},{"floor":48,"key":"InkBottle"},{"floor":49,"key":"Kunai"},{"floor":54,"key":"Bottled Flame"}],"event_choices":[{"damage_healed":0,"gold_gain":0,"player_choice":"Take Damage","damage_taken":18,"relics_obtained":["Golden Idol"],"max_hp_gain":0,"max_hp_loss":0,"event_name":"Golden Idol","floor":2,"gold_loss":0},{"damage_healed":0,"gold_gain":0,"player_choice":"Fought Mushrooms","damage_taken":0,"max_hp_gain":0,"max_hp_loss":0,"event_name":"Mushrooms","floor":12,"gold_loss":0},{"cards_removed":["Strike_B"],"damage_healed":0,"gold_gain":0,"player_choice":"Forget","damage_taken":0,"max_hp_gain":0,"max_hp_loss":0,"event_name":"Living Wall","floor":13,"gold_loss":0},{"cards_removed":["Strike_B"],"damage_healed":0,"gold_gain":0,"player_choice":"Purged","damage_taken":0,"max_hp_gain":0,"max_hp_loss":0,"event_name":"Purifier","floor":19,"gold_loss":0},{"damage_healed":0,"gold_gain":0,"player_choice":"Fight","damage_taken":0,"max_hp_gain":0,"max_hp_loss":0,"event_name":"Colosseum","floor":28,"gold_loss":0},{"damage_healed":0,"gold_gain":0,"player_choice":"Fought Nobs","damage_taken":0,"max_hp_gain":0,"max_hp_loss":0,"event_name":"Colosseum","floor":28,"gold_loss":0},{"damage_healed":0,"gold_gain":0,"player_choice":"Memory 1","damage_taken":0,"max_hp_gain":0,"max_hp_loss":0,"event_name":"SensoryStone","floor":38,"gold_loss":0},{"damage_healed":0,"gold_gain":0,"player_choice":"Fight","damage_taken":0,"max_hp_gain":0,"max_hp_loss":0,"event_name":"Mysterious Sphere","floor":39,"gold_loss":0},{"damage_healed":0,"gold_gain":0,"cards_transformed":["Defend_B"],"player_choice":"Transformed","damage_taken":0,"max_hp_gain":0,"max_hp_loss":0,"event_name":"Transmorgrifier","floor":42,"gold_loss":0,"cards_obtained":["Gash"]}],"is_beta":false,"boss_relics":[{"not_picked":["SacredBark","Pandora\u0027s Box"],"picked":"Cursed Key"},{"not_picked":["Calling Bell","FrozenCore"],"picked":"Coffee Dripper"}],"items_purged_floors":[20,22,36,44],"is_endless":false,"potions_floor_spawned":[5,12,16,21,28,28,29,35,37,48,54],"killed_by":"The Heart","ascension_level":1}}