{"host":"cfqfeqi6u2qx5u0e","time":1614090142,"event":{"mods":["AchievementEnabler","BaseMod","Colored Powertips","Minty Spire (QoL Compilation)","Quick Restart","StSLib"],"gold_per_floor":[112,129,145,160,173,200,220,239,239,314,414,439,439,451,451,451,451],"floor_reached":16,"language":"ENG","playtime":1352,"items_purged":[],"score":199,"play_id":"54f75517-85be-4495-a1f7-8647cb69fe51","local_time":"20210223062222","is_ascension_mode":true,"campfire_choices":[{"floor":13,"key":"REST"},{"floor":15,"key":"REST"}],"circlet_count":0,"master_deck":["Strike_R","Strike_R","Strike_R","Strike_R","Strike_R","Defend_R","Defend_R","Defend_R","Defend_R","Bash","Enlightenment","Cleave","Rampage","Warcry","Armaments","Searing Blow","Battle Trance","Juggernaut","Rampage","Sever Soul","Uppercut"],"relics":["Burning Blood","Dead Branch","Red Skull","Mercury Hourglass"],"acts_visited":["Exordium"],"potions_floor_usage":[6,6,6,7],"damage_taken":[{"damage":9,"enemies":"Cultist","floor":1,"turns":5},{"damage":0,"enemies":"Small Slimes","floor":2,"turns":2},{"damage":7,"enemies":"Jaw Worm","floor":3,"turns":3},{"damage":18,"enemies":"Red Slaver","floor":4,"turns":5},{"damage":31,"enemies":"Exordium Thugs","floor":5,"turns":5},{"damage":28,"enemies":"3 Sentries","floor":6,"turns":14},{"damage":1,"enemies":"Looter","floor":7,"turns":5},{"damage":35,"enemies":"Gremlin Gang","floor":8,"turns":5},{"damage":0,"enemies":"Lagavulin","floor":12,"turns":2},{"damage":0,"enemies":"3 Louse","floor":14,"turns":1},{"damage":68,"enemies":"The Guardian","floor":16,"turns":7}],"seed_played":"-689901118807863000","potions_obtained":[{"floor":2,"key":"Energy Potion"},{"floor":3,"key":"SneckoOil"},{"floor":5,"key":"Dexterity Potion"},{"floor":6,"key":"BloodPotion"}],"is_trial":false,"path_per_floor":["M","M","M","M","M","E","M","M","T","?","?","E","R","M","R","B"],"character_chosen":"IRONCLAD","items_purchased":[],"campfire_rested":2,"item_purchase_floors":[],"current_hp_per_floor":[77,80,79,67,42,20,41,12,12,1,1,7,31,37,61,0,0],"gold":451,"neow_bonus":"RANDOM_COLORLESS","is_daily":false,"chose_seed":false,"campfire_upgraded":0,"win_rate":0.0,"timestamp":1614090142,"path_taken":["M","M","?","M","M","E","M","M","T","?","?","E","R","?","R","BOSS"],"items_purchased_type":[],"build_version":"2020-12-22","purchased_purges":0,"victory":false,"max_hp_per_floor":[80,80,80,80,80,80,80,80,80,80,80,80,80,80,80,80,80],"card_choices":[{"not_picked":["Finesse","Dramatic Entrance"],"picked":"Enlightenment","floor":0},{"not_picked":["Havoc","Pommel Strike"],"picked":"Cleave","floor":1},{"not_picked":["Carnage","Cleave"],"picked":"Rampage","floor":2},{"not_picked":["Sword Boomerang","Armaments"],"picked":"Warcry","floor":3},{"not_picked":["Twin Strike","Anger"],"picked":"Armaments","floor":4},{"not_picked":["Uppercut","Warcry"],"picked":"Searing Blow","floor":5},{"not_picked":["Rupture","Clash"],"picked":"Battle Trance","floor":6},{"not_picked":["Bloodletting","Clothesline"],"picked":"Juggernaut","floor":7},{"not_picked":["Warcry","Anger"],"picked":"Rampage","floor":8},{"not_picked":["Sentinel","True Grit"],"picked":"Sever Soul","floor":12},{"not_picked":["Sword Boomerang","Flex"],"picked":"Uppercut","floor":14}],"player_experience":130248,"relics_obtained":[{"floor":6,"key":"Dead Branch"},{"floor":9,"key":"Red Skull"},{"floor":12,"key":"Mercury Hourglass"}],"event_choices":[{"damage_healed":0,"gold_gain":75,"player_choice":"Gather Gold","damage_taken":11,"max_hp_gain":0,"max_hp_loss":0,"event_name":"World of Goop","floor":10,"gold_loss":0},{"damage_healed":0,"gold_gain":100,"player_choice":"Gold","damage_taken":0,"max_hp_gain":0,"max_hp_loss":0,"event_name":"Wheel of Change","floor":11,"gold_loss":0}],"is_beta":false,"boss_relics":[],"items_purged_floors":[],"is_endless":false,"potions_floor_spawned":[2,3,5,6],"killed_by":"The Guardian","ascension_level":4}}