{"host":"dyzdf8svqmiivg97","time":1614059108,"event":{"mods":["AchievementEnabler","BaseMod","Colored Map","DeckTracker","Minty Spire (QoL Compilation)","Quick Restart","Rare Cards Sparkle","SuperFastMode"],"gold_per_floor":[367,45,61,79,99,127,127,141,141,156,168,168,191,91,91,91,91],"floor_reached":16,"language":"KOR","playtime":468,"items_purged":["Strike_P","Defend_P"],"score":166,"play_id":"64f1a72e-28b5-4e5a-a6a2-1a95daa0301f","local_time":"20210223144508","is_ascension_mode":true,"campfire_choices":[{"floor":7,"key":"REST"},{"floor":12,"key":"REST"},{"data":"Adaptation","floor":15,"key":"SMITH"}],"circlet_count":0,"master_deck":["AscendersBane","Strike_P","Strike_P","Strike_P","Defend_P","Defend_P","Defend_P","Eruption","Vigilance","MentalFortress","EmptyFist","Adaptation+1","EmptyMind","Indignation","MentalFortress","BowlingBash"],"relics":["PureWater","Medical Kit","Odd Mushroom"],"acts_visited":["Exordium"],"potions_floor_usage":[6,8,11,16],"damage_taken":[{"damage":2,"enemies":"2 Louse","floor":1,"turns":2},{"damage":0,"enemies":"Jaw Worm","floor":3,"turns":3},{"damage":0,"enemies":"Small Slimes","floor":4,"turns":3},{"damage":2,"enemies":"Red Slaver","floor":5,"turns":3},{"damage":38,"enemies":"3 Sentries","floor":6,"turns":12},{"damage":1,"enemies":"Looter","floor":8,"turns":4},{"damage":4,"enemies":"2 Fungi Beasts","floor":10,"turns":4},{"damage":4,"enemies":"Red Slaver","floor":11,"turns":4},{"damage":13,"enemies":"The Mushroom Lair","floor":13,"turns":4},{"damage":29,"enemies":"Hexaghost","floor":16,"turns":7}],"seed_played":"4513531736715767110","potions_obtained":[{"floor":3,"key":"Dexterity Potion"},{"floor":4,"key":"SpeedPotion"},{"floor":6,"key":"Block Potion"},{"floor":8,"key":"SneckoOil"}],"is_trial":false,"path_per_floor":["M","$","M","M","M","E","R","M","T","M","M","R","?","$","R","B"],"character_chosen":"WATCHER","items_purchased":["Medical Kit","MentalFortress","EmptyFist"],"campfire_rested":2,"item_purchase_floors":[2,2,2],"current_hp_per_floor":[45,45,45,45,43,5,26,25,25,21,17,38,25,25,25,0,0],"gold":91,"neow_bonus":"TWO_FIFTY_GOLD","is_daily":false,"chose_seed":false,"campfire_upgraded":1,"win_rate":0.0,"timestamp":1614059108,"path_taken":["M","$","M","M","M","E","R","M","T","M","M","R","?","$","R","BOSS"],"items_purchased_type":["Relic","Card","Card"],"build_version":"2020-12-22","purchased_purges":2,"victory":false,"max_hp_per_floor":[72,72,72,72,72,72,72,72,72,72,72,72,72,72,72,72,72],"card_choices":[{"not_picked":["ClearTheMind","Perseverance","Wallop"],"picked":"SKIP","floor":1},{"not_picked":["Protect","SandsOfTime"],"picked":"Adaptation","floor":3},{"not_picked":["EmptyBody","Evaluate"],"picked":"EmptyMind","floor":4},{"not_picked":["Swivel","FlyingSleeves"],"picked":"Indignation","floor":5},{"not_picked":["Halt","Crescendo"],"picked":"MentalFortress","floor":6},{"not_picked":["WaveOfTheHand","EmptyFist","Crescendo"],"picked":"SKIP","floor":8},{"not_picked":["CutThroughFate","Halt"],"picked":"BowlingBash","floor":10},{"not_picked":["FlyingSleeves","ConjureBlade","Worship"],"picked":"SKIP","floor":11}],"player_experience":594255,"relics_obtained":[{"floor":13,"key":"Odd Mushroom"}],"event_choices":[{"damage_healed":0,"gold_gain":0,"player_choice":"Fought Mushrooms","damage_taken":0,"max_hp_gain":0,"max_hp_loss":0,"event_name":"Mushrooms","floor":13,"gold_loss":0}],"is_beta":false,"boss_relics":[],"items_purged_floors":[2,14],"is_endless":false,"potions_floor_spawned":[3,4,6,8],"killed_by":"Hexaghost","ascension_level":12}}