{"host":"lktusdb9orijgc6z","time":1614094587,"event":{"mods":["BaseMod","Bestiary","Colored Map","Colored Powertips","Filter the Spire","Minty Spire (QoL Compilation)","Permanent Neow","Quick Restart","Relic Stats","StSLib","everything is the same but u backflip on backflip","slay the spire mod where everything is the same but ironclad has a cowboy hat"],"gold_per_floor":[119,131,131,148,167,192,224,236,275,93,120,43,43,43,43,122,122,133,133,233,250,274,274,302,302,302,302,20,31,51,86,86,165,165,182,197,217,235,185,214,214,248,248,259,289,304,304,15,15,15,15],"floor_reached":50,"language":"ENG","playtime":2140,"items_purged":["Strike_R","Strike_R","Iron Wave","Rampage"],"score":1181,"play_id":"6a009366-abee-41c5-8139-87989409f1b2","local_time":"20210223163627","is_ascension_mode":true,"campfire_choices":[{"data":"Fiend Fire","floor":8.0,"key":"SMITH"},{"data":"Inflame","floor":13.0,"key":"SMITH"},{"data":"Immolate","floor":15.0,"key":"SMITH"},{"data":"Feed","floor":23.0,"key":"SMITH"},{"data":"Shockwave","floor":25.0,"key":"SMITH"},{"data":"J.A.X.","floor":27.0,"key":"SMITH"},{"data":"Feel No Pain","floor":32.0,"key":"SMITH"},{"data":"True Grit","floor":41.0,"key":"SMITH"},{"floor":47,"key":"RECALL"},{"data":"Disarm","floor":49,"key":"SMITH"}],"circlet_count":0,"master_deck":["AscendersBane","Bash","Flame Barrier","Blood for Blood","Clothesline","Carnage","Fiend Fire+1","Second Wind","Immolate+1","Inflame+1","Cleave","Feed+1","Inflame","Ghostly Armor","Feel No Pain+1","Whirlwind","Infernal Blade","J.A.X.+1","Shockwave+1","Pummel","Shockwave","Seeing Red","Barricade","Spot Weakness+1","Sword Boomerang","Sword Boomerang+1","True Grit+1","Exhume","Disarm+1","Mayhem"],"relics":["Snecko Eye","CultistMask","MawBank","Smiling Mask","Blood Vial","Pandora\u0027s Box","Bag of Marbles","Bronze Scales","Question Card","Mummified Hand","Bottled Flame","Coffee Dripper","Unceasing Top","Lizard Tail","Charon\u0027s Ashes","Membership Card"],"acts_visited":["Exordium","TheCity","TheBeyond"],"potions_floor_usage":[],"damage_taken":[{"damage":2.0,"enemies":"Jaw Worm","floor":1.0,"turns":3.0},{"damage":0.0,"enemies":"Cultist","floor":2.0,"turns":2.0},{"damage":0.0,"enemies":"Small Slimes","floor":4.0,"turns":3.0},{"damage":9.0,"enemies":"3 Louse","floor":5.0,"turns":4.0},{"damage":5.0,"enemies":"3 Sentries","floor":6.0,"turns":7.0},{"damage":9.0,"enemies":"Lots of Slimes","floor":7.0,"turns":4.0},{"damage":0.0,"enemies":"Lagavulin","floor":11.0,"turns":2.0},{"damage":0.0,"enemies":"Slime Boss","floor":16.0,"turns":3.0},{"damage":0.0,"enemies":"Spheric Guardian","floor":18.0,"turns":1.0},{"damage":0.0,"enemies":"Chosen","floor":21.0,"turns":3.0},{"damage":10.0,"enemies":"Slavers","floor":24.0,"turns":3.0},{"damage":7.0,"enemies":"Shelled Parasite and Fungi","floor":29.0,"turns":2.0},{"damage":2.0,"enemies":"Snecko","floor":30.0,"turns":2.0},{"damage":3.0,"enemies":"Gremlin Leader","floor":31.0,"turns":5.0},{"damage":27.0,"enemies":"Champ","floor":33.0,"turns":5.0},{"damage":11.0,"enemies":"Orb Walker","floor":35.0,"turns":2.0},{"damage":12.0,"enemies":"3 Shapes","floor":36.0,"turns":5.0},{"damage":3.0,"enemies":"Transient","floor":37.0,"turns":5.0},{"damage":33.0,"enemies":"Writhing Mass","floor":38.0,"turns":3.0},{"damage":27.0,"enemies":"Nemesis","floor":40.0,"turns":5.0},{"damage":9.0,"enemies":"Giant Head","floor":42.0,"turns":5.0},{"damage":15.0,"enemies":"4 Shapes","floor":44.0,"turns":4.0},{"damage":25,"enemies":"Reptomancer","floor":45,"turns":5},{"damage":3,"enemies":"Transient","floor":46,"turns":5},{"damage":53,"enemies":"Time Eater","floor":50,"turns":4}],"seed_played":"846508774053768440","potions_obtained":[{"floor":4.0,"key":"Weak Potion"},{"floor":5.0,"key":"Energy Potion"},{"floor":11.0,"key":"FairyPotion"},{"floor":21.0,"key":"Regen Potion"},{"floor":29.0,"key":"LiquidMemories"},{"floor":30.0,"key":"SteroidPotion"},{"floor":36.0,"key":"Strength Potion"},{"floor":38.0,"key":"SkillPotion"},{"floor":44.0,"key":"SkillPotion"}],"is_trial":false,"path_per_floor":["M","M","?","M","M","E","M","R","T","$","E","$","R","?","R","B",null,"M","?","?","M","T","R","E","R","T","R","$","M","M","E","R","B",null,"M","M","M","M","$","E","R","E","T","M","E","M","R","$","R","B"],"character_chosen":"IRONCLAD","items_purchased":["Immolate","Cleave","Mummified Hand","Shockwave","Membership Card","Mayhem"],"campfire_rested":0,"item_purchase_floors":[10,12,28,28,48,48],"current_hp_per_floor":[66,66,66,66,57,52,43,43,43,43,43,43,43,48,48,50,73,75,75,75,80,80,80,76,76,76,76,76,75,79,78,78,53,85,80,74,73,42,42,17,17,14,14,1,50,49,49,49,49,0,0],"gold":15,"neow_bonus":"BOSS_RELIC","is_daily":false,"chose_seed":false,"campfire_upgraded":9,"win_rate":0.0,"timestamp":1614094587,"path_taken":["M","M","?","M","M","E","?","R","T","$","E","$","R","?","R","BOSS","M","?","?","?","?","R","E","R","T","R","$","M","M","E","R","BOSS","M","M","M","M","$","E","R","E","T","M","E","M","R","$","R","BOSS"],"items_purchased_type":["Card","Card","Relic","Card","Relic","Card"],"build_version":"2020-12-22","purchased_purges":4,"victory":false,"max_hp_per_floor":[75,75,75,75,75,75,75,75,75,75,75,75,75,80,80,80,80,80,80,80,83,83,83,87,87,87,87,87,91,95,95,95,95,95,99,103,103,103,103,103,103,107,107,107,107,107,107,107,107,107,107],"relic_stats":{"counters":[25,92],"Charon\u0027s Ashes":[75],"MawBank":48,"Smiling Mask":175,"Question Card":13,"Blood Vial":36,"Lizard Tail":53,"Mummified Hand":[72],"Bronze Scales":[104],"Snecko Eye":[144,160,152,130],"Pandora\u0027s Box":["Inflame","Ghostly Armor","Feel No Pain","Whirlwind","Iron Wave","Rampage","Infernal Blade"],"obtain_stats":[{"Charon\u0027s Ashes":45,"MawBank":6,"Smiling Mask":9,"Question Card":26,"Burning Blood":0,"Blood Vial":11,"Bottled Flame":31,"Lizard Tail":42,"Mummified Hand":28,"Bronze Scales":24,"Snecko Eye":0,"Pandora\u0027s Box":17,"CultistMask":3,"Bag of Marbles":22,"Coffee Dripper":34,"Membership Card":48,"Unceasing Top":40},{"Charon\u0027s Ashes":23,"MawBank":5,"Smiling Mask":6,"Question Card":11,"Burning Blood":0,"Blood Vial":7,"Bottled Flame":14,"Lizard Tail":21,"Mummified Hand":11,"Bronze Scales":11,"Snecko Eye":0,"Pandora\u0027s Box":8,"CultistMask":2,"Bag of Marbles":10,"Coffee Dripper":15,"Membership Card":24,"Unceasing Top":20},{"Charon\u0027s Ashes":83,"MawBank":19,"Smiling Mask":23,"Question Card":35,"Burning Blood":0,"Blood Vial":25,"Bottled Flame":44,"Lizard Tail":74,"Mummified Hand":35,"Bronze Scales":35,"Snecko Eye":0,"Pandora\u0027s Box":28,"CultistMask":5,"Bag of Marbles":32,"Coffee Dripper":49,"Membership Card":88,"Unceasing Top":69}],"Unceasing Top":[14]},"card_choices":[{"not_picked":["Anger","Pommel Strike"],"picked":"Flame Barrier","floor":1.0},{"not_picked":["Headbutt","Shrug It Off"],"picked":"Blood for Blood","floor":2.0},{"not_picked":["Warcry","Second Wind"],"picked":"Clothesline","floor":4.0},{"not_picked":["True Grit","Flex"],"picked":"Carnage","floor":5.0},{"not_picked":["Havoc","Armaments"],"picked":"Fiend Fire","floor":6.0},{"not_picked":["Warcry","Evolve"],"picked":"Second Wind","floor":7.0},{"not_picked":["Combust","Sword Boomerang"],"picked":"Inflame","floor":11.0},{"not_picked":["Immolate","Berserk"],"picked":"Feed","floor":16.0},{"not_picked":["Headbutt","Twin Strike+1","Sword Boomerang"],"picked":"SKIP","floor":18.0},{"not_picked":["Pommel Strike","Battle Trance"],"picked":"Shockwave","floor":21.0},{"not_picked":["Wild Strike","Berserk"],"picked":"Pummel","floor":24.0},{"not_picked":["Sever Soul","Armaments","Shockwave"],"picked":"Seeing Red","floor":29.0},{"not_picked":["Clothesline","Flex","Warcry","Armaments"],"picked":"SKIP","floor":30.0},{"not_picked":["Feed","Sever Soul","Infernal Blade","Intimidate"],"picked":"SKIP","floor":31.0},{"not_picked":["Impervious","Feed","Juggernaut"],"picked":"Barricade","floor":33.0},{"not_picked":["Sword Boomerang","Warcry+1","Headbutt+1"],"picked":"Spot Weakness+1","floor":35.0},{"not_picked":["Havoc","Thunderclap","Wild Strike"],"picked":"Sword Boomerang","floor":36.0},{"not_picked":["True Grit","Burning Pact+1","Rage"],"picked":"Sword Boomerang+1","floor":37.0},{"not_picked":["Pommel Strike+1","Thunderclap","Cleave","Sword Boomerang"],"picked":"SKIP","floor":38.0},{"not_picked":["Reckless Charge+1","Headbutt","Evolve"],"picked":"True Grit","floor":40.0},{"not_picked":["Shockwave+1","Demon Form","Armaments+1","Flex+1"],"picked":"SKIP","floor":42.0},{"not_picked":["Infernal Blade","Reckless Charge","Flex","Thunderclap"],"picked":"SKIP","floor":44.0},{"not_picked":["Perfected Strike","Dual Wield","Cleave"],"picked":"Exhume","floor":45},{"not_picked":["Flex+1","Dropkick","Armaments"],"picked":"Disarm","floor":46}],"player_experience":812575,"relics_obtained":[{"floor":6.0,"key":"MawBank"},{"floor":9.0,"key":"Smiling Mask"},{"floor":11.0,"key":"Blood Vial"},{"floor":22.0,"key":"Bag of Marbles"},{"floor":24.0,"key":"Bronze Scales"},{"floor":26.0,"key":"Question Card"},{"floor":31.0,"key":"Bottled Flame"},{"floor":40.0,"key":"Unceasing Top"},{"floor":42.0,"key":"Lizard Tail"},{"floor":45,"key":"Charon\u0027s Ashes"}],"event_choices":[{"damage_healed":0.0,"max_hp_gain":0.0,"max_hp_loss":0.0,"gold_gain":0.0,"event_name":"FaceTrader","player_choice":"Trade","floor":3.0,"gold_loss":0.0,"damage_taken":0.0,"relics_obtained":["CultistMask"]},{"damage_healed":0.0,"max_hp_gain":5.0,"max_hp_loss":0.0,"gold_gain":0.0,"event_name":"Big Fish","player_choice":"Donut","floor":14.0,"gold_loss":0.0,"damage_taken":0.0},{"damage_healed":0.0,"max_hp_gain":0.0,"max_hp_loss":0.0,"gold_gain":0.0,"event_name":"Drug Dealer","player_choice":"Obtain J.A.X.","floor":19.0,"gold_loss":0.0,"damage_taken":0.0,"cards_obtained":["J.A.X."]},{"damage_healed":0.0,"max_hp_gain":0.0,"max_hp_loss":0.0,"gold_gain":100.0,"event_name":"Golden Shrine","player_choice":"Pray","floor":20.0,"gold_loss":0.0,"damage_taken":0.0}],"is_beta":false,"boss_relics":[{"not_picked":["Runic Dome","Tiny House"],"picked":"Pandora\u0027s Box"},{"not_picked":["Runic Cube","Black Star"],"picked":"Coffee Dripper"}],"items_purged_floors":[10,12,39,48],"is_endless":false,"potions_floor_spawned":[4,5,11,21,29,30,36,37,38,44],"killed_by":"Time Eater","ascension_level":14}}