{"host":"jfbo3eu2ui08ej1u","time":1614053423,"event":{"mods":["2.2 Compatiblity","AchievementEnabler","Act Like it!","Aspiration","BaseMod","Better Altar","Better Match","Better Note","Better Sensory Stone","Better Skull","Better Third Choice","Block Reminder","Colored Map","Colored Powertips","Conspire","DeckTracker","Displayed Cursed Tome","Energized Spire","Fox Events","GifTheSpireLib","Hermit","Hubris","Infinite Spire","Marked Mod","Minty Spire (QoL Compilation)","Monster B Gone","Pale of the Ancients","Poor People Problems","Quick Restart","Relic Filter","Reliquary","Reorder Act Four","Replay The Spire","Shop Mod","Spicy Shops","Spire Arcade","StSLib","Stuff the Spire","The Blue Laboratory","The Disciple","The Forsaken","The Hierophant","The Marked","Uncapped","Unceasing Turn Reminder","Wandering Minibosses"],"gold_per_floor":[109,128,52,66,82,82,82,82],"floor_reached":7,"language":"ENG","playtime":241,"items_purged":[],"score":86,"play_id":"bedef8ea-6d71-442c-83dc-14bed51786d7","local_time":"20210222231023","is_ascension_mode":true,"campfire_choices":[{"floor":6,"key":"REST"}],"circlet_count":0,"master_deck":["AscendersBane","Strike_G","Strike_G","Strike_G","Strike_G","Strike_G","Defend_G","Defend_G","Defend_G","Defend_G","Defend_G","Survivor","Neutralize","A Thousand Cuts","Hidden Blade","Concentrate","ReplayTheSpireMod:Scrap Shanks","Well Laid Plans","hubris:SlightOfHand"],"relics":["Ring of the Snake"],"acts_visited":["Exordium"],"potions_floor_usage":[7],"damage_taken":[{"damage":0,"enemies":"Cultist","floor":1,"turns":4},{"damage":0,"enemies":"2 Louse","floor":2,"turns":5},{"damage":14,"enemies":"Jaw Worm","floor":4,"turns":6},{"damage":28,"enemies":"Lots of Slimes","floor":5,"turns":4},{"damage":22,"enemies":"3 Sentries","floor":7,"turns":4}],"seed_played":"-3797534406637387330","potions_obtained":[{"floor":2,"key":"blueLaboratory:PhilterOfMotion"},{"floor":5,"key":"FearPotion"}],"is_trial":false,"path_per_floor":["M","M","$","M","M","R","E"],"character_chosen":"THE_SILENT","items_purchased":["ReplayTheSpireMod:Scrap Shanks"],"campfire_rested":1,"item_purchase_floors":[3],"current_hp_per_floor":[44,44,44,30,2,21,0,0],"gold":82,"neow_bonus":"THREE_RARE_CARDS","is_daily":false,"chose_seed":false,"campfire_upgraded":0,"win_rate":0.0,"timestamp":1614053423,"path_taken":["M","M","?","M","M","R","E"],"items_purchased_type":["Card"],"build_version":"2020-12-22","purchased_purges":0,"victory":false,"max_hp_per_floor":[66,66,66,66,66,66,66,66],"card_choices":[{"not_picked":["Malaise","Glass Knife"],"picked":"A Thousand Cuts","floor":0},{"not_picked":["hubris:SlightOfHand","ReplayTheSpireMod:Tripwire"],"picked":"Hidden Blade","floor":1},{"not_picked":["ReplayTheSpireMod:Tripwire","Finisher"],"picked":"Concentrate","floor":2},{"not_picked":["StuffTheSpire:Injection","Endless Agony"],"picked":"Well Laid Plans","floor":4},{"not_picked":["Sucker Punch","Tactician"],"picked":"hubris:SlightOfHand","floor":5}],"player_experience":1365060,"relics_obtained":[],"event_choices":[],"is_beta":false,"boss_relics":[],"items_purged_floors":[],"is_endless":false,"potions_floor_spawned":[2,5],"killed_by":"3 Sentries","ascension_level":20}}