{"host":"o0dii6afppedd0fm","time":1614095145,"event":{"mods":["BaseMod","Colored Powertips","Minty Spire (QoL Compilation)","Replay The Spire","StSLib"],"gold_per_floor":[117,117,133,133,133,168,189,189,213,233,233,257,257,297,297,420,420,438,17,17,40,60,101,101,101,101],"floor_reached":25,"language":"ZHS","playtime":2055,"items_purged":["Strike_G"],"score":256,"play_id":"78a690db-8b1e-4773-b272-8fc62ba107f4","local_time":"20210223234545","is_ascension_mode":false,"campfire_choices":[{"floor":11,"key":"REST"},{"floor":15,"key":"REST"},{"floor":24,"key":"REST"}],"circlet_count":0,"master_deck":["Strike_G","Strike_G","Strike_G","Strike_G","Defend_G","Defend_G","Defend_G","Defend_G","Defend_G+1","Survivor+1","Neutralize","Masterful Stab","Hidden Blade","Regret","Injury","Dagger Spray","Poisoned Stab","Deadly Poison","Poisoned Stab","Tools of the Trade","Bane","Corpse Explosion","Bane","Deadly Poison","Bane+1","Noxious Fumes","Bouncing Flask","Atom Bomb"],"relics":["Ring of the Snake","NeowsBlessing","Replay:Bottled Flurry","Golden Idol","Boot","Snake Skull","Dream Catcher","Philosopher\u0027s Stone","Replay:Towering Pillar of Hats","Bottled Lightning"],"acts_visited":["Exordium","TheCity"],"potions_floor_usage":[22,23,23],"damage_taken":[{"damage":0.0,"enemies":"2 Louse","floor":1.0,"turns":1.0},{"damage":0.0,"enemies":"Cultist","floor":3.0,"turns":1.0},{"damage":0,"enemies":"Gremlin Nob","floor":6,"turns":1},{"damage":2,"enemies":"Small Slimes","floor":7,"turns":3},{"damage":9,"enemies":"Blue Slaver","floor":10,"turns":3},{"damage":9,"enemies":"Large Slime","floor":12,"turns":6},{"damage":11,"enemies":"Replay:BlueRogue","floor":14,"turns":5},{"damage":12,"enemies":"Hexaghost","floor":16,"turns":9},{"damage":17,"enemies":"2 Thieves","floor":18,"turns":3},{"damage":15,"enemies":"Shell Parasite","floor":21,"turns":4},{"damage":14,"enemies":"Cultist and Chosen","floor":22,"turns":4},{"damage":15,"enemies":"Replay:Snechameleon","floor":23,"turns":4},{"damage":32,"enemies":"Gremlin Leader","floor":25,"turns":4}],"seed_played":"8462107283412650351","potions_obtained":[{"floor":1.0,"key":"Toxic Potion"},{"floor":6,"key":"Elixir"},{"floor":12,"key":"GamblersBrew"},{"floor":13,"key":"Flashbang"},{"floor":13,"key":"Death Potion"},{"floor":13,"key":"Adrenaline Potion"}],"is_trial":false,"path_per_floor":["M","?","M","?","?","E","M","T","T","M","R","M","?","E","R","B",null,"M","$","?","M","M","E","R","E"],"character_chosen":"THE_SILENT","items_purchased":["Replay:Towering Pillar of Hats","Deadly Poison"],"campfire_rested":3,"item_purchase_floors":[19,19],"current_hp_per_floor":[70,56,56,56,56,56,54,54,54,45,66,57,57,46,67,55,70,53,53,53,38,24,9,30,0,0],"gold":101,"neow_bonus":"THREE_ENEMY_KILL","is_daily":false,"chose_seed":false,"campfire_upgraded":0,"win_rate":0.0,"timestamp":1614095145,"path_taken":["M","?","M","?","?","E","M","?","T","M","R","M","?","E","R","BOSS","M","$","?","M","M","E","R","E"],"items_purchased_type":["Relic","Card"],"build_version":"2020-12-22","purchased_purges":1,"victory":false,"max_hp_per_floor":[70,70,70,70,70,70,70,70,70,70,70,70,70,70,70,70,70,70,70,70,70,70,70,70,70,70],"card_choices":[{"not_picked":["Dash","Backstab"],"picked":"Masterful Stab","floor":1.0},{"not_picked":["Endless Agony","Bane"],"picked":"Hidden Blade","floor":3.0},{"not_picked":["Toxin Wave","ReplayTheSpireMod:Tripwire"],"picked":"Dagger Spray","floor":6},{"not_picked":["Deadly Poison","Dodge and Roll"],"picked":"Poisoned Stab","floor":7},{"not_picked":["Dagger Throw","Acrobatics"],"picked":"Deadly Poison","floor":10},{"not_picked":["Prepared","Deflect"],"picked":"Poisoned Stab","floor":12},{"not_picked":["Acrobatics","Glass Knife"],"picked":"Tools of the Trade","floor":14},{"not_picked":["Acrobatics","Deflect"],"picked":"Bane","floor":15},{"not_picked":["Die Die Die","Venomology"],"picked":"Corpse Explosion","floor":16},{"not_picked":["Flying Knee","Dagger Throw"],"picked":"Bane","floor":18},{"not_picked":["Skewer","Backstab"],"picked":"Bane+1","floor":21},{"not_picked":["Footwork+1","PiercingWail"],"picked":"Noxious Fumes","floor":22},{"not_picked":["Backflip","ReplayTheSpireMod:Shiv Toss"],"picked":"Bouncing Flask","floor":23},{"not_picked":["Predator+1","Blade Dance"],"picked":"Atom Bomb","floor":24}],"player_experience":83986,"relics_obtained":[{"floor":6,"key":"Boot"},{"floor":9,"key":"Snake Skull"},{"floor":14,"key":"Dream Catcher"},{"floor":23,"key":"Bottled Lightning"}],"event_choices":[{"damage_healed":0.0,"max_hp_gain":0.0,"max_hp_loss":0.0,"gold_gain":0.0,"event_name":"Shining Light","player_choice":"Entered Light","floor":2.0,"gold_loss":0.0,"damage_taken":14.0,"cards_upgraded":["Survivor","Defend_G"]},{"damage_healed":0,"gold_gain":0,"player_choice":"Box","damage_taken":0,"relics_obtained":["Replay:Bottled Flurry"],"max_hp_gain":0,"max_hp_loss":0,"event_name":"Big Fish","floor":4,"gold_loss":0,"cards_obtained":["Regret"]},{"damage_healed":0,"gold_gain":0,"player_choice":"Take Wound","damage_taken":0,"relics_obtained":["Golden Idol"],"max_hp_gain":0,"max_hp_loss":0,"event_name":"Golden Idol","floor":5,"gold_loss":0,"cards_obtained":["Injury"]},{"damage_healed":0,"gold_gain":0,"player_choice":"Got Potions","damage_taken":0,"max_hp_gain":0,"max_hp_loss":0,"event_name":"Lab","floor":13,"gold_loss":0},{"damage_healed":0,"gold_gain":0,"player_choice":"Ignored","damage_taken":0,"max_hp_gain":0,"max_hp_loss":0,"event_name":"Vampires","floor":20,"gold_loss":0}],"is_beta":false,"boss_relics":[{"not_picked":["Astrolabe","Replay:Wanted Poster"],"picked":"Philosopher\u0027s Stone"}],"items_purged_floors":[19],"is_endless":false,"potions_floor_spawned":[1,6,12,16,21],"killed_by":"Gremlin Leader","ascension_level":0}}