{"host":"u4xl3cfa8ez93srb","time":1614047531,"event":{"mods":["BaseMod","Colored Map","Minty Spire (QoL Compilation)","StSLib"],"gold_per_floor":[110,110,121,139,139,139,139,175,221,242,276,297,312,347,347,347,347],"floor_reached":16,"language":"ENG","playtime":606,"items_purged":[],"score":195,"play_id":"8099746b-5c78-4596-85fc-7fe2ebb33261","local_time":"20210223133211","is_ascension_mode":true,"campfire_choices":[{"data":"Hemokinesis","floor":6,"key":"SMITH"},{"data":"Hemokinesis","floor":15,"key":"SMITH"}],"circlet_count":0,"master_deck":["AscendersBane","Strike_R","Strike_R","Strike_R","Strike_R","Defend_R","Defend_R","Defend_R","Defend_R","Bash","Shrug It Off","Hemokinesis+1","Hemokinesis+1","Combust","Ghostly Armor","Wild Strike","Flame Barrier","Thunderclap"],"relics":["Burning Blood","NeowsBlessing","Golden Idol","MealTicket","Bronze Scales","Oddly Smooth Stone","Shuriken"],"acts_visited":["Exordium"],"potions_floor_usage":[8,14,14],"damage_taken":[{"damage":0,"enemies":"2 Louse","floor":1,"turns":1},{"damage":0,"enemies":"Cultist","floor":3,"turns":1},{"damage":2,"enemies":"Small Slimes","floor":4,"turns":1},{"damage":14,"enemies":"Gremlin Nob","floor":8,"turns":3},{"damage":9,"enemies":"2 Fungi Beasts","floor":10,"turns":3},{"damage":38,"enemies":"3 Sentries","floor":11,"turns":8},{"damage":9,"enemies":"Blue Slaver","floor":12,"turns":3},{"damage":5,"enemies":"3 Louse","floor":13,"turns":3},{"damage":25,"enemies":"Lagavulin","floor":14,"turns":5},{"damage":13,"enemies":"The Guardian","floor":16,"turns":9}],"seed_played":"-5592524343631760014","potions_obtained":[{"floor":4,"key":"AttackPotion"},{"floor":10,"key":"Strength Potion"},{"floor":12,"key":"LiquidBronze"},{"floor":13,"key":"BloodPotion"},{"floor":14,"key":"Energy Potion"}],"is_trial":false,"path_per_floor":["M","?","M","M","?","R","?","E","T","M","E","M","M","E","R","B"],"character_chosen":"IRONCLAD","items_purchased":[],"campfire_rested":0,"item_purchase_floors":[],"current_hp_per_floor":[78,78,80,80,60,60,60,52,52,49,17,14,15,12,12,0,0],"gold":347,"neow_bonus":"THREE_ENEMY_KILL","is_daily":false,"chose_seed":false,"campfire_upgraded":2,"win_rate":0.0,"timestamp":1614047531,"path_taken":["M","?","?","M","?","R","?","E","T","?","E","M","M","E","R","BOSS"],"items_purchased_type":[],"build_version":"2020-12-22","purchased_purges":0,"victory":false,"max_hp_per_floor":[80,80,80,80,80,80,80,80,80,80,80,80,80,80,80,80,80],"card_choices":[{"not_picked":["Armaments","Rampage"],"picked":"Shrug It Off","floor":1},{"not_picked":["Sword Boomerang","Clash"],"picked":"Hemokinesis","floor":3},{"not_picked":["Dark Embrace","Dual Wield"],"picked":"Hemokinesis","floor":4},{"not_picked":["Dropkick","Carnage"],"picked":"Ghostly Armor","floor":8},{"not_picked":["Feel No Pain","Reckless Charge","Rampage"],"picked":"SKIP","floor":10},{"not_picked":["Shrug It Off","Pummel"],"picked":"Wild Strike","floor":11},{"not_picked":["Battle Trance","Warcry"],"picked":"Flame Barrier","floor":12},{"not_picked":["Havoc","Infernal Blade","Sword Boomerang"],"picked":"SKIP","floor":13},{"not_picked":["Carnage","Twin Strike"],"picked":"Thunderclap","floor":14}],"player_experience":965729,"relics_obtained":[{"floor":8,"key":"MealTicket"},{"floor":9,"key":"Bronze Scales"},{"floor":11,"key":"Oddly Smooth Stone"},{"floor":14,"key":"Shuriken"}],"event_choices":[{"damage_healed":0,"gold_gain":0,"player_choice":"Bought 0 Potions","damage_taken":0,"max_hp_gain":0,"max_hp_loss":0,"event_name":"The Woman in Blue","floor":2,"gold_loss":0},{"damage_healed":0,"gold_gain":0,"player_choice":"Take Damage","damage_taken":20,"relics_obtained":["Golden Idol"],"max_hp_gain":0,"max_hp_loss":0,"event_name":"Golden Idol","floor":5,"gold_loss":0},{"damage_healed":0,"gold_gain":0,"cards_transformed":["Strike_R"],"player_choice":"Transformed","damage_taken":0,"max_hp_gain":0,"max_hp_loss":0,"event_name":"Transmorgrifier","floor":7,"gold_loss":0,"cards_obtained":["Combust"]}],"is_beta":false,"boss_relics":[],"items_purged_floors":[],"is_endless":false,"potions_floor_spawned":[4,10,12,13,14],"killed_by":"The Guardian","ascension_level":12}}