{"host":"7nm1ow5v9mg4ehcw","time":1614119158,"event":{"mods":["BaseMod","Minty Spire (QoL Compilation)","Relic Stats","StSLib"],"gold_per_floor":[209,209,5,19,36,36,54,54,54,54,74,105,116,150,150,226,226,236,252,265,265,280,280,280,308,335,353,353,353,353,353,353,435,435,453,453,45,0,23,61,61,70,70,102,130,167,2,2,2,2],"floor_reached":51,"language":"ENG","playtime":2041,"items_purged":[],"score":1440,"play_id":"b463f32a-9ac2-4e53-a813-86abc68e1967","local_time":"20210223232558","is_ascension_mode":true,"campfire_choices":[{"data":"Footwork","floor":6,"key":"SMITH"},{"data":"Dagger Spray","floor":8,"key":"SMITH"},{"data":"Neutralize","floor":10,"key":"SMITH"},{"floor":15,"key":"REST"},{"data":"Calculated Gamble","floor":23,"key":"SMITH"},{"floor":29,"key":"REST"},{"floor":32,"key":"REST"},{"data":"Catalyst","floor":41,"key":"SMITH"},{"floor":49,"key":"REST"}],"circlet_count":0,"master_deck":["AscendersBane","Strike_G+1","Strike_G+1","Strike_G+1","Strike_G+1","Strike_G+1","Defend_G+1","Defend_G+1","Defend_G+1","Defend_G+1","Defend_G+1","Survivor","Neutralize+1","Quick Slash","Dramatic Entrance","Dagger Spray+1","Footwork+1","Outmaneuver","Bouncing Flask","Crippling Poison","Blade Dance","Catalyst+1","Deadly Poison","Deadly Poison","Poisoned Stab+1","RitualDagger","Calculated Gamble+1","Corpse Explosion","Dodge and Roll","Venomology","Catalyst+1","Malaise","Tools of the Trade"],"relics":["Ring of the Snake","Mercury Hourglass","Snake Skull","Runic Pyramid","PreservedInsect","CeramicFish","Ninja Scroll","Nloth\u0027s Gift","Cursed Key","MealTicket","Lee\u0027s Waffle","Red Mask","Molten Egg 2","Gremlin Horn","Bag of Preparation","Vajra"],"acts_visited":["Exordium","TheCity","TheBeyond"],"potions_floor_usage":[12,22,25,25,44,45,46,50],"damage_taken":[{"damage":3,"enemies":"2 Louse","floor":1,"turns":4},{"damage":5,"enemies":"Cultist","floor":4,"turns":5},{"damage":0,"enemies":"Jaw Worm","floor":5,"turns":4},{"damage":3,"enemies":"Looter","floor":7,"turns":4},{"damage":0,"enemies":"2 Fungi Beasts","floor":11,"turns":1},{"damage":12,"enemies":"Lagavulin","floor":12,"turns":6},{"damage":3,"enemies":"Large Slime","floor":13,"turns":4},{"damage":7,"enemies":"Gremlin Nob","floor":14,"turns":3},{"damage":3,"enemies":"The Guardian","floor":16,"turns":7},{"damage":0,"enemies":"3 Byrds","floor":18,"turns":2},{"damage":0,"enemies":"Chosen","floor":19,"turns":4},{"damage":3,"enemies":"Centurion and Healer","floor":20,"turns":7},{"damage":5,"enemies":"Snecko","floor":22,"turns":4},{"damage":25,"enemies":"Book of Stabbing","floor":25,"turns":5},{"damage":6,"enemies":"Sentry and Sphere","floor":27,"turns":4},{"damage":36,"enemies":"Champ","floor":33,"turns":13},{"damage":0,"enemies":"3 Darklings","floor":35,"turns":1},{"damage":8,"enemies":"Orb Walker","floor":39,"turns":3},{"damage":8,"enemies":"Nemesis","floor":40,"turns":5},{"damage":17,"enemies":"Reptomancer","floor":44,"turns":5},{"damage":7,"enemies":"4 Shapes","floor":45,"turns":1},{"damage":33,"enemies":"Nemesis","floor":46,"turns":7},{"damage":38,"enemies":"Donu and Deca","floor":50,"turns":5}],"seed_played":"1845876429248489446","potions_obtained":[{"floor":4,"key":"PowerPotion"},{"floor":11,"key":"Fire Potion"},{"floor":14,"key":"Fire Potion"},{"floor":22,"key":"DuplicationPotion"},{"floor":33,"key":"CunningPotion"},{"floor":39,"key":"FairyPotion"},{"floor":46,"key":"Dexterity Potion"}],"is_trial":false,"path_per_floor":["M","?","$","M","M","R","M","R","T","R","M","E","M","E","R","B",null,"M","M","M","?","M","R","?","E","T","M","?","R","T","?","R","B",null,"M","?","$","?","M","E","R","?","T","E","M","E","$","T","R","B",null],"character_chosen":"THE_SILENT","items_purchased":["Dramatic Entrance","Dagger Spray","Footwork","MealTicket","Lee\u0027s Waffle","Regen Potion","Vajra"],"campfire_rested":4,"item_purchase_floors":[3,3,3,37,37,37,47],"current_hp_per_floor":[56,56,56,51,51,51,48,48,48,48,48,36,33,26,45,42,60,60,60,57,51,46,46,46,21,21,15,15,34,34,34,53,17,54,54,54,70,70,62,54,54,54,54,51,44,11,26,26,47,9],"gold":2,"neow_bonus":"HUNDRED_GOLD","is_daily":false,"chose_seed":false,"campfire_upgraded":5,"win_rate":0.0,"timestamp":1614119158,"path_taken":["M","?","$","?","M","R","M","R","T","R","?","E","M","E","R","BOSS","M","?","M","?","M","R","?","E","T","M","?","R","?","?","R","BOSS","M","?","$","?","M","E","R","?","T","E","?","E","?","?","R","BOSS"],"items_purchased_type":["Card","Card","Card","Relic","Relic","Potion","Relic"],"build_version":"2020-12-22","purchased_purges":0,"victory":true,"max_hp_per_floor":[66,66,66,66,66,66,66,66,66,66,66,66,66,66,66,66,66,66,66,66,66,66,66,66,66,66,66,66,66,66,66,66,66,66,66,63,70,70,70,70,70,70,70,70,70,70,70,70,70,70],"relic_stats":{"Lee\u0027s Waffle":16,"Gremlin Horn":[3,3],"counters":[23,104],"CeramicFish":54,"Snake Skull":[89],"PreservedInsect":162,"Bag of Preparation":[0],"Cursed Key":0,"Mercury Hourglass":[251],"MealTicket":15,"Nloth\u0027s Gift":5,"obtain_stats":[{"Lee\u0027s Waffle":37,"Gremlin Horn":44,"CeramicFish":26,"Vajra":47,"Snake Skull":14,"PreservedInsect":25,"Bag of Preparation":46,"Boot":9,"Cursed Key":34,"Mercury Hourglass":12,"Ninja Scroll":30,"MealTicket":37,"Molten Egg 2":40,"Nloth\u0027s Gift":31,"Red Mask":38,"Ring of the Snake":0,"Runic Pyramid":17},{"Lee\u0027s Waffle":17,"Gremlin Horn":20,"CeramicFish":14,"Vajra":22,"Snake Skull":8,"PreservedInsect":14,"Bag of Preparation":22,"Boot":4,"Cursed Key":16,"Mercury Hourglass":6,"Ninja Scroll":15,"MealTicket":17,"Molten Egg 2":19,"Nloth\u0027s Gift":15,"Red Mask":17,"Ring of the Snake":0,"Runic Pyramid":9},{"Lee\u0027s Waffle":78,"Gremlin Horn":91,"CeramicFish":60,"Vajra":99,"Snake Skull":31,"PreservedInsect":60,"Bag of Preparation":99,"Boot":17,"Cursed Key":77,"Mercury Hourglass":24,"Ninja Scroll":64,"MealTicket":78,"Molten Egg 2":86,"Nloth\u0027s Gift":64,"Red Mask":78,"Ring of the Snake":0,"Runic Pyramid":38}],"Ring of the Snake":[46]},"card_choices":[{"not_picked":["Underhanded Strike","Leg Sweep"],"picked":"Quick Slash","floor":1},{"not_picked":["Tactician","Prepared"],"picked":"Outmaneuver","floor":4},{"not_picked":["Poisoned Stab","Deadly Poison"],"picked":"Bouncing Flask","floor":5},{"not_picked":["Flying Knee","Setup"],"picked":"Crippling Poison","floor":7},{"not_picked":["Quick Slash","Prepared"],"picked":"Blade Dance","floor":11},{"not_picked":["Acrobatics","Poisoned Stab"],"picked":"Catalyst","floor":12},{"not_picked":["Tactician","Flechettes","Deflect"],"picked":"SKIP","floor":13},{"not_picked":["Blur","Grand Finale"],"picked":"Deadly Poison","floor":14},{"not_picked":["Quick Slash","Infinite Blades+1","Acrobatics"],"picked":"SKIP","floor":18},{"not_picked":["Outmaneuver","Bouncing Flask"],"picked":"Deadly Poison","floor":19},{"not_picked":["Blade Dance","Blur"],"picked":"Poisoned Stab+1","floor":20},{"not_picked":["Slice","Infinite Blades+1"],"picked":"Calculated Gamble","floor":22},{"not_picked":["Terror","Flechettes+1","Heel Hook+1"],"picked":"SKIP","floor":25},{"not_picked":["Slice","Choke","Deadly Poison"],"picked":"SKIP","floor":27},{"not_picked":["Wraith Form v2","After Image"],"picked":"Corpse Explosion","floor":33},{"not_picked":["Setup+1","Prepared","Backstab"],"picked":"SKIP","floor":35},{"not_picked":["Reflex","Poisoned Stab"],"picked":"Dodge and Roll","floor":39},{"not_picked":["Terror","Dash+1"],"picked":"Venomology","floor":40},{"not_picked":["Doppelganger","Phantasmal Killer","Underhanded Strike+1"],"picked":"SKIP","floor":44},{"not_picked":["Blur","Dagger Spray+1"],"picked":"Malaise","floor":45},{"not_picked":["Endless Agony+1","Well Laid Plans"],"picked":"Tools of the Trade","floor":46}],"player_experience":410146,"relics_obtained":[{"floor":9,"key":"Boot"},{"floor":12,"key":"Mercury Hourglass"},{"floor":14,"key":"Snake Skull"},{"floor":25,"key":"PreservedInsect"},{"floor":26,"key":"CeramicFish"},{"floor":30,"key":"Ninja Scroll"},{"floor":40,"key":"Molten Egg 2"},{"floor":44,"key":"Gremlin Horn"},{"floor":46,"key":"Bag of Preparation"}],"event_choices":[{"damage_healed":0,"gold_gain":0,"player_choice":"0 cards matched","damage_taken":0,"max_hp_gain":0,"max_hp_loss":0,"event_name":"Match and Keep!","floor":2,"gold_loss":0,"cards_obtained":[]},{"damage_healed":0,"gold_gain":0,"player_choice":"Joined the Cult","damage_taken":6,"max_hp_gain":0,"max_hp_loss":0,"event_name":"Nest","floor":21,"gold_loss":0,"cards_obtained":["RitualDagger"]},{"damage_healed":0,"gold_gain":0,"player_choice":"Ignored","damage_taken":0,"max_hp_gain":0,"max_hp_loss":0,"event_name":"Ghosts","floor":24,"gold_loss":0},{"damage_healed":0,"gold_gain":0,"player_choice":"Simplicity","damage_taken":0,"max_hp_gain":0,"max_hp_loss":0,"event_name":"Back to Basics","floor":28,"gold_loss":0,"cards_upgraded":["Strike_G","Strike_G","Strike_G","Strike_G","Strike_G","Defend_G","Defend_G","Defend_G","Defend_G","Defend_G"]},{"damage_healed":0,"gold_gain":0,"player_choice":"Traded Relic","damage_taken":0,"relics_obtained":["Nloth\u0027s Gift"],"max_hp_gain":0,"max_hp_loss":0,"event_name":"N\u0027loth","floor":31,"relics_lost":["Boot"],"gold_loss":0},{"damage_healed":0,"gold_gain":0,"player_choice":"Max HP","damage_taken":0,"max_hp_gain":0,"max_hp_loss":3,"event_name":"Winding Halls","floor":36,"gold_loss":0},{"damage_healed":0,"gold_gain":0,"player_choice":"Paid","damage_taken":0,"relics_obtained":["Red Mask"],"max_hp_gain":0,"max_hp_loss":0,"event_name":"Tomb of Lord Red Mask","floor":38,"gold_loss":45},{"damage_healed":0,"gold_gain":0,"player_choice":"Copied","damage_taken":0,"max_hp_gain":0,"max_hp_loss":0,"event_name":"Duplicator","floor":42,"gold_loss":0,"cards_obtained":["Catalyst"]}],"is_beta":false,"boss_relics":[{"not_picked":["Tiny House","Sozu"],"picked":"Runic Pyramid"},{"not_picked":["SacredBark","Fusion Hammer"],"picked":"Cursed Key"}],"items_purged_floors":[],"is_endless":false,"potions_floor_spawned":[4,11,14,18,22,33,39,46],"ascension_level":17}}