{"host":"iv24d026eac8pm4e","time":1614096272,"event":{"mods":["BaseMod","Minty Spire (QoL Compilation)"],"gold_per_floor":[112,130,140,158,158,158,174,174,223,223,243,259,275,356,356,455,455,479,497,521,521,539,539,24,24,51,51,70,70,94,130,130,130,130],"floor_reached":33,"language":"ENG","playtime":1097,"items_purged":["Defend_B"],"score":558,"play_id":"80715e1e-fcaa-48bd-9b3b-9201a60dad07","local_time":"20210223080432","is_ascension_mode":true,"campfire_choices":[{"data":"Beam Cell","floor":6,"key":"SMITH"},{"data":"Defragment","floor":8,"key":"SMITH"},{"floor":15,"key":"REST"},{"data":"Loop","floor":23,"key":"SMITH"},{"data":"Capacitor","floor":25,"key":"SMITH"},{"data":"Doom and Gloom","floor":32,"key":"SMITH"}],"circlet_count":0,"master_deck":["AscendersBane","Defend_B","Defend_B","Defend_B","Zap","Dualcast","Sweeping Beam","Beam Cell+1","Genetic Algorithm","Melter","Defragment+1","Go for the Eyes","BootSequence","Loop+1","Electrodynamics","Ball Lightning","Leap+1","Glacier+1","Bite","Bite+1","Bite","Bite+1","Bite","Beam Cell+1","Capacitor+1","Fusion+1","Necronomicurse","Doom and Gloom+1","Double Energy"],"relics":["FrozenCore","Golden Idol","Bag of Marbles","The Courier","CaptainsWheel","Whetstone","Nloth\u0027s Gift","Necronomicon","Boot"],"acts_visited":["Exordium","TheCity"],"potions_floor_usage":[7,16,16,31],"damage_taken":[{"damage":2,"enemies":"2 Louse","floor":1,"turns":3},{"damage":4,"enemies":"Jaw Worm","floor":2,"turns":3},{"damage":1,"enemies":"Cultist","floor":3,"turns":3},{"damage":15,"enemies":"Blue Slaver","floor":4,"turns":4},{"damage":0,"enemies":"3 Louse","floor":7,"turns":3},{"damage":2,"enemies":"Looter","floor":11,"turns":3},{"damage":0,"enemies":"2 Fungi Beasts","floor":12,"turns":2},{"damage":4,"enemies":"Red Slaver","floor":13,"turns":2},{"damage":26,"enemies":"The Guardian","floor":16,"turns":11},{"damage":0,"enemies":"Spheric Guardian","floor":18,"turns":3},{"damage":13,"enemies":"2 Thieves","floor":19,"turns":4},{"damage":11,"enemies":"Cultist and Chosen","floor":20,"turns":6},{"damage":5,"enemies":"Chosen and Byrds","floor":22,"turns":5},{"damage":12,"enemies":"Shelled Parasite and Fungi","floor":28,"turns":5},{"damage":8,"enemies":"Sentry and Sphere","floor":30,"turns":3},{"damage":0,"enemies":"Gremlin Leader","floor":31,"turns":8},{"damage":63,"enemies":"Automaton","floor":33,"turns":8}],"seed_played":"-8375491782876954949","potions_obtained":[{"floor":2,"key":"Block Potion"},{"floor":4,"key":"SpeedPotion"},{"floor":11,"key":"SmokeBomb"},{"floor":13,"key":"SpeedPotion"},{"floor":20,"key":"SmokeBomb"},{"floor":28,"key":"Ancient Potion"},{"floor":30,"key":"Explosive Potion"}],"is_trial":false,"path_per_floor":["M","M","M","M","?","R","M","R","T","?","M","M","M","T","R","B",null,"M","M","M","?","M","R","$","R","T","?","M","?","M","E","R","B"],"character_chosen":"DEFECT","items_purchased":["Capacitor","CaptainsWheel","Whetstone"],"campfire_rested":1,"item_purchase_floors":[24,24,24],"current_hp_per_floor":[69,65,64,49,22,22,22,22,22,11,9,9,5,5,28,2,59,59,46,35,35,36,36,36,36,43,43,41,20,22,37,37,0,0],"gold":130,"neow_bonus":"TEN_PERCENT_HP_BONUS","is_daily":false,"chose_seed":false,"campfire_upgraded":5,"win_rate":0.0,"timestamp":1614096272,"path_taken":["M","M","M","M","?","R","M","R","T","?","M","M","?","?","R","BOSS","M","M","M","?","M","R","$","R","T","?","?","?","M","E","R","BOSS"],"items_purchased_type":["Card","Relic","Relic"],"build_version":"2020-12-22","purchased_purges":1,"victory":false,"max_hp_per_floor":[78,78,78,78,78,78,78,78,78,78,78,78,78,78,78,78,78,78,78,78,54,54,54,54,54,61,61,61,61,61,61,61,61,61],"card_choices":[{"not_picked":["Rip and Tear","Barrage"],"picked":"Sweeping Beam","floor":1},{"not_picked":["Sweeping Beam","Turbo"],"picked":"Beam Cell","floor":2},{"not_picked":["Undo","Leap"],"picked":"Genetic Algorithm","floor":3},{"not_picked":["Stack","Static Discharge"],"picked":"Melter","floor":4},{"not_picked":["Coolheaded","Conserve Battery"],"picked":"Defragment","floor":7},{"not_picked":["Streamline","Rebound"],"picked":"Go for the Eyes","floor":11},{"not_picked":["Streamline","Barrage"],"picked":"BootSequence","floor":12},{"not_picked":["Hologram","Rainbow"],"picked":"Loop","floor":13},{"not_picked":["Core Surge","Rainbow"],"picked":"Electrodynamics","floor":16},{"not_picked":["Turbo","Steam Power"],"picked":"Ball Lightning","floor":18},{"not_picked":["Go for the Eyes","Rebound"],"picked":"Leap+1","floor":19},{"not_picked":["Rebound","Chaos+1"],"picked":"Glacier+1","floor":20},{"not_picked":["Compile Driver+1","Leap"],"picked":"Beam Cell+1","floor":22},{"not_picked":["Barrage","Rainbow"],"picked":"Fusion+1","floor":28},{"not_picked":["Machine Learning","Stack"],"picked":"Doom and Gloom","floor":30},{"not_picked":["Steam","Tempest"],"picked":"Double Energy","floor":31}],"player_experience":2597347,"relics_obtained":[{"floor":9,"key":"Bag of Marbles"},{"floor":26,"key":"Strawberry"},{"floor":29,"key":"Necronomicon"},{"floor":31,"key":"Boot"}],"event_choices":[{"damage_healed":0,"gold_gain":0,"player_choice":"Take Damage","damage_taken":27,"relics_obtained":["Golden Idol"],"max_hp_gain":0,"max_hp_loss":0,"event_name":"Golden Idol","floor":5,"gold_loss":0},{"damage_healed":0,"gold_gain":0,"player_choice":"Success","damage_taken":11,"relics_obtained":["The Courier"],"max_hp_gain":0,"max_hp_loss":0,"event_name":"Scrap Ooze","floor":10,"gold_loss":0},{"damage_healed":0,"gold_gain":0,"player_choice":"Became a vampire","damage_taken":0,"max_hp_gain":0,"max_hp_loss":24,"event_name":"Vampires","floor":21,"gold_loss":0,"cards_obtained":["Bite","Bite","Bite","Bite","Bite"]},{"damage_healed":0,"gold_gain":0,"player_choice":"Traded Relic","damage_taken":0,"relics_obtained":["Nloth\u0027s Gift"],"max_hp_gain":0,"max_hp_loss":0,"event_name":"N\u0027loth","floor":27,"relics_lost":["Strawberry"],"gold_loss":0},{"damage_healed":0,"gold_gain":0,"player_choice":"Obtained Book","damage_taken":21,"max_hp_gain":0,"max_hp_loss":0,"event_name":"Cursed Tome","floor":29,"gold_loss":0}],"is_beta":false,"boss_relics":[{"not_picked":["Runic Dome","Black Star"],"picked":"FrozenCore"}],"items_purged_floors":[24],"is_endless":false,"potions_floor_spawned":[2,4,11,13,20,28,30],"killed_by":"Automaton","ascension_level":17}}