{"host":"ve9aztkoyqeblvav","time":1614084002,"event":{"mods":["Act Like it!","Aspiration","BaseMod","Colored Map","Colored Powertips","Highlight Path","Marked Mod","Minty Spire (QoL Compilation)","Pale of the Ancients","Quick Restart","Reorder Act Four","StSLib","The Hierophant","Waifu the Spire"],"gold_per_floor":[366,366,384,145,145,145,195,223,284,316,328,353,18,30,30,30,30],"floor_reached":16,"language":"ZHS","playtime":446,"items_purged":["Strike_B","Strike_B"],"score":200,"play_id":"61c6982e-79b9-482d-ae10-9a010a59eada","local_time":"20210223204002","is_ascension_mode":true,"campfire_choices":[{"data":"Ball Lightning","floor":6,"key":"SMITH"},{"data":"Ball Lightning","floor":11,"key":"SMITH"},{"floor":15,"key":"REST"}],"circlet_count":0,"master_deck":["AscendersBane","Strike_B","Strike_B","Defend_B","Defend_B","Defend_B","Defend_B","Zap","Dualcast","Ball Lightning+1","Storm","Ball Lightning+1","Conserve Battery","White Noise","Coolheaded"],"relics":["Cracked Core","Chemical X","MawBank","Orichalcum","Medical Kit"],"acts_visited":["Exordium"],"potions_floor_usage":[16],"damage_taken":[{"damage":12.0,"enemies":"Jaw Worm","floor":1.0,"turns":3.0},{"damage":3,"enemies":"Small Slimes","floor":3,"turns":3},{"damage":20,"enemies":"Lagavulin","floor":8,"turns":6},{"damage":1,"enemies":"Cultist","floor":10,"turns":3},{"damage":15,"enemies":"Lots of Slimes","floor":12,"turns":3},{"damage":9,"enemies":"Blue Slaver","floor":14,"turns":3},{"damage":27,"enemies":"The Guardian","floor":16,"turns":7}],"seed_played":"272812531251426042","potions_obtained":[{"floor":12,"key":"CultistPotion"}],"is_trial":false,"path_per_floor":["M","?","M","$","?","R","?","E","T","M","R","M","$","M","R","B"],"character_chosen":"DEFECT","items_purchased":["Chemical X","Medical Kit","White Noise"],"campfire_rested":1,"item_purchase_floors":[4,13,13],"current_hp_per_floor":[34,34,31,31,54,54,54,34,34,33,33,18,18,9,30,3,3],"gold":30,"neow_bonus":"TWO_FIFTY_GOLD","is_daily":false,"chose_seed":false,"campfire_upgraded":2,"win_rate":0.0,"timestamp":1614084002,"path_taken":["M","?","M","$","?","R","?","E","T","?","R","M","$","M","R","BOSS"],"items_purchased_type":["Relic","Relic","Card"],"build_version":"2020-12-22","purchased_purges":2,"victory":false,"max_hp_per_floor":[71,71,71,71,71,71,71,71,71,71,71,71,71,71,71,71,71],"card_choices":[{"not_picked":["Beam Cell","Lockon"],"picked":"Ball Lightning","floor":1.0},{"not_picked":["Redo","Sweeping Beam","Go for the Eyes"],"picked":"SKIP","floor":3},{"not_picked":["Melter","Go for the Eyes"],"picked":"Storm","floor":8},{"not_picked":["Beam Cell","Tempest"],"picked":"Ball Lightning","floor":10},{"not_picked":["Gash","Reprogram"],"picked":"Conserve Battery","floor":12},{"not_picked":["Leap","Heatsinks"],"picked":"Coolheaded","floor":14}],"player_experience":1682919,"relics_obtained":[{"floor":8,"key":"MawBank"},{"floor":9,"key":"Orichalcum"}],"event_choices":[{"damage_healed":0,"gold_gain":0,"player_choice":"Ignored","damage_taken":0,"max_hp_gain":0,"max_hp_loss":0,"event_name":"Shining Light","floor":2,"gold_loss":0},{"damage_healed":23,"gold_gain":0,"player_choice":"Banana","damage_taken":0,"max_hp_gain":0,"max_hp_loss":0,"event_name":"Big Fish","floor":5,"gold_loss":0},{"damage_healed":0,"gold_gain":50,"player_choice":"Pray","damage_taken":0,"max_hp_gain":0,"max_hp_loss":0,"event_name":"Golden Shrine","floor":7,"gold_loss":0}],"is_beta":false,"boss_relics":[],"items_purged_floors":[4,13],"is_endless":false,"potions_floor_spawned":[12],"killed_by":"The Guardian","ascension_level":20}}