{"host":"l6vifo5ajdb3p20b","time":1614091637,"event":{"mods":["2.2 Compatiblity","BaseMod","Better Altar","Better Sensory Stone","Better Skull","Better Third Choice","BetterRewards","Block Reminder","Booster Modes","Card Forge","Colored Map","Defuse TimeMaze Blight","Energized Spire","Evolution","Hubris","Minty Spire (QoL Compilation)","Relic Stats","Reliquary","StSLib","The Dragon Tamer"],"gold_per_floor":[118,130,145,4,16,16,48,21,71,101,101,101,176,187,187,290,290,302,314,314,314],"floor_reached":19,"language":"ENG","playtime":1220,"items_purged":[],"score":204,"play_id":"0733ed8a-dae8-4bfb-8e1f-b9bc3401f325","local_time":"20210223214717","is_ascension_mode":false,"metric_token":1299,"campfire_choices":[{"data":"DTMod:Training","floor":6,"key":"SMITH"},{"data":"DTMod:Threaten","floor":12,"key":"SMITH"},{"data":"DTMod:DarkBreath","floor":15,"key":"SMITH"}],"dtmod_dragon_data":[31,50,3,-1,14,0],"circlet_count":0,"master_deck":["DTMod:ComboAttack","DTMod:Strike","DTMod:Strike","DTMod:DoubleHit","DTMod:TargetDefense","DTMod:TargetDefense","DTMod:TargetDefense","DTMod:TargetDefense","DTMod:SwitchingTactic","DTMod:Threaten+1","DTMod:DarkBreath+1","DTMod:HeatWave","DTMod:Training+1","DTMod:TagTeam","DTMod:Punisher","DTMod:RepeatStrike","DTMod:CleansingStrike","DTMod:MasterPlan","DTMod:FlameSlash","DTMod:FierySynthesis","DTMod:Shift+1","DTMod:Overwhelm"],"relics":["Hammer of Thor","Seething Fire","Anvil of the Gods","EVO:Axolotl","Velvet Choker","Juzu Bracelet","Smiling Mask","Pantograph","energizedSpire:SpiderWeb"],"acts_visited":["Exordium","TheCity"],"potions_floor_usage":[10,19],"damage_taken":[{"damage":0,"enemies":"Small Slimes","floor":1,"turns":3},{"damage":0,"enemies":"Cultist","floor":2,"turns":3},{"damage":0,"enemies":"Jaw Worm","floor":3,"turns":2},{"damage":0,"enemies":"Large Slime","floor":5,"turns":5},{"damage":2,"enemies":"3 Sentries","floor":7,"turns":6},{"damage":0,"enemies":"Gremlin Nob","floor":10,"turns":2},{"damage":9,"enemies":"Red Slaver","floor":14,"turns":2},{"damage":14,"enemies":"The Guardian","floor":16,"turns":8},{"damage":0,"enemies":"3 Byrds","floor":18,"turns":4},{"damage":0,"enemies":"2 Thieves","floor":19,"turns":5}],"seed_played":"-6801803948762665929","potions_obtained":[{"floor":3,"key":"SteroidPotion"},{"floor":5,"key":"SmokeBomb"},{"floor":10,"key":"DuplicationPotion"},{"floor":19,"key":"BlessingOfTheForge"}],"is_trial":false,"path_per_floor":["M","M","M","$","M","R","E","$","T","E","?","R","?","M","R","B",null,"M","M"],"character_chosen":"THE_DT","items_purchased":["DTMod:Training","DTMod:TagTeam","Energy Potion","DTMod:CleansingStrike"],"campfire_rested":0,"item_purchase_floors":[4,4,4,8],"current_hp_per_floor":[45,45,45,45,45,45,43,43,43,43,36,36,32,23,23,31,45,45,45,45,45],"gold":314,"neow_bonus":"BOSS_RELIC","is_daily":false,"chose_seed":false,"campfire_upgraded":3,"win_rate":0.0,"timestamp":1614091637,"path_taken":["M","M","M","$","M","R","E","$","T","E","?","R","?","M","R","BOSS","M","M"],"items_purchased_type":["Card","Card","Potion","Card"],"build_version":"2020-12-22","purchased_purges":0,"victory":false,"max_hp_per_floor":[45,45,45,45,45,45,45,45,45,45,45,45,45,45,45,45,45,45,45,45,45],"relic_stats":{"counters":[10,40],"Pantograph":22,"Juzu Bracelet":0,"Smiling Mask":0,"obtain_stats":[{"DTMod:PactStone":0,"Anvil of the Gods":0,"Pantograph":10,"Velvet Choker":0,"Hammer of Thor":0,"Juzu Bracelet":7,"EVO:Axolotl":0,"Seething Fire":0,"energizedSpire:SpiderWeb":17,"Smiling Mask":9},{"DTMod:PactStone":0,"Anvil of the Gods":0,"Pantograph":6,"Velvet Choker":0,"Hammer of Thor":0,"Juzu Bracelet":5,"EVO:Axolotl":0,"Seething Fire":0,"energizedSpire:SpiderWeb":8,"Smiling Mask":5},{"DTMod:PactStone":0,"Anvil of the Gods":0,"Pantograph":21,"Velvet Choker":0,"Hammer of Thor":0,"Juzu Bracelet":19,"EVO:Axolotl":0,"Seething Fire":0,"energizedSpire:SpiderWeb":31,"Smiling Mask":19}]},"card_choices":[{"not_picked":["DTMod:HeatWave","DTMod:Haste"],"picked":"DTMod:Threaten","floor":1},{"not_picked":["DTMod:QuickFly","DTMod:BizarreTactic"],"picked":"DTMod:DarkBreath","floor":2},{"not_picked":["DTMod:Haste","DTMod:BizarreTactic"],"picked":"DTMod:HeatWave","floor":3},{"not_picked":["DTMod:HeatWave","DTMod:BlazingStrike"],"picked":"DTMod:Punisher","floor":5},{"not_picked":["DTMod:RunningTactic","DTMod:BizarreTactic"],"picked":"DTMod:RepeatStrike","floor":7},{"not_picked":["DTMod:Hide","DTMod:Conduct"],"picked":"DTMod:MasterPlan","floor":10},{"not_picked":["DTMod:Punisher","DTMod:Hide"],"picked":"DTMod:FlameSlash","floor":14},{"not_picked":["DTMod:ExcessFootwork","DTMod:StunTrap"],"picked":"DTMod:FierySynthesis","floor":16},{"not_picked":["DTMod:BreakAttack","DTMod:QuickFly"],"picked":"DTMod:Shift+1","floor":18},{"not_picked":["DTMod:WarmUp+1","DTMod:MagiciansMark"],"picked":"DTMod:Overwhelm","floor":19}],"player_experience":910966,"relics_obtained":[{"floor":7,"key":"Juzu Bracelet"},{"floor":9,"key":"Smiling Mask"},{"floor":10,"key":"Pantograph"}],"event_choices":[{"cards_removed":["DTMod:Strike"],"damage_healed":0,"gold_gain":0,"player_choice":"Card Removal","damage_taken":7,"max_hp_gain":0,"max_hp_loss":0,"event_name":"Golden Wing","floor":11,"gold_loss":0},{"damage_healed":0,"gold_gain":75,"player_choice":"Touch","damage_taken":4,"max_hp_gain":0,"max_hp_loss":0,"event_name":"FaceTrader","floor":13,"gold_loss":0}],"is_beta":false,"boss_relics":[{"not_picked":["DTMod:TheChair","hubris:CrackedHourglass"],"picked":"energizedSpire:SpiderWeb"}],"items_purged_floors":[],"is_endless":false,"potions_floor_spawned":[3,5,10,19],"killed_by":"2 Thieves","ascension_level":0}}