{"host":"yaxsefyig1et0yi2","time":1614058916,"event":{"mods":["Aspiration","BaseMod","BetterRewards","Colored Powertips","Conspire","Displayed Cursed Tome","Downfall","Halation","Hubris","Infinite Spire","Jorbs\u0027s Wanderer Trilogy","Minty Spire (QoL Compilation)","Quick Restart","RatMod","Replay The Spire","Reworked Bosses","Spikes Relics","StSLib","The Jungle","The Marked"],"gold_per_floor":[110,121,141,141,157,157,168,178,202,202,133,151,151,163,163,264,264,278,292,16,31,45,45,60,60,83,83,96,107,107,125,125,220,220,240,240,257,279,295,295,326,338,338,197,224,142,153,167,167,167,167],"floor_reached":50,"language":"ENG","playtime":3228,"items_purged":["theMarked:BindingBlade","theMarked:SoldierOfQuellstein"],"score":581,"play_id":"4c3a3fc2-4224-4c8e-bf4e-07ff2bc3014f","local_time":"20210223004156","is_ascension_mode":false,"campfire_choices":[{"data":"theMarked:BanishingStrike","floor":6,"key":"SMITH"},{"data":"theMarked:GodGivenPower","floor":10,"key":"SMITH"},{"data":"theMarked:Heritage","floor":13,"key":"SMITH"},{"data":"theMarked:BanishingStrike","floor":15,"key":"SMITH"},{"data":"theMarked:BanishingStrike","floor":23,"key":"SMITH"},{"data":"theMarked:ChainLightning","floor":25,"key":"SMITH"},{"data":"theMarked:Abjuration","floor":30,"key":"SMITH"},{"floor":32,"key":"REST"},{"floor":40,"key":"REST"},{"floor":49,"key":"REST"}],"circlet_count":0,"master_deck":["theMarked:Strike","theMarked:Strike","theMarked:Strike","theMarked:Strike","theMarked:Strike","theMarked:Defend","theMarked:Defend","theMarked:Defend","theMarked:Defend","theMarked:Heritage+1","theMarked:BanishingStrike+1","theMarked:HeightenedSenses","theMarked:ChainLightning","theMarked:GodGivenPower+1","theMarked:ChainLightning+1","theMarked:WardOff","theMarked:WardOff","theMarked:BanishingStrike+1","theMarked:BanishingStrike+1","theMarked:HeightenedSenses","theMarked:WardOff","theMarked:TheMission+1","theMarked:WardOff+1","theMarked:Seal","theMarked:Abjuration+1","theMarked:Frustration","theMarked:WardOff+1","theMarked:Frustration+1","theMarked:ElectricStrings","theMarked:ChainLightning","theMarked:WardOff","Parasite","theMarked:WastefulAttack","theMarked:MysticalArsenal","theMarked:TakeCover+1","theMarked:Determination","theMarked:TheMission+1"],"relics":["halation:PlatinumPhoenix","aspiration:TomeofQuesting","halation:Risk","PreservedInsect","Replay:Wax Seal","bronze:MakeshiftBattery","hubris:Towel","Letter Opener","halation:Pancakes","Omamori"],"acts_visited":["Exordium","TheCity","TheBeyond"],"potions_floor_usage":[33,33,33,41,47],"damage_taken":[{"damage":0,"enemies":"2 Louse","floor":1,"turns":2},{"damage":1,"enemies":"Cultist","floor":2,"turns":3},{"damage":0,"enemies":"Small Slimes","floor":3,"turns":3},{"damage":8,"enemies":"Exordium Wildlife","floor":5,"turns":3},{"damage":10,"enemies":"Lots of Slimes","floor":7,"turns":5},{"damage":6,"enemies":"Large Slime","floor":8,"turns":4},{"damage":3,"enemies":"Exordium Wildlife","floor":12,"turns":3},{"damage":3,"enemies":"Gremlin Gang","floor":14,"turns":3},{"damage":6,"enemies":"Slime Boss","floor":16,"turns":8},{"damage":12,"enemies":"Shell Parasite","floor":18,"turns":3},{"damage":0,"enemies":"Chosen","floor":19,"turns":3},{"damage":4,"enemies":"Snake Plant","floor":21,"turns":5},{"damage":0,"enemies":"Centurion and Healer","floor":22,"turns":4},{"damage":14,"enemies":"3 Cultists","floor":24,"turns":6},{"damage":10,"enemies":"Shelled Parasite and Fungi","floor":28,"turns":4},{"damage":6,"enemies":"Cultist and Chosen","floor":29,"turns":4},{"damage":12,"enemies":"3 Cultists","floor":31,"turns":5},{"damage":26,"enemies":"bossMod:newCollector","floor":33,"turns":7},{"damage":27,"enemies":"3 Shapes","floor":35,"turns":9},{"damage":0,"enemies":"Orb Walker","floor":37,"turns":3},{"damage":25,"enemies":"3 Darklings","floor":38,"turns":8},{"damage":0,"enemies":"4 Shapes","floor":39,"turns":4},{"damage":28,"enemies":"Giant Head","floor":41,"turns":8},{"damage":3,"enemies":"Writhing Mass","floor":42,"turns":6},{"damage":35,"enemies":"Nemesis","floor":45,"turns":6},{"damage":10,"enemies":"Jaw Worm Horde","floor":47,"turns":2},{"damage":7,"enemies":"4 Shapes","floor":48,"turns":4},{"damage":32,"enemies":"hubris:GrandSnecko","floor":50,"turns":3}],"seed_played":"7973326257049599295","potions_obtained":[{"floor":1,"key":"theMarked:HoverShot"},{"floor":3,"key":"Weak Potion"},{"floor":4,"key":"SteroidPotion"},{"floor":8,"key":"BlessingOfTheForge"},{"floor":18,"key":"Fire Potion"},{"floor":31,"key":"SteroidPotion"},{"floor":33,"key":"SmokeBomb"},{"floor":37,"key":"Block Potion"},{"floor":41,"key":"bronze:BurnAndBuffPotion"},{"floor":42,"key":"BlessingOfTheForge"}],"is_trial":false,"path_per_floor":["M","M","M","?","M","R","M","M","T","R","$","M","R","M","R","B",null,"M","M","$","M","M","R","M","R","T","?","M","M","R","M","R","B",null,"M","?","M","M","M","R","E","M","T","$","E","$","M","M","R","B"],"character_chosen":"THE_DEFAULT","items_purchased":["theMarked:ChainLightning","theMarked:WardOff","theMarked:WardOff","PreservedInsect","theMarked:MysticalArsenal","theMarked:Determination"],"campfire_rested":3,"item_purchase_floors":[11,11,20,20,44,46],"current_hp_per_floor":[72,71,71,71,63,63,53,47,47,47,47,44,44,41,41,35,72,60,60,60,56,56,56,42,42,42,42,32,26,26,14,35,9,72,45,45,45,20,20,41,13,10,56,56,21,21,11,4,25,0,0],"gold":167,"neow_bonus":"BOSS_RELIC","is_daily":false,"chose_seed":false,"campfire_upgraded":7,"win_rate":0.0,"timestamp":1614058916,"path_taken":["M","M","M","?","M","R","?","M","T","R","$","M","R","M","R","BOSS","M","M","?","M","M","R","M","R","T","?","M","?","R","M","R","BOSS","M","?","M","M","M","R","E","M","T","$","E","$","M","M","R","BOSS"],"items_purchased_type":["Card","Card","Card","Relic","Card","Card"],"build_version":"2020-12-22","purchased_purges":2,"victory":false,"max_hp_per_floor":[72,72,72,72,72,72,72,72,72,72,72,72,72,72,72,72,72,72,72,72,72,72,72,72,72,72,72,72,72,72,72,72,72,72,72,72,72,72,72,72,72,72,72,72,72,72,72,72,72,72,72],"card_choices":[{"not_picked":["theMarked:Aftermath","theMarked:SelfDefenseTraining"],"picked":"theMarked:Heritage","floor":1},{"not_picked":["theMarked:RepellingDischarge","theMarked:BanishingWave","theMarked:WastefulAttack"],"picked":"SKIP","floor":2},{"not_picked":["theMarked:Indomitable","theMarked:ShockingTouch"],"picked":"theMarked:BanishingStrike","floor":3},{"not_picked":["theMarked:ChannelForce","theMarked:Reabsorb"],"picked":"theMarked:HeightenedSenses","floor":5},{"not_picked":["theMarked:Opportunist","theMarked:RogueSparks"],"picked":"theMarked:ChainLightning","floor":7},{"not_picked":["theMarked:Overthink","theMarked:TakeCover"],"picked":"theMarked:GodGivenPower","floor":8},{"not_picked":["theMarked:Generate","theMarked:ResourceFulStrike"],"picked":"theMarked:WardOff","floor":12},{"not_picked":["theMarked:ParalyzingBlade","theMarked:Pokerface"],"picked":"theMarked:BanishingStrike","floor":14},{"not_picked":["theMarked:EternalStudent","theMarked:BiggerThanFate"],"picked":"theMarked:BindingBlade","floor":16},{"not_picked":["theMarked:RepellingDischarge","theMarked:Memento"],"picked":"theMarked:BanishingStrike","floor":18},{"not_picked":["theMarked:RogueSparks","theMarked:Parkour"],"picked":"theMarked:HeightenedSenses","floor":19},{"not_picked":["theMarked:ElectricStrings+1","theMarked:PowerFlow"],"picked":"theMarked:TheMission+1","floor":21},{"not_picked":["theMarked:EmpowerWeapon","theMarked:WardOff"],"picked":"theMarked:Pokerface+1","floor":22},{"not_picked":["theMarked:Convert","theMarked:Indomitable"],"picked":"theMarked:WardOff+1","floor":24},{"not_picked":["theMarked:Parkour+1","theMarked:KeepCalmAndFight+1"],"picked":"theMarked:Seal","floor":28},{"not_picked":["theMarked:Parkour","theMarked:Memento"],"picked":"theMarked:Abjuration","floor":29},{"not_picked":["theMarked:Parkour+1","theMarked:RepellingDischarge"],"picked":"theMarked:Frustration","floor":31},{"not_picked":["theMarked:RepellingDischarge+1","theMarked:TwofoldDefense+1"],"picked":"theMarked:WardOff+1","floor":35},{"not_picked":["theMarked:Convert","theMarked:Seal+1"],"picked":"theMarked:Frustration+1","floor":37},{"not_picked":["theMarked:FavorableWinds","theMarked:Overcharge"],"picked":"theMarked:ElectricStrings","floor":38},{"not_picked":["theMarked:Overthink","theMarked:Reabsorb+1"],"picked":"theMarked:ChainLightning","floor":39},{"not_picked":["theMarked:Frustration","theMarked:Electrocute+1"],"picked":"theMarked:WardOff","floor":41},{"not_picked":["theMarked:Frustration+1","theMarked:Opportunist"],"picked":"theMarked:WastefulAttack","floor":42},{"not_picked":["theMarked:TakeOffHeels","theMarked:CreepingChasm"],"picked":"theMarked:TakeCover+1","floor":45},{"not_picked":["theMarked:ElectricStrings","theMarked:WardOff+1"],"picked":"theMarked:TheMission+1","floor":47},{"not_picked":["theMarked:Frustration","theMarked:KeepCalmAndFight","theMarked:Static"],"picked":"SKIP","floor":48}],"player_experience":271434,"relics_obtained":[{"floor":9,"key":"aspiration:TomeofQuesting"},{"floor":26,"key":"Replay:Wax Seal"},{"floor":41,"key":"Letter Opener"},{"floor":43,"key":"halation:Pancakes"},{"floor":45,"key":"Omamori"}],"event_choices":[{"damage_healed":0,"gold_gain":0,"player_choice":"Got Potions","damage_taken":0,"max_hp_gain":0,"max_hp_loss":0,"event_name":"Lab","floor":4,"gold_loss":0},{"cards_removed":["theMarked:Pokerface"],"damage_healed":0,"gold_gain":0,"player_choice":"Card Removal","damage_taken":0,"max_hp_gain":0,"max_hp_loss":0,"event_name":"Wheel of Change","floor":27,"gold_loss":0}],"is_beta":false,"boss_relics":[{"not_picked":["Sandwich","hubris:BlackHole"],"picked":"halation:Risk"},{"not_picked":["aspiration:DefectSkillbook","halation:ForbiddenBikini"],"picked":"bronze:MakeshiftBattery"}],"items_purged_floors":[20,44],"is_endless":false,"potions_floor_spawned":[1,3,7,8,12,14,18,21,31,33,37,41,42],"killed_by":"hubris:GrandSnecko","ascension_level":0}}