{"host":"k7udt7atmcuzf6l0","time":1614055187,"event":{"mods":["Act Like it!","BaseMod","Colored Map","Colored Powertips","Highlight Path","Minty Spire (QoL Compilation)","Quick Restart","Rare Cards Sparkle","Relic Stats","StSLib","UnlockEverythingMod"],"gold_per_floor":[114,114,45,45,60,60,90,90,90,90,90,102,132,149,149,249,249,259,259,64,74,107,137,137,153,178,210,210,9,9,29,29,140,190,221,280,298,319,88,88,123,123,123,123,23,51,66,100,100,100,100],"floor_reached":50,"language":"ZHS","playtime":1379,"items_purged":["Strike_R","Strike_R"],"score":646,"play_id":"f5658345-ed1b-4f81-8202-6d4bf77d686b","local_time":"20210223123947","is_ascension_mode":false,"campfire_choices":[{"data":"Infernal Blade","floor":6.0,"key":"SMITH"},{"data":"Clash","floor":8.0,"key":"SMITH"},{"data":"Feed","floor":11.0,"key":"SMITH"},{"data":"Armaments","floor":15.0,"key":"SMITH"},{"data":"Rupture","floor":24,"key":"SMITH"},{"data":"Shockwave","floor":30,"key":"SMITH"},{"data":"Brutality","floor":32,"key":"SMITH"},{"data":"Double Tap","floor":40,"key":"SMITH"},{"data":"Pommel Strike","floor":42,"key":"SMITH"},{"data":"Sword Boomerang","floor":44,"key":"SMITH"},{"floor":49,"key":"REST"}],"circlet_count":0,"master_deck":["Strike_R+1","Strike_R","Defend_R","Defend_R+1","Defend_R","Defend_R","Bash","Flex+1","Infernal Blade+1","Clash+1","Feed+1","Armaments+1","Carnage","Pommel Strike+1","Combust","Immolate+1","Rupture+1","Uppercut+1","Sword Boomerang+1","Shockwave+1","Dual Wield+1","Brutality+1","Double Tap+1","Seeing Red+1","Wild Strike+1","Thunderclap+1","Hemokinesis","True Grit+1","Sword Boomerang+1"],"relics":["Burning Blood","NeowsBlessing","Pen Nib","HornCleat","Prayer Wheel","Runic Cube","Omamori","Red Mask","Ancient Tea Set","Bag of Preparation","CeramicFish","Lee\u0027s Waffle","Tiny House","Du-Vu Doll","Vajra","Centennial Puzzle","Singing Bowl","The Courier"],"acts_visited":["Exordium","TheCity","TheBeyond"],"potions_floor_usage":[23,33,33,36,36,41,50,50,50],"damage_taken":[{"damage":0.0,"enemies":"Jaw Worm","floor":1.0,"turns":1.0},{"damage":0.0,"enemies":"Small Slimes","floor":5.0,"turns":1.0},{"damage":0.0,"enemies":"3 Sentries","floor":7.0,"turns":2.0},{"damage":12.0,"enemies":"Cultist","floor":12.0,"turns":5.0},{"damage":5.0,"enemies":"Lagavulin","floor":13.0,"turns":4.0},{"damage":0.0,"enemies":"Large Slime","floor":14.0,"turns":3.0},{"damage":60.0,"enemies":"The Guardian","floor":16.0,"turns":10.0},{"damage":2.0,"enemies":"Shell Parasite","floor":18.0,"turns":3.0},{"damage":15.0,"enemies":"2 Thieves","floor":21.0,"turns":3.0},{"damage":17,"enemies":"Masked Bandits","floor":22,"turns":4},{"damage":20,"enemies":"Gremlin Leader","floor":23,"turns":4},{"damage":0,"enemies":"Snecko","floor":25,"turns":3},{"damage":18,"enemies":"Slavers","floor":27,"turns":2},{"damage":7,"enemies":"Cultist and Chosen","floor":31,"turns":3},{"damage":68,"enemies":"Champ","floor":33,"turns":7},{"damage":44,"enemies":"3 Shapes","floor":35,"turns":4},{"damage":25,"enemies":"Mind Bloom Boss Battle","floor":36,"turns":4},{"damage":0,"enemies":"Orb Walker","floor":37,"turns":1},{"damage":19,"enemies":"3 Darklings","floor":38,"turns":3},{"damage":29,"enemies":"Giant Head","floor":41,"turns":6},{"damage":20,"enemies":"Sphere and 2 Shapes","floor":46,"turns":4},{"damage":0,"enemies":"Jaw Worm Horde","floor":47,"turns":1},{"damage":44,"enemies":"Nemesis","floor":48,"turns":5},{"damage":96,"enemies":"Awakened One","floor":50,"turns":6}],"seed_played":"-3617674814896152840","potions_obtained":[{"floor":12.0,"key":"Block Potion"},{"floor":13.0,"key":"AttackPotion"},{"floor":16.0,"key":"Energy Potion"},{"floor":18.0,"key":"SpeedPotion"},{"floor":22,"key":"CultistPotion"},{"floor":27,"key":"CultistPotion"},{"floor":33,"key":"Fire Potion"},{"floor":34,"key":"Weak Potion"},{"floor":38,"key":"Regen Potion"},{"floor":41,"key":"SpeedPotion"},{"floor":48,"key":"Block Potion"}],"is_trial":false,"path_per_floor":["M","?","$","?","M","R","E","R","T","?","R","M","E","M","R","B",null,"M","?","$","M","?","E","R","M","T","E","?","$","R","M","R","B",null,"M","?","M","M","$","R","E","R","T","R","$","M","M","E","R","B"],"character_chosen":"IRONCLAD","items_purchased":["Infernal Blade","Sword Boomerang","Omamori","Lee\u0027s Waffle","Swift Potion","Vajra"],"campfire_rested":1,"item_purchase_floors":[3,20,20,29,29,39],"current_hp_per_floor":[80,64,64,64,70,70,76,76,76,76,76,74,75,85,85,35,92,96,96,96,91,84,70,70,76,76,64,64,111,111,114,114,56,124,90,75,81,68,68,68,60,60,60,60,60,52,62,26,69,0,0],"gold":100,"neow_bonus":"THREE_ENEMY_KILL","is_daily":false,"chose_seed":false,"campfire_upgraded":10,"win_rate":0.0,"timestamp":1614055187,"path_taken":["M","?","$","?","M","R","E","R","T","?","R","M","E","M","R","BOSS","M","?","$","M","?","E","R","M","T","E","?","$","R","M","R","BOSS","M","?","M","M","$","R","E","R","T","R","?","M","M","E","R","BOSS"],"items_purchased_type":["Card","Card","Relic","Relic","Potion","Relic"],"build_version":"2020-12-22","purchased_purges":2,"victory":false,"max_hp_per_floor":[80,80,80,80,80,80,80,80,80,80,80,84,84,88,88,92,92,96,96,96,100,104,104,104,104,104,104,104,111,111,115,115,119,124,128,132,132,132,132,132,132,132,132,132,132,138,142,144,144,144,144],"relic_stats":{"Lee\u0027s Waffle":47,"Centennial Puzzle":[9],"Singing Bowl":8,"counters":[24,89],"CeramicFish":72,"Prayer Wheel":10,"Pen Nib":[15],"Bag of Preparation":[24],"obtain_stats":[{"Lee\u0027s Waffle":29,"Tiny House":34,"NeowsBlessing":0,"Singing Bowl":43,"CeramicFish":27,"Vajra":39,"Pen Nib":7,"The Courier":48,"Omamori":20,"Bag of Preparation":26,"Ancient Tea Set":23,"Burning Blood":0,"Du-Vu Doll":36,"Centennial Puzzle":41,"HornCleat":9,"Prayer Wheel":13,"Red Mask":22,"Runic Cube":17},{"Lee\u0027s Waffle":13,"Tiny House":15,"NeowsBlessing":0,"Singing Bowl":20,"CeramicFish":13,"Vajra":19,"Pen Nib":3,"The Courier":23,"Omamori":8,"Bag of Preparation":12,"Ancient Tea Set":11,"Burning Blood":0,"Du-Vu Doll":17,"Centennial Puzzle":20,"HornCleat":3,"Prayer Wheel":5,"Red Mask":10,"Runic Cube":7},{"Lee\u0027s Waffle":45,"Tiny House":55,"NeowsBlessing":0,"Singing Bowl":73,"CeramicFish":45,"Vajra":67,"Pen Nib":4,"The Courier":83,"Omamori":29,"Bag of Preparation":43,"Ancient Tea Set":40,"Burning Blood":0,"Du-Vu Doll":63,"Centennial Puzzle":73,"HornCleat":4,"Prayer Wheel":13,"Red Mask":36,"Runic Cube":26}],"Burning Blood":128,"Runic Cube":[107]},"card_choices":[{"not_picked":["Wild Strike","Perfected Strike"],"picked":"Flex","floor":1.0},{"not_picked":["Perfected Strike","Fire Breathing","Infernal Blade"],"picked":"SKIP","floor":5.0},{"not_picked":["Warcry","Thunderclap"],"picked":"Clash","floor":7.0},{"not_picked":["Havoc","Flex"],"picked":"Armaments","floor":12.0},{"not_picked":["Impervious","Clash"],"picked":"Carnage","floor":13.0},{"not_picked":["Combust","Flex"],"picked":"Pommel Strike","floor":14.0},{"not_picked":["True Grit","Warcry"],"picked":"Combust","floor":14.0},{"not_picked":["Double Tap","Feed"],"picked":"Immolate","floor":16.0},{"not_picked":["Rage","Warcry+1"],"picked":"Rupture","floor":18.0},{"not_picked":["Wild Strike","Clash+1"],"picked":"Uppercut+1","floor":18.0},{"not_picked":["Thunderclap","Wild Strike"],"picked":"Shockwave","floor":21.0},{"not_picked":["Second Wind","Disarm","Sentinel"],"picked":"SKIP","floor":21.0},{"not_picked":["Impervious","Sword Boomerang","Searing Blow"],"picked":"SKIP","floor":23},{"not_picked":["Havoc","Perfected Strike"],"picked":"Dual Wield+1","floor":25},{"not_picked":["Carnage+1","Perfected Strike","Sever Soul"],"picked":"SKIP","floor":25},{"not_picked":["Perfected Strike","True Grit","Spot Weakness"],"picked":"SKIP","floor":27},{"not_picked":["Thunderclap","Warcry"],"picked":"Brutality","floor":31},{"not_picked":["Warcry","Clothesline","Headbutt"],"picked":"SKIP","floor":31},{"not_picked":["Brutality","Demon Form"],"picked":"Double Tap","floor":33},{"not_picked":["Body Slam","Anger"],"picked":"Seeing Red+1","floor":35},{"not_picked":["Clothesline","Intimidate"],"picked":"Wild Strike+1","floor":35},{"not_picked":["Infernal Blade","Combust+1"],"picked":"Thunderclap+1","floor":36},{"not_picked":["Burning Pact+1","Clothesline","Warcry"],"picked":"SKIP","floor":37},{"not_picked":["Carnage+1","Wild Strike","Dark Embrace+1"],"picked":"SKIP","floor":37},{"not_picked":["Infernal Blade","Searing Blow"],"picked":"Hemokinesis","floor":38},{"not_picked":["Barricade","Iron Wave","Armaments"],"picked":"SKIP","floor":38},{"not_picked":["Thunderclap","Feel No Pain"],"picked":"True Grit+1","floor":41},{"not_picked":["Whirlwind","Wild Strike+1"],"picked":"Sword Boomerang+1","floor":46},{"not_picked":["True Grit","Second Wind","Dark Embrace+1"],"picked":"Singing Bowl","floor":46},{"not_picked":["Thunderclap","Sentinel+1","Perfected Strike+1"],"picked":"Singing Bowl","floor":47},{"not_picked":["Dark Embrace","Anger","Pommel Strike+1"],"picked":"Singing Bowl","floor":47},{"not_picked":["Carnage","Hemokinesis","Ghostly Armor+1"],"picked":"Singing Bowl","floor":48}],"player_experience":152360,"relics_obtained":[{"floor":7.0,"key":"Pen Nib"},{"floor":9.0,"key":"HornCleat"},{"floor":13.0,"key":"Prayer Wheel"},{"floor":22,"key":"Red Mask"},{"floor":23,"key":"Ancient Tea Set"},{"floor":26,"key":"Bag of Preparation"},{"floor":27,"key":"CeramicFish"},{"floor":36,"key":"Du-Vu Doll"},{"floor":41,"key":"Centennial Puzzle"},{"floor":43,"key":"Singing Bowl"},{"floor":48,"key":"The Courier"}],"event_choices":[{"damage_healed":0.0,"max_hp_gain":0.0,"max_hp_loss":0.0,"gold_gain":0.0,"event_name":"Shining Light","player_choice":"Entered Light","floor":2.0,"gold_loss":0.0,"damage_taken":16.0,"cards_upgraded":["Strike_R","Defend_R"]},{"damage_healed":0.0,"max_hp_gain":0.0,"max_hp_loss":0.0,"gold_gain":0.0,"event_name":"Living Wall","player_choice":"Grow","floor":4.0,"gold_loss":0.0,"damage_taken":0.0,"cards_upgraded":["Flex"]},{"damage_healed":0.0,"max_hp_gain":0.0,"max_hp_loss":0.0,"gold_gain":0.0,"cards_transformed":["Strike_R"],"event_name":"Transmorgrifier","player_choice":"Transformed","floor":10.0,"gold_loss":0.0,"damage_taken":0.0,"cards_obtained":["Feed"]},{"damage_healed":0.0,"max_hp_gain":0.0,"max_hp_loss":0.0,"gold_gain":0.0,"event_name":"Vampires","player_choice":"Ignored","floor":19.0,"gold_loss":0.0,"damage_taken":0.0},{"damage_healed":0,"gold_gain":0,"player_choice":"Fought Bandits","damage_taken":0,"max_hp_gain":0,"max_hp_loss":0,"event_name":"Masked Bandits","floor":22,"gold_loss":0},{"damage_healed":0,"gold_gain":0,"player_choice":"Ignored","damage_taken":0,"max_hp_gain":0,"max_hp_loss":0,"event_name":"Ghosts","floor":28,"gold_loss":0},{"damage_healed":0,"gold_gain":0,"player_choice":"Fight","damage_taken":0,"max_hp_gain":0,"max_hp_loss":0,"event_name":"MindBloom","floor":36,"gold_loss":0}],"is_beta":false,"boss_relics":[{"not_picked":["Pandora\u0027s Box","Astrolabe"],"picked":"Runic Cube"},{"not_picked":["Fusion Hammer","Velvet Choker"],"picked":"Tiny House"}],"items_purged_floors":[39,45],"is_endless":false,"potions_floor_spawned":[12,13,16,18,22,27,33,38,41,48],"killed_by":"Awakened One","ascension_level":0}}