{"host":"g907ck67u7c3hrs6","time":1614081501,"event":{"mods":["BaseMod","Colored Map","DeckTracker","Force Act Four","Highlight Path","Keyboard Shortcuts","Minty Spire (QoL Compilation)","Permanent Neow","Say the Spire","SuperFastMode"],"gold_per_floor":[115,131,147,160,180,180,180,214,214,258,287,287,314,168,168,251,251,264,284,297,197,217,217,217,250,304,343,343,218,247,247,247,328,328,346,196,21,36,36,65,95,127,127,165,192,226,258,290,290,290,290,290,290,130,164,164],"floor_reached":57,"language":"KOR","playtime":1976,"items_purged":["EmptyFist","EmptyBody","Crescendo","Meditate","WheelKick","DeusExMachina+1"],"score":4153,"play_id":"56415015-aa2d-4412-a0b2-81ae69e75e39","local_time":"20210223205821","daily_mods":["SealedDeck","Heirloom","Time Dilation","Flight","DeadlyEvents","Elite Swarm"],"is_ascension_mode":true,"campfire_choices":[{"data":"Adaptation","floor":6.0,"key":"SMITH"},{"data":"ClearTheMind","floor":7.0,"key":"SMITH"},{"data":"Vault","floor":12.0,"key":"SMITH"},{"data":"Adaptation","floor":15.0,"key":"SMITH"},{"data":"Scrawl","floor":23.0,"key":"SMITH"},{"data":"Crescendo","floor":24.0,"key":"SMITH"},{"data":"DeusExMachina","floor":28.0,"key":"SMITH"},{"data":"TalkToTheHand","floor":32.0,"key":"SMITH"},{"floor":49,"key":"RECALL"},{"data":"TalkToTheHand","floor":53,"key":"SMITH"}],"circlet_count":0,"master_deck":["AscendersBane","TalkToTheHand+1","ClearTheMind+1","Crescendo+1","Adaptation+1","Tantrum+1","TalkToTheHand+1","Vault+1","FearNoEvil+1","Adaptation+1","Scrawl+1","Vault","Scrawl","Scrawl","Scrawl"],"relics":["HolyWater","Thread and Needle","CeramicFish","Blue Candle","Kunai","Ice Cream","StoneCalendar","Lizard Tail","Sundial","Empty Cage","Matryoshka","Letter Opener","InkBottle","Mummified Hand","TeardropLocket","Du-Vu Doll","The Courier","Toy Ornithopter","Whetstone","Strawberry","Pear"],"acts_visited":["Exordium","TheCity","TheBeyond","TheEnding"],"potions_floor_usage":[56],"damage_taken":[{"damage":0.0,"enemies":"Small Slimes","floor":1.0,"turns":2.0},{"damage":0.0,"enemies":"Cultist","floor":2.0,"turns":2.0},{"damage":0.0,"enemies":"Jaw Worm","floor":3.0,"turns":1.0},{"damage":0.0,"enemies":"Red Slaver","floor":4.0,"turns":3.0},{"damage":1.0,"enemies":"Lots of Slimes","floor":5.0,"turns":4.0},{"damage":0.0,"enemies":"Lagavulin","floor":8.0,"turns":5.0},{"damage":14.0,"enemies":"3 Sentries","floor":10.0,"turns":5.0},{"damage":8.0,"enemies":"Exordium Thugs","floor":11.0,"turns":3.0},{"damage":0.0,"enemies":"Gremlin Nob","floor":13.0,"turns":3.0},{"damage":0.0,"enemies":"The Guardian","floor":16.0,"turns":4.0},{"damage":0.0,"enemies":"Chosen","floor":18.0,"turns":4.0},{"damage":0.0,"enemies":"2 Thieves","floor":19.0,"turns":2.0},{"damage":0.0,"enemies":"Snake Plant","floor":20.0,"turns":2.0},{"damage":0.0,"enemies":"Cultist and Chosen","floor":22.0,"turns":2.0},{"damage":22.0,"enemies":"Gremlin Leader","floor":25.0,"turns":3.0},{"damage":4.0,"enemies":"Slavers","floor":27.0,"turns":2.0},{"damage":1.0,"enemies":"Gremlin Leader","floor":30.0,"turns":2.0},{"damage":0.0,"enemies":"Champ","floor":33.0,"turns":2.0},{"damage":0,"enemies":"3 Shapes","floor":35,"turns":2},{"damage":0,"enemies":"3 Darklings","floor":38,"turns":1},{"damage":0,"enemies":"Giant Head","floor":40,"turns":1},{"damage":0,"enemies":"Reptomancer","floor":41,"turns":2},{"damage":1,"enemies":"Nemesis","floor":42,"turns":1},{"damage":0,"enemies":"Reptomancer","floor":44,"turns":2},{"damage":0,"enemies":"Giant Head","floor":45,"turns":3},{"damage":1,"enemies":"Reptomancer","floor":46,"turns":1},{"damage":0,"enemies":"Nemesis","floor":47,"turns":1},{"damage":1,"enemies":"Reptomancer","floor":48,"turns":1},{"damage":0,"enemies":"Donu and Deca","floor":50,"turns":2},{"damage":0,"enemies":"Awakened One","floor":51,"turns":2},{"damage":0,"enemies":"Shield and Spear","floor":55,"turns":1},{"damage":16,"enemies":"The Heart","floor":56,"turns":6}],"seed_played":"-1915202557963079707","potions_obtained":[{"floor":1.0,"key":"LiquidBronze"},{"floor":2.0,"key":"Weak Potion"},{"floor":10.0,"key":"Regen Potion"},{"floor":22.0,"key":"Swift Potion"},{"floor":40,"key":"PowerPotion"}],"is_trial":true,"path_per_floor":["M","M","M","M","M","R","R","E","T","E","M","R","E","$","R","B",null,"M","M","M","$","M","R","R","E","T","E","R","$","E","$","R","B",null,"M","$","$","M","?","E","E","E","T","E","E","E","E","E","R","B","B",null,"R","$","E","B",null],"character_chosen":"WATCHER","items_purchased":["Adaptation"],"campfire_rested":0,"item_purchase_floors":[14],"current_hp_per_floor":[61,61,61,61,60,60,60,60,60,46,38,38,38,38,38,38,61,61,61,61,61,61,61,61,39,39,35,35,35,34,34,34,34,60,60,60,60,60,60,60,60,59,59,59,59,58,58,64,64,64,64,72,72,72,82,71],"gold":164,"neow_bonus":"","is_daily":false,"chose_seed":false,"campfire_upgraded":9,"win_rate":0.0,"timestamp":1614081501,"path_taken":["M","M","M","M","M","R","R","E","T","E","M","R","E","$","R","BOSS","M","M","M","$","M","R","R","E","T","E","R","$","E","$","R","BOSS","M","$","$","M","?","E","E","E","T","E","E","E","E","E","R","BOSS","BOSS","R","$","E","BOSS"],"items_purchased_type":["Card"],"build_version":"2020-12-22","purchased_purges":6,"victory":true,"max_hp_per_floor":[68,68,68,68,68,68,68,68,68,68,68,68,68,68,68,68,68,68,68,68,68,68,68,68,68,68,68,68,68,68,68,68,68,68,68,68,68,68,68,68,68,68,68,68,68,68,68,75,75,75,75,75,75,75,85,85],"card_choices":[{"not_picked":["EmptyFist","WreathOfFlame"],"picked":"Meditate","floor":1.0},{"not_picked":["CutThroughFate","ThirdEye"],"picked":"Tantrum","floor":2.0},{"not_picked":["FlyingSleeves","FollowUp","Halt"],"picked":"SKIP","floor":3.0},{"not_picked":["ForeignInfluence","Crescendo"],"picked":"TalkToTheHand","floor":4.0},{"not_picked":["Vengeance","Wireheading","Consecrate"],"picked":"SKIP","floor":5.0},{"not_picked":["Vengeance","Wireheading","Consecrate"],"picked":"SKIP","floor":5.0},{"not_picked":["DevaForm","Blasphemy","LessonLearned"],"picked":"SKIP","floor":8.0},{"not_picked":["Establishment","Alpha"],"picked":"Vault","floor":10.0},{"not_picked":["EmptyFist","Wireheading"],"picked":"FearNoEvil","floor":11.0},{"not_picked":["MasterReality","Devotion","Brilliance"],"picked":"SKIP","floor":13.0},{"not_picked":["DevaForm","Blasphemy"],"picked":"Scrawl","floor":16.0},{"not_picked":["EmptyFist","Evaluate","SandsOfTime"],"picked":"SKIP","floor":18.0},{"not_picked":["WaveOfTheHand","Wallop","PathToVictory"],"picked":"SKIP","floor":19.0},{"not_picked":["FollowUp","Halt","SashWhip"],"picked":"SKIP","floor":20.0},{"not_picked":["BattleHymn","Crescendo","SignatureMove"],"picked":"SKIP","floor":22.0},{"not_picked":["Scrawl","LessonLearned","SpiritShield"],"picked":"SKIP","floor":25.0},{"not_picked":["LessonLearned","Brilliance"],"picked":"DeusExMachina","floor":27.0},{"not_picked":["LessonLearned","Judgement","Establishment"],"picked":"SKIP","floor":30.0},{"not_picked":["Wish","Devotion"],"picked":"Vault","floor":33.0},{"not_picked":["PathToVictory","WreathOfFlame","Nirvana"],"picked":"SKIP","floor":35},{"not_picked":["Prostrate","Evaluate","PathToVictory"],"picked":"SKIP","floor":38},{"not_picked":["MasterReality","Brilliance","Judgement"],"picked":"SKIP","floor":40},{"not_picked":["Wish","Judgement","Blasphemy"],"picked":"SKIP","floor":41},{"not_picked":["ConjureBlade","Devotion","Brilliance"],"picked":"SKIP","floor":42},{"not_picked":["ConjureBlade","DeusExMachina"],"picked":"Scrawl","floor":44},{"not_picked":["Establishment","Wish","MasterReality"],"picked":"SKIP","floor":45},{"not_picked":["DevaForm","MasterReality"],"picked":"Scrawl","floor":46},{"not_picked":["Brilliance","Omniscience","Wish"],"picked":"SKIP","floor":47},{"not_picked":["Establishment","DeusExMachina","Omniscience"],"picked":"SKIP","floor":48},{"not_picked":["ConjureBlade","Omniscience"],"picked":"Scrawl","floor":55}],"player_experience":349941,"relics_obtained":[{"floor":8.0,"key":"CeramicFish"},{"floor":9.0,"key":"Blue Candle"},{"floor":10.0,"key":"Kunai"},{"floor":13.0,"key":"Ice Cream"},{"floor":25.0,"key":"StoneCalendar"},{"floor":27.0,"key":"Lizard Tail"},{"floor":30.0,"key":"Sundial"},{"floor":40,"key":"Matryoshka"},{"floor":41,"key":"Letter Opener"},{"floor":42,"key":"InkBottle"},{"floor":43,"key":"Mummified Hand"},{"floor":43,"key":"TeardropLocket"},{"floor":44,"key":"Du-Vu Doll"},{"floor":45,"key":"The Courier"},{"floor":46,"key":"Toy Ornithopter"},{"floor":47,"key":"Whetstone"},{"floor":48,"key":"Strawberry"},{"floor":55,"key":"Pear"}],"event_choices":[{"damage_healed":0,"gold_gain":0,"player_choice":"Memory 1","damage_taken":0,"max_hp_gain":0,"max_hp_loss":0,"event_name":"SensoryStone","floor":39,"gold_loss":0}],"is_beta":false,"boss_relics":[{"not_picked":["Cursed Key","Runic Pyramid"],"picked":"HolyWater"},{"not_picked":["Astrolabe","Tiny House"],"picked":"Empty Cage"}],"items_purged_floors":[14,21,29,36,37,54],"is_endless":false,"potions_floor_spawned":[1,2,10,13,16,22,25,30,33,40,41,44,46,47,48],"ascension_level":20}}