{"host":"mq7pyadb5kndcn8l","time":1614050459,"event":{"mods":["AchievementEnabler","Act Like it!","Arknights","Aspiration","BaseMod","Better Altar","Better Match","Better Note","Better Sensory Stone","Better Skull","Better Third Choice","BetterRewards","Block Reminder","CCEM2","Challenge The Spire","ChefMod","Colored Map","Colored Powertips","Conspire","Displayed Cursed Tome","Dota2Spire","Energized Spire","GifTheSpireLib","Highlight Path","Hubris","Infinite Spire","Mad Scientist","Marked Mod","Mimic Mod","Minty Spire (QoL Compilation)","Permanent Neow","QueenMod","Quick Restart","Random Character Button","Rare Cards Sparkle","Relic Filter","Relic Sorter","Reliquary","Replay The Spire","Reworked Bosses","Shade Mod","Shop Mod","Spicy Shops","Spikes Relics","Spire Arcade","StSLib","Stuff the Spire","SuperFastMode","The Blue Laboratory","Trackpad","Transform Curses","Wandering Minibosses"],"gold_per_floor":[113,113,127,127,176,209,243,253,302,302,2,37,49,75,75,180,180,194,194,214,228,467,480,480,498,498,525,525,545,545,555,555,659,659,675,675,675,894,914,914,949,14,41,41,88,107,123,142,142,142,142,142,37,72,72],"floor_reached":56,"language":"ENG","playtime":4476,"items_purged":["Strike_G","Defend_G","Defend_G","Injury","Strike_G","Defend_G","ReplayTheSpireMod:Speed Training+1","Neutralize","Defend_G+1"],"score":2694,"play_id":"c832b00d-9928-4dd6-ab52-a65dbba3b8ef","local_time":"20210222222059","is_ascension_mode":true,"campfire_choices":[{"data":"ReplayTheSpireMod:Scrap Shanks","floor":10.0,"key":"SMITH"},{"data":"Strike_G","floor":15.0,"key":"PURGE"},{"data":"Prepared","floor":24.0,"key":"SMITH"},{"data":"Acrobatics","floor":28.0,"key":"SMITH"},{"data":"Backflip","floor":30.0,"key":"SMITH"},{"floor":32.0,"key":"RECALL"},{"data":"Survivor","floor":40.0,"key":"SMITH"},{"data":"Defend_G","floor":44.0,"key":"SMITH"},{"data":"Survivor+1","floor":49.0,"key":"PURGE"},{"floor":52.0,"key":"REST"}],"circlet_count":0,"master_deck":["AscendersBane","Backflip+1","Acrobatics+1","Impatience+1","Reforge+1","Replay:Bootleg Shield Generator+1","Prepared+1","ReplayTheSpireMod:Scrap Shanks+1","Finisher+1","After Image+1","Acrobatics+1","A Thousand Cuts+1","Prepared+1","Flex+1","Acrobatics+1","Specialist+1"],"relics":["Ring of the Snake","MerchantsRug","Vajra","SnailShell","ClockworkSouvenir","LugNut","hubris:DisguiseKit","trackpad:BottledTsunami","Golden Egg","Replay:Baseball","Toxic Egg 2","hubris:AncientText","trackpad:WondrousWand","SpikesRelics:DaevaFist","CCEMRelics:CarbonFilter","reliquary:Aerogel","Replay:Drink Me","reliquary:RustamsPendant","wanderingMiniBosses:LockLocket","Singing Bowl","Bag of Marbles","ReplayFunnel","StuffTheSpire:CocoNut"],"acts_visited":["Exordium","TheCity","TheBeyond","TheEnding"],"potions_floor_usage":[55,55],"damage_taken":[{"damage":0.0,"enemies":"Jaw Worm","floor":1.0,"turns":2.0},{"damage":0.0,"enemies":"2 Louse","floor":3.0,"turns":3.0},{"damage":2.0,"enemies":"Gremlin Nob","floor":6.0,"turns":6.0},{"damage":0.0,"enemies":"conspire:MimicChest","floor":7.0,"turns":8.0},{"damage":0.0,"enemies":"Small Slimes","floor":8.0,"turns":3.0},{"damage":0.0,"enemies":"3 Sentries","floor":12.0,"turns":4.0},{"damage":0.0,"enemies":"3 Louse","floor":13.0,"turns":2.0},{"damage":0.0,"enemies":"Lagavulin","floor":14.0,"turns":5.0},{"damage":0.0,"enemies":"Hexaghost","floor":16.0,"turns":4.0},{"damage":0.0,"enemies":"3 Byrds","floor":18.0,"turns":3.0},{"damage":0.0,"enemies":"Shell Parasite","floor":20.0,"turns":3.0},{"damage":0.0,"enemies":"Snake Plant","floor":21.0,"turns":2.0},{"damage":0.0,"enemies":"Chosen and Byrds","floor":22.0,"turns":6.0},{"damage":1.0,"enemies":"Centurion and Healer","floor":23.0,"turns":3.0},{"damage":0.0,"enemies":"Snake Plant","floor":25.0,"turns":3.0},{"damage":0.0,"enemies":"conspire:Head Lice","floor":27.0,"turns":2.0},{"damage":0.0,"enemies":"Chosen and Byrds","floor":29.0,"turns":1.0},{"damage":0.0,"enemies":"Snecko","floor":31.0,"turns":2.0},{"damage":0.0,"enemies":"bossMod:newChamp","floor":33.0,"turns":2.0},{"damage":0.0,"enemies":"Orb Walker","floor":35.0,"turns":2.0},{"damage":0.0,"enemies":"3 Darklings","floor":38.0,"turns":2.0},{"damage":0.0,"enemies":"Transient","floor":39.0,"turns":2.0},{"damage":0.0,"enemies":"R_Hoarder","floor":41.0,"turns":3.0},{"damage":0.0,"enemies":"Maw","floor":46.0,"turns":2.0},{"damage":0.0,"enemies":"Spire Growth","floor":47.0,"turns":1.0},{"damage":0.0,"enemies":"Sphere and 2 Shapes","floor":48.0,"turns":1.0},{"damage":0.0,"enemies":"hubris:GrandSnecko","floor":50.0,"turns":1.0},{"damage":0.0,"enemies":"Shield and Spear","floor":54.0,"turns":1.0},{"damage":1,"enemies":"The Heart","floor":55,"turns":3}],"seed_played":"-5882496634111954752","potions_obtained":[{"floor":3.0,"key":"Flashbang"},{"floor":7.0,"key":"BlessingOfTheForge"},{"floor":16.0,"key":"blueLaboratory:ArtistsPotion"},{"floor":33.0,"key":"Dexterity Potion"}],"is_trial":false,"path_per_floor":["M","?","M","?","T","E","?","M","T","R","$","E","M","E","R_BF","B",null,"M","AVR","M","M","M","M","R","M","T","E","R","M","R","M","R","B",null,"M","AVR","?","M","M","R","E","$","T","R","T","M","M","M","R_BF","B",null,"R","$","E","B",null],"character_chosen":"THE_SILENT","items_purchased":["MerchantsRug","Backflip","Acrobatics","Vajra","SnailShell","ClockworkSouvenir","Impatience","LugNut","hubris:DisguiseKit","trackpad:BottledTsunami","Golden Egg","Reforge","Replay:Baseball","Replay:Bootleg Shield Generator","Finisher","After Image","Singing Bowl","Bag of Marbles","Mango","Acrobatics+1"],"campfire_rested":1,"item_purchase_floors":[0,0,0,0,0,0,0,0,0,0,0,0,0,0,11,11,42,42,42,42],"current_hp_per_floor":[21,21,21,21,21,19,19,19,19,19,19,19,19,19,19,19,57,57,57,57,57,57,56,56,56,56,56,56,56,56,56,56,56,53,53,53,53,53,53,53,53,67,67,67,67,71,75,77,77,77,77,77,77,86,85],"gold":72,"neow_bonus":"","is_daily":false,"chose_seed":false,"campfire_upgraded":6,"win_rate":0.0,"timestamp":1614050459,"path_taken":["M","?","M","?","?","E","?","?","T","R","$","E","M","E","R_BF","BOSS","M","AVR","M","M","M","M","R","M","T","E","R","M","R","?","R","BOSS","M","AVR","?","M","M","R","E","$","T","R","?","M","M","M","R_BF","BOSS","R","$","E","BOSS"],"items_purchased_type":["Relic","Card","Card","Relic","Relic","Relic","Card","Relic","Relic","Relic","Relic","Card","Relic","Card","Card","Card","Relic","Relic","Relic","Card"],"build_version":"2020-12-22","purchased_purges":9,"victory":true,"max_hp_per_floor":[70,70,70,70,70,70,70,70,70,70,70,70,70,70,70,70,70,70,70,70,70,70,70,70,70,70,70,70,70,70,70,70,70,53,53,53,53,53,53,53,53,67,67,67,67,71,75,77,77,77,77,77,77,86,86],"card_choices":[{"not_picked":["Acrobatics","Cloak And Dagger","Evolve"],"picked":"Prepared","floor":1.0},{"not_picked":["Hidden Blade+1","PiercingWail+1","All Out Attack","hubris:ReadiedAction"],"picked":"SKIP","floor":3.0},{"not_picked":["Footwork","Outmaneuver+1","Evolve"],"picked":"ReplayTheSpireMod:Speed Training+1","floor":6.0},{"not_picked":["Distraction+1","StuffTheSpire:Python+1","Twin Strike"],"picked":"ReplayTheSpireMod:Scrap Shanks","floor":8.0},{"not_picked":["Underhanded Strike","Hidden Blade+1","Flying Knee","Shrug It Off"],"picked":"SKIP","floor":12.0},{"not_picked":["PiercingWail+1","Dagger Spray","Noxious Fumes","Thunderclap"],"picked":"SKIP","floor":13.0},{"not_picked":["Cloak And Dagger+1","Deflect+1","Pommel Strike"],"picked":"Acrobatics+1","floor":14.0},{"not_picked":["Night Terror+1","Grand Finale","StuffTheSpire:TitanForm"],"picked":"A Thousand Cuts","floor":16.0},{"not_picked":["Flying Knee+1","StuffTheSpire:ClusterCrunch","Backflip+1","StuffTheSpire:Incineration"],"picked":"SKIP","floor":18.0},{"not_picked":["Bouncing Flask+1","Hidden Blade+1","Dodge and Roll+1","Anger"],"picked":"SKIP","floor":20.0},{"not_picked":["Draining Mist+1","Expertise+1","hubris:SlightOfHand+1","Body Slam"],"picked":"SKIP","floor":21.0},{"not_picked":["Skewer","ReplayTheSpireMod:Shiv Toss+1","ReplayTheSpireMod:Scrap Shanks","Shockwave"],"picked":"SKIP","floor":22.0},{"not_picked":["Choke","Poisoned Stab+1","StuffTheSpire:Python+1","Dual Wield"],"picked":"SKIP","floor":23.0},{"not_picked":["Choke","Corpse Explosion+1","Catalyst+1","Havoc"],"picked":"SKIP","floor":25.0},{"not_picked":["Hidden Blade+1","StuffTheSpire:Repulse+1","Body Slam"],"picked":"Prepared+1","floor":27.0},{"not_picked":["Distraction+1","Sucker Punch","Dagger Throw","Whirlwind"],"picked":"SKIP","floor":29.0},{"not_picked":["Cloak And Dagger+1","Endless Agony","Venomology+1","Havoc"],"picked":"SKIP","floor":31.0},{"not_picked":["Replay:Poison Smokescreen+1","StuffTheSpire:Python+1","Quick Slash+1","Dropkick"],"picked":"SKIP","floor":35.0},{"not_picked":["Toxin Wave+1","StuffTheSpire:Fury+1","Footwork","Heavy Blade"],"picked":"SKIP","floor":38.0},{"not_picked":["Deadly Poison+1","Dodge and Roll+1","Endless Agony","Battle Trance"],"picked":"SKIP","floor":39.0},{"not_picked":["Underhanded Strike+1","Noxious Fumes","Dagger Throw+1"],"picked":"Flex","floor":41.0},{"not_picked":["hubris:EnhanceAbility+1","Magnetism+1","Dramatic Entrance+1"],"picked":"Singing Bowl","floor":46.0},{"not_picked":["Catalyst+1","Reflex+1","StuffTheSpire:BumpUp","Twin Strike"],"picked":"Singing Bowl","floor":46.0},{"not_picked":["Swift Strike+1","Secret Weapon+1","Replay:Bootleg Shield Generator+1"],"picked":"Singing Bowl","floor":47.0},{"not_picked":["Sucker Punch","Underhanded Strike","Poisoned Stab","Clothesline"],"picked":"Singing Bowl","floor":47.0},{"not_picked":["Trip+1","HandOfGreed+1"],"picked":"Specialist+1","floor":48.0},{"not_picked":["StuffTheSpire:Injection","ShadowRift","StuffTheSpire:ClusterCrunch","hubris:ReadiedAction"],"picked":"Singing Bowl","floor":48.0},{"not_picked":["Draining Mist+1","Outmaneuver+1","Toxin Wave+1","Perfected Strike"],"picked":"Singing Bowl","floor":54.0}],"player_experience":761540,"relics_obtained":[{"floor":5.0,"key":"hubris:AncientText"},{"floor":6.0,"key":"hubris:ToyBattleship"},{"floor":7.0,"key":"infinitespire:Eraser"},{"floor":12.0,"key":"trackpad:WondrousWand"},{"floor":14.0,"key":"CCEMRelics:MissingSock"},{"floor":26.0,"key":"CCEMRelics:CarbonFilter"},{"floor":27.0,"key":"reliquary:Aerogel"},{"floor":38.0,"key":"wanderingMiniBosses:LockLocket"},{"floor":43.0,"key":"CCEMRelics:FestiveHat"},{"floor":45.0,"key":"ReplayFunnel"},{"floor":54.0,"key":"StuffTheSpire:CocoNut"}],"event_choices":[],"is_beta":false,"boss_relics":[{"not_picked":["CCEMRelics:ReaperScythe","energizedSpire:OgreHead"],"picked":"hubris:Backtick"},{"not_picked":["hubris:GrandSneckoEye","reliquary:WritOfMandamus"],"picked":"Replay:Drink Me"}],"items_purged_floors":[0,0,0,11,19,36,42,42,53],"is_endless":false,"potions_floor_spawned":[3,7,14,16,18,23,27,33,46,48,54],"ascension_level":12}}