{"host":"h7xtspmc2x3i8s2i","time":1614072871,"event":{"mods":["2.2 Compatiblity","AchievementEnabler","Act Like it!","AlwaysNeverKeys","Aspiration","Astrologer","BaseMod","Bestiary","Better Altar","Better Match","Better Note","Better Sensory Stone","Better Skull","Better Third Choice","Better Vampires","Better-Laid Plans","Colored Map","Colored Powertips","Conjunction","Curses Come First","Defuse TimeMaze Blight","Dio Mod","Disable Question Mark Monsters","Dota2Spire","Downfall","EXCEPTION","Emptier Cage","Energized Spire","Evolution","Friendly Minions","GifTheSpireLib","Gold Saver","Gremlin Skip","Halation","Hubris","Hyrulean Relics","Jedi Mod","Key Reminder","Marked Mod","Minty Spire (QoL Compilation)","Permanent Neow","Potion Indicator Mod","Quick Restart","Random Character Button","Random Character Mod","Rare Cards Sparkle","Relic Filter","Relic Stats","Reliquary","Replay The Spire","SacredBarkPlus","Shop Mod","Smile Girya","Somnambulant","Spicy Shops","Spikes Relics","Spire Birthday Party","StSLib","Steal the Spire","Stuff the Spire","SuperFastMode","The Awakened One except there are too many feathers","The Blue Laboratory","The Cursed","The Death Knight","The Edgeheg","The Problem Sleuth","The Runesmith","The Wild Card","Trackpad","Transform Curses","Uncapped","Unceasing Turn Reminder","Virulent Crown","Wide Potions","everything is the same but u backflip on backflip","slay the spire mod where everything is the same but ironclad has a cowboy hat"],"gold_per_floor":[116,116,135,151,151,181,181,208,208,208,208,243,243,260,260,361,361,372,384,384,404,422,422,448,467,494,494,494,494,71,81,81,177,177,189,34,84,84,84,84,116,116,116,148,148,148,22,41,41,41,41,41,41,67,167,167],"floor_reached":55,"language":"ENG","playtime":2155,"items_purged":["Strike_B"],"score":835,"play_id":"455dc623-5a39-4f1e-8ab0-6abd4cce5989","local_time":"20210223043431","is_ascension_mode":true,"campfire_choices":[{"floor":7.0,"key":"REST"},{"data":"Fusion","floor":10.0,"key":"SMITH"},{"floor":15.0,"key":"REST"},{"floor":23.0,"key":"REST"},{"floor":27.0,"key":"REST"},{"floor":29.0,"key":"RECALL"},{"data":"RefreshScreen","floor":32.0,"key":"SMITH"},{"data":"Fission","floor":40.0,"key":"SMITH"},{"floor":42.0,"key":"REST"},{"data":"Turbo","floor":45.0,"key":"SMITH"},{"data":"Zap","floor":49.0,"key":"SMITH"},{"data":"Panic Button","floor":52.0,"key":"SMITH"}],"circlet_count":0,"master_deck":["Rebound","Defend_B","Defend_B","Defend_B+1","Defend_B","Zap+1","Dualcast+1","ReplayTheSpireMod:System Scan","RefreshScreen+1","Compile Driver","Compile Driver","Fusion+1","Panic Button+1","Turbo+1","Reboot+1","StuffTheSpire:Rend+1","Storm","White Noise+1","Self Repair","Compile Driver+1","StuffTheSpire:Synthwave+1","Fission+1","Redo","Electrodynamics+1","ReplayTheSpireMod:Calculation Training+1","Crystallizer","ReplayTheSpireMod:Calculation Training+1","Consume+1","ReplayTheSpireMod:GoodbyeWorld+1","jedi:locknload"],"relics":["Cracked Core","StuffTheSpire:OccultApparatus","GiantMaggot","Dota2Spire:ShadowBlade","hubris:Reverence","Dota2Spire:RefresherOrb","trackpad:PetRock","Iron Hammer","reliquary:ExpiredCoupon","hubris:Towel","MerchantsRug","halation:LostSnail","WizardHat","hubris:Icosahedron","halation:LettersToHer","Replay:Bottled Eggs","aspiration:ChemicalBlood","reliquary:ShortFuse","RoseTintedShades"],"acts_visited":["Exordium","TheCity","TheBeyond","TheEnding"],"potions_floor_usage":[55,55,55,55,55,55],"damage_taken":[{"damage":1.0,"enemies":"2 Louse","floor":1.0,"turns":3.0},{"damage":5.0,"enemies":"Cultist","floor":3.0,"turns":4.0},{"damage":2.0,"enemies":"Jaw Worm","floor":4.0,"turns":3.0},{"damage":21.0,"enemies":"Lagavulin","floor":6.0,"turns":4.0},{"damage":10.0,"enemies":"Gremlin Nob","floor":8.0,"turns":3.0},{"damage":11.0,"enemies":"Lagavulin","floor":12.0,"turns":5.0},{"damage":0.0,"enemies":"Large Slime","floor":14.0,"turns":4.0},{"damage":4.0,"enemies":"Fading Forest","floor":16.0,"turns":11.0},{"damage":25.0,"enemies":"2 Thieves","floor":18.0,"turns":4.0},{"damage":7.0,"enemies":"Spheric Guardian","floor":19.0,"turns":4.0},{"damage":0.0,"enemies":"3 Cultists","floor":21.0,"turns":4.0},{"damage":4.0,"enemies":"Chosen and Byrds","floor":22.0,"turns":4.0},{"damage":42.0,"enemies":"Slavers","floor":24.0,"turns":5.0},{"damage":0.0,"enemies":"Centurion and Healer","floor":25.0,"turns":2.0},{"damage":8.0,"enemies":"Snake Plant","floor":31.0,"turns":2.0},{"damage":28.0,"enemies":"Pondfish","floor":33.0,"turns":7.0},{"damage":0.0,"enemies":"3 Darklings","floor":35.0,"turns":1.0},{"damage":0.0,"enemies":"Mind Bloom Boss Battle","floor":37.0,"turns":3.0},{"damage":6.0,"enemies":"R_Hoarder","floor":41.0,"turns":4.0},{"damage":3.0,"enemies":"Reptomancer","floor":44.0,"turns":3.0},{"damage":10.0,"enemies":"3 Shapes","floor":48.0,"turns":2.0},{"damage":48.0,"enemies":"Time Eater","floor":50.0,"turns":4.0},{"damage":0.0,"enemies":"Shield and Spear","floor":54.0,"turns":2.0},{"damage":76,"enemies":"The Heart","floor":55,"turns":4}],"seed_played":"1280579178027118291","potions_obtained":[{"floor":1.0,"key":"Adrenaline Potion"},{"floor":8.0,"key":"ColorlessPotion"},{"floor":14.0,"key":"PowerPotion"},{"floor":16.0,"key":"jedi:tentaclejuice"},{"floor":18.0,"key":"blueLaboratory:Moonshine"},{"floor":22.0,"key":"blueLaboratory:BiasPotion"},{"floor":35.0,"key":"blueLaboratory:BottleOfVodka"}],"is_trial":false,"path_per_floor":["M","?","M","M","?","E","R","E","T","R","?","E","?","M","R","B",null,"M","M","?","M","M","R","E","M","T","R","?","R","$","M","R","B",null,"M","$","?","?","?","R","E","R","T","E","R","?","$","M","R","B",null,"R","$","E","B"],"character_chosen":"DEFECT","items_purchased":["MerchantsRug","StuffTheSpire:Synthwave","Fission","halation:LostSnail","Crystallizer","reliquary:ShortFuse"],"campfire_rested":5,"item_purchase_floors":[30,30,30,30,36,47],"current_hp_per_floor":[74,74,69,67,52,31,53,43,43,43,43,32,32,32,54,60,75,50,43,43,43,39,61,19,39,39,61,61,61,61,63,63,45,75,75,75,75,53,53,53,47,69,69,75,75,75,75,72,72,34,75,75,75,75,0,0],"gold":167,"neow_bonus":"RANDOM_EVENT","is_daily":false,"chose_seed":false,"campfire_upgraded":6,"win_rate":0.0,"timestamp":1614072871,"path_taken":["M","?","?","M","?","E","R","E","T","R","?","E","?","M","R","BOSS","M","M","?","M","?","R","E","M","T","R","?","R","?","M","R","BOSS","M","$","?","?","?","R","E","R","T","E","R","?","$","M","R","BOSS","R","$","E","BOSS"],"items_purchased_type":["Relic","Card","Card","Relic","Card","Relic"],"build_version":"2020-12-22","purchased_purges":1,"victory":false,"max_hp_per_floor":[75,75,75,75,75,75,75,75,75,75,75,75,75,75,75,75,75,75,75,75,75,75,75,75,75,75,75,75,75,75,75,75,75,75,75,75,75,75,75,75,75,75,75,75,75,75,75,75,75,75,75,75,75,75,75,75],"relic_stats":{"counters":[24,92],"obtain_stats":[{"WizardHat":37,"MerchantsRug":30,"GiantMaggot":6,"trackpad:PetRock":20,"RoseTintedShades":54,"Dota2Spire:ShadowBlade":8,"Dota2Spire:RefresherOrb":17,"EVO:Axolotl":0,"hubris:Towel":28,"keyreminder:keyreminder":9,"StuffTheSpire:OccultApparatus":13,"reliquary:ExpiredCoupon":26,"hubris:Icosahedron":39,"Iron Hammer":24,"halation:LostSnail":30,"Replay:Bottled Eggs":43,"Cracked Core":0,"halation:LettersToHer":41,"reliquary:ShortFuse":47,"hubris:Reverence":12,"aspiration:ChemicalBlood":44},{"WizardHat":18,"MerchantsRug":14,"GiantMaggot":4,"trackpad:PetRock":10,"RoseTintedShades":23,"Dota2Spire:ShadowBlade":5,"Dota2Spire:RefresherOrb":8,"EVO:Axolotl":0,"hubris:Towel":14,"keyreminder:keyreminder":5,"StuffTheSpire:OccultApparatus":6,"reliquary:ExpiredCoupon":14,"hubris:Icosahedron":18,"Iron Hammer":13,"halation:LostSnail":14,"Replay:Bottled Eggs":19,"Cracked Core":0,"halation:LettersToHer":19,"reliquary:ShortFuse":20,"hubris:Reverence":6,"aspiration:ChemicalBlood":20},{"WizardHat":73,"MerchantsRug":60,"GiantMaggot":14,"trackpad:PetRock":45,"RoseTintedShades":88,"Dota2Spire:ShadowBlade":17,"Dota2Spire:RefresherOrb":37,"EVO:Axolotl":0,"hubris:Towel":60,"keyreminder:keyreminder":17,"StuffTheSpire:OccultApparatus":22,"reliquary:ExpiredCoupon":60,"hubris:Icosahedron":73,"Iron Hammer":58,"halation:LostSnail":60,"Replay:Bottled Eggs":77,"Cracked Core":0,"halation:LettersToHer":77,"reliquary:ShortFuse":80,"hubris:Reverence":22,"aspiration:ChemicalBlood":80}]},"card_choices":[{"not_picked":["StuffTheSpire:Coldhearted","Streamline"],"picked":"ReplayTheSpireMod:System Scan","floor":1.0},{"not_picked":["Rebound","Ball Lightning"],"picked":"RefreshScreen","floor":3.0},{"not_picked":["jedi:spotbugs","jedi:blockon"],"picked":"Compile Driver","floor":4.0},{"not_picked":["Ball Lightning","ReplaySolidLightProjector"],"picked":"Compile Driver","floor":6.0},{"not_picked":["BootSequence","Sweeping Beam"],"picked":"Fusion","floor":8.0},{"not_picked":["Steam","Sweeping Beam"],"picked":"Panic Button","floor":12.0},{"not_picked":["jedi:markofdeath","jedi:BurstFrost"],"picked":"Turbo","floor":14.0},{"not_picked":["Biased Cognition","jedi:BurstDark"],"picked":"Reboot","floor":16.0},{"not_picked":["Steam","Cold Snap"],"picked":"StuffTheSpire:Rend+1","floor":18.0},{"not_picked":["Steam Power","Conserve Battery"],"picked":"Storm","floor":19.0},{"not_picked":["Compile Driver","jedi:BurstLightning"],"picked":"White Noise+1","floor":21.0},{"not_picked":["Hyperbeam","Hologram+1","Barrage"],"picked":"SKIP","floor":22.0},{"not_picked":["BootSequence","StuffTheSpire:CleanHardDrive"],"picked":"Self Repair","floor":24.0},{"not_picked":["jedi:BurstFrost","Beam Cell"],"picked":"Compile Driver+1","floor":25.0},{"not_picked":["Steam","Beam Cell"],"picked":"Redo","floor":31.0},{"not_picked":["StuffTheSpire:Purify","jedi:gatheringstorm"],"picked":"Electrodynamics","floor":33.0},{"not_picked":["BootSequence+1","Barrage+1"],"picked":"ReplayTheSpireMod:Calculation Training+1","floor":35.0},{"not_picked":["Sweeping Beam+1","BasicCrystalCard"],"picked":"ReplayTheSpireMod:Calculation Training","floor":37.0},{"not_picked":["Ball Lightning","Cold Snap","Barrage"],"picked":"SKIP","floor":41.0},{"not_picked":["Chill+1","jedi:readyaimfire"],"picked":"Consume+1","floor":44.0},{"not_picked":["Sweeping Beam","Beam Cell+1"],"picked":"ReplayTheSpireMod:GoodbyeWorld+1","floor":48.0},{"not_picked":["Rebound+1","Chill+1"],"picked":"jedi:locknload","floor":54.0}],"player_experience":424388,"relics_obtained":[{"floor":6.0,"key":"GiantMaggot"},{"floor":8.0,"key":"Dota2Spire:ShadowBlade"},{"floor":12.0,"key":"hubris:Reverence"},{"floor":24.0,"key":"Iron Hammer"},{"floor":26.0,"key":"reliquary:ExpiredCoupon"},{"floor":37.0,"key":"WizardHat"},{"floor":41.0,"key":"halation:LettersToHer"},{"floor":43.0,"key":"halation:LettersToHer"},{"floor":43.0,"key":"Replay:Bottled Eggs"},{"floor":44.0,"key":"aspiration:ChemicalBlood"},{"floor":54.0,"key":"RoseTintedShades"}],"event_choices":[{"cards_removed":["Strike_B"],"damage_healed":0.0,"max_hp_gain":0.0,"max_hp_loss":0.0,"gold_gain":0.0,"event_name":"Bonfire Elementals","player_choice":"Offered Basic","floor":2.0,"gold_loss":0.0,"damage_taken":0.0},{"damage_healed":67.0,"max_hp_gain":0.0,"max_hp_loss":75.0,"gold_gain":0.0,"event_name":"betterThird:BetterShining","player_choice":"Upgrade","floor":5.0,"gold_loss":0.0,"damage_taken":15.0,"cards_upgraded":["Defend_B","Rebound"]},{"cards_removed":["jedi:readyaimfire"],"damage_healed":0.0,"max_hp_gain":0.0,"max_hp_loss":0.0,"gold_gain":0.0,"event_name":"WeMeetAgain","player_choice":"Gave Card","floor":20.0,"gold_loss":0.0,"damage_taken":0.0,"relics_obtained":["trackpad:PetRock"]},{"damage_healed":0.0,"max_hp_gain":0.0,"max_hp_loss":0.0,"gold_gain":0.0,"event_name":"MindBloom","player_choice":"Fight","floor":37.0,"gold_loss":0.0,"damage_taken":0.0}],"is_beta":false,"boss_relics":[{"not_picked":["bronze:MakeshiftBattery","energizedSpire:CursedPentagram"],"picked":"Dota2Spire:RefresherOrb"},{"not_picked":["Calling Bell","hubris:VirtuousBlindfold","trackpad:Trackpad"]}],"items_purged_floors":[36],"is_endless":false,"potions_floor_spawned":[1,8,14,16,18,22,35],"killed_by":"The Heart","ascension_level":2}}