{"host":"ty9fb48q9oru32qm","time":1614084923,"event":{"mods":["2.2 Compatiblity","AchievementEnabler","Act Like it!","Astrologer","BaseMod","Beaked The Cultist","Better Synergies","Block Reminder","Colored Powertips","Conspire","DeckTracker","Downfall","Ekko","Elementarium","Friendly Minions","GifTheSpireLib","Hermit","Hubris","Infinite Spire","Jorbs\u0027s Wanderer Trilogy","Marisa????????","Minty Spire (QoL Compilation)","Permanent Neow","Quick Restart","Random Character Button","Reliquary","Replay The Spire","Ruina","Somnambulant","StSLib","Stuff the Spire","The Cursed","The Marked","The Runesmith","TheVacant"],"gold_per_floor":[99,111,124,187,187,217,217,217,232,232,252,252,372,372,392,495,495,395,407,407,407,407,407,477,477,239,139,139,263,275,415,437,449,449,449],"floor_reached":33,"language":"ENG","playtime":2929,"items_purged":["downfall:Malfunctioning","hexamod:Float"],"score":314,"play_id":"3370d9d8-7fdc-48bc-88dc-ffe9c6f338e2","local_time":"20210223135523","is_ascension_mode":false,"campfire_choices":[{"floor":1,"key":"DIG"},{"floor":8,"key":"REST"},{"data":"hexamod:GhostOfSpirePresent","floor":10,"key":"SMITH"},{"data":"hexamod:Incineration","floor":12,"key":"SMITH"},{"data":"hexamod:HexaLevel","floor":18,"key":"SMITH"},{"data":"hexamod:Sear","floor":27,"key":"SMITH"},{"floor":30,"key":"RECALL"}],"circlet_count":0,"master_deck":["hexamod:Strike+1","hexamod:Strike","hexamod:Strike","hexamod:Defend+1","hexamod:Defend","hexamod:Defend","hexamod:Defend","hexamod:Sear+1","hexamod:Again+1","hexamod:Hexaguard","hexamod:GhostflameBarrier","hexamod:HeatCrush","hexamod:Incineration+1","hexamod:FlamesFromBeyond","hexamod:EmpoweredFlame+1","hubris:DuctTapeCard","hexamod:HeatShield+1","hexamod:ExtraCrispy+1"],"relics":["hexamod:SpiritBrand","reliquary:RosewoodLute","Chameleon Ring","StuffTheSpire:TintedRock","infinitespire:BottledMercury","hubris:GlazedTorus","ChewingGum","downfall:HeartBlessingGreen","Bird Faced Urn","Ring of Fury","Ring of Fangs","hubris:DuctTape","conspire:TreasureMap","downfall:HeartBlessingBlue","reliquary:RedCape","MawBank","reliquary:Aerogel","StuffTheSpire:CocoNut"],"acts_visited":["Exordium","TheCity"],"potions_floor_usage":[13,13,16,33,33,33],"damage_taken":[{"damage":1,"enemies":"Jaw Worm","floor":2,"turns":4},{"damage":0,"enemies":"2 Louse","floor":3,"turns":4},{"damage":54,"enemies":"Lagavulin Event","floor":4,"turns":11},{"damage":1,"enemies":"Replay:BlueRogue","floor":6,"turns":8},{"damage":0,"enemies":"conspire:RoseBush","floor":9,"turns":3},{"damage":4,"enemies":"Exordium Wildlife","floor":11,"turns":5},{"damage":9,"enemies":"Gremlin Nob","floor":13,"turns":3},{"damage":0,"enemies":"conspire:2 RoseBushes","floor":15,"turns":6},{"damage":14,"enemies":"IC_STATUS_ARCHETYPE","floor":16,"turns":7},{"damage":23,"enemies":"downfall:LooterAlt2","floor":19,"turns":4},{"damage":4,"enemies":"downfall:FleeingMerchant","floor":26,"turns":4},{"damage":30,"enemies":"Slavers","floor":29,"turns":5},{"damage":11,"enemies":"conspire:Head Lice","floor":31,"turns":7},{"damage":6,"enemies":"conspire:FuzzyDice","floor":32,"turns":5},{"damage":46,"enemies":"DF_ARCHETYPE_CLAW","floor":33,"turns":7}],"seed_played":"-7696798438929774051","potions_obtained":[{"floor":4,"key":"EssenceOfSteel"},{"floor":6,"key":"AttackPotion"},{"floor":9,"key":"BlessingOfTheForge"},{"floor":13,"key":"hexamod:DoubleChargePotion"},{"floor":16,"key":"Weak Potion"},{"floor":32,"key":"Strength Potion"}],"is_trial":false,"path_per_floor":["R","M","M","?","?","E","T","R","M","R","M","R","E","?","M","B",null,"R","M","?","?","T","?","T","T","$","R","AVR","E","R","E","M","B"],"character_chosen":"THE_SPIRIT","items_purchased":["conspire:TreasureMap"],"campfire_rested":1,"item_purchase_floors":[26],"current_hp_per_floor":[70,69,69,15,15,14,14,35,35,35,31,31,22,22,22,8,70,70,47,70,70,70,70,70,70,66,76,76,50,50,50,48,8,8,8],"gold":449,"neow_bonus":"TRANSFORM_CARD","is_daily":false,"chose_seed":false,"campfire_upgraded":4,"win_rate":0.0,"timestamp":1614084923,"path_taken":["R","M","M","?","?","E","T","R","M","R","M","R","E","?","M","BOSS","R","M","?","?","?","?","T","?","?","R","AVR","E","R","E","M","BOSS"],"items_purchased_type":["Relic"],"build_version":"2020-12-22","purchased_purges":2,"victory":false,"max_hp_per_floor":[70,70,70,70,70,70,70,70,70,70,70,70,70,70,70,70,70,70,70,70,70,70,70,70,70,70,80,80,80,80,87,87,87,87,87],"card_choices":[{"not_picked":["hexamod:AdvancingGuard","hexamod:GhostLash"],"picked":"hexamod:Hexaguard","floor":2},{"not_picked":["hexamod:ThermalTransfer","hexamod:SwordOfDarkness"],"picked":"hexamod:GhostflameBarrier","floor":3},{"not_picked":["hexamod:HeatMetal","hexamod:AdvancingGuard"],"picked":"hexamod:GhostOfSpirePresent","floor":4},{"not_picked":["hexamod:FastForward","hexamod:UnleashSpirits"],"picked":"hexamod:HeatCrush","floor":6},{"not_picked":["hexamod:InspiringFlames","hexamod:RecurringNightmare","hexamod:FastForward"],"picked":"SKIP","floor":9},{"not_picked":["hexamod:PowerFromBeyond","hexamod:NightmareGuise"],"picked":"hexamod:Incineration","floor":11},{"not_picked":["hexamod:InspiringFlames","hexamod:NightmareGuise"],"picked":"hexamod:FlamesFromBeyond","floor":13},{"not_picked":["hexamod:SecondSeal","hexamod:Incineration","hexamod:ThermalTransfer"],"picked":"SKIP","floor":15},{"not_picked":["hexamod:TurnItUp","hexamod:UnlimitedPower"],"picked":"hexamod:HexaLevel","floor":16},{"not_picked":["hexamod:ShieldOfDarkness","hexamod:HauntingEcho+1"],"picked":"hexamod:EmpoweredFlame+1","floor":19},{"not_picked":["hexamod:PhantomFireball","hexamod:NightmareGuise"],"picked":"hexamod:HeatShield+1","floor":26},{"not_picked":["hexamod:HauntingEcho+1","hexamod:GhostOfSpireFuture","hexamod:SixthSeal"],"picked":"SKIP","floor":29},{"not_picked":["hexamod:BacktrackSmack+1","hexamod:GhostLash","hexamod:HeatCrush"],"picked":"SKIP","floor":31},{"not_picked":["hexamod:HeatCrush","hexamod:Hexaguard"],"picked":"hexamod:ExtraCrispy+1","floor":32}],"player_experience":329040,"relics_obtained":[{"floor":1,"key":"reliquary:RosewoodLute"},{"floor":4,"key":"Chameleon Ring"},{"floor":6,"key":"StuffTheSpire:TintedRock"},{"floor":7,"key":"infinitespire:BottledMercury"},{"floor":13,"key":"hubris:GlazedTorus"},{"floor":22,"key":"Bird Faced Urn"},{"floor":23,"key":"Ring of Fury"},{"floor":23,"key":"Ring of Fangs"},{"floor":24,"key":"hubris:DuctTape"},{"floor":29,"key":"reliquary:Aerogel"},{"floor":31,"key":"StuffTheSpire:CocoNut"}],"event_choices":[{"damage_healed":23,"gold_gain":0,"player_choice":"Heal","damage_taken":0,"max_hp_gain":0,"max_hp_loss":0,"event_name":"The Library","floor":20,"gold_loss":0}],"is_beta":false,"boss_relics":[{"not_picked":["Cursed Key","Honey Jar"],"picked":"ChewingGum"}],"items_purged_floors":[26,28],"is_endless":false,"potions_floor_spawned":[4,6,9,13,16,32],"killed_by":"DF_ARCHETYPE_CLAW","ascension_level":0}}