{"host":"w14xfy17z3c5mpoi","time":1614122457,"event":{"mods":["AchievementEnabler","BaseMod","Minty Spire (QoL Compilation)","Relic Stats"],"gold_per_floor":[110,126,126,126,151,151,167,167,193,209,95,95,95,95,95],"floor_reached":14,"language":"ENG","playtime":471,"items_purged":["Injury"],"score":148,"play_id":"f90bf633-5209-46b1-8c6a-7ec8b9ef1a36","local_time":"20210223182057","is_ascension_mode":true,"campfire_choices":[{"data":"The Bomb","floor":6,"key":"SMITH"},{"floor":8,"key":"REST"}],"circlet_count":0,"master_deck":["AscendersBane","Strike_G","Strike_G","Strike_G","Strike_G","Strike_G","Defend_G","Defend_G","Defend_G","Defend_G","Defend_G","Survivor+1","Neutralize","The Bomb+1","PiercingWail","Cloak And Dagger","Dagger Throw","Sucker Punch","Footwork"],"relics":["Ring of the Snake","Golden Idol","Juzu Bracelet"],"acts_visited":["Exordium"],"potions_floor_usage":[7,14,14,14],"damage_taken":[{"damage":7,"enemies":"Jaw Worm","floor":1,"turns":3},{"damage":2,"enemies":"2 Louse","floor":2,"turns":3},{"damage":10,"enemies":"Cultist","floor":5,"turns":5},{"damage":7,"enemies":"3 Louse","floor":7,"turns":3},{"damage":25,"enemies":"Exordium Thugs","floor":10,"turns":5},{"damage":36,"enemies":"Gremlin Nob","floor":14,"turns":4}],"seed_played":"3886836210976554487","potions_obtained":[{"floor":4,"key":"EntropicBrew"},{"floor":4,"key":"Block Potion"},{"floor":7,"key":"CultistPotion"}],"is_trial":false,"path_per_floor":["M","M","?","?","M","R","M","R","T","M","$","?","$","E"],"character_chosen":"THE_SILENT","items_purchased":["Footwork"],"campfire_rested":1,"item_purchase_floors":[11],"current_hp_per_floor":[37,35,35,35,25,25,18,37,37,12,12,12,12,0,0],"gold":95,"neow_bonus":"RANDOM_COLORLESS_2","is_daily":false,"chose_seed":false,"campfire_upgraded":1,"win_rate":0.0,"timestamp":1614122457,"path_taken":["M","M","?","?","M","R","?","R","T","M","$","?","?","E"],"items_purchased_type":["Card"],"build_version":"2020-12-22","purchased_purges":1,"victory":false,"max_hp_per_floor":[66,66,66,66,66,66,66,66,66,66,66,66,66,66,66],"relic_stats":{"counters":[6,23],"Golden Idol":11,"Juzu Bracelet":0,"obtain_stats":[{"Golden Idol":3,"Juzu Bracelet":9,"Ring of the Snake":0},{"Golden Idol":2,"Juzu Bracelet":4,"Ring of the Snake":0},{"Golden Idol":6,"Juzu Bracelet":14,"Ring of the Snake":0}],"Ring of the Snake":[12]},"card_choices":[{"not_picked":["Panache","Secret Technique"],"picked":"The Bomb","floor":0},{"not_picked":["Quick Slash","Deflect"],"picked":"PiercingWail","floor":1},{"not_picked":["Eviscerate","Bane"],"picked":"Cloak And Dagger","floor":2},{"not_picked":["Cloak And Dagger","Crippling Poison"],"picked":"Dagger Throw","floor":5},{"not_picked":["Deflect","Bane","Underhanded Strike"],"picked":"SKIP","floor":7},{"not_picked":["Corpse Explosion","Dodge and Roll"],"picked":"Sucker Punch","floor":10}],"player_experience":796758,"relics_obtained":[{"floor":9,"key":"Juzu Bracelet"}],"event_choices":[{"damage_healed":0,"gold_gain":0,"player_choice":"Take Wound","damage_taken":0,"relics_obtained":["Golden Idol"],"max_hp_gain":0,"max_hp_loss":0,"event_name":"Golden Idol","floor":3,"gold_loss":0,"cards_obtained":["Injury"]},{"damage_healed":0,"gold_gain":0,"player_choice":"Got Potions","damage_taken":0,"max_hp_gain":0,"max_hp_loss":0,"event_name":"Lab","floor":4,"gold_loss":0},{"damage_healed":0,"gold_gain":0,"player_choice":"Forge","damage_taken":0,"max_hp_gain":0,"max_hp_loss":0,"event_name":"Accursed Blacksmith","floor":12,"gold_loss":0,"cards_upgraded":["Survivor"]}],"is_beta":false,"boss_relics":[],"items_purged_floors":[11],"is_endless":false,"potions_floor_spawned":[5,7,10],"killed_by":"Gremlin Nob","ascension_level":17}}