{"host":"2qv44oxt58ptq59r","time":1614102296,"event":{"mods":["AchievementEnabler","BaseMod","Colored Powertips","Highlight Path","Minty Spire (QoL Compilation)","Permanent Neow","StSLib"],"gold_per_floor":[214,11,29,0,17,17,52,72,145,165,34,34,64,80,80,179,179,194,109,123,133,143,143,171,171,171,183,183,183,183,202,202,302,302,316,316,316,330,342,342,353,333,333,343,35,35,54,70,70,70],"floor_reached":51,"language":"ENG","playtime":18210,"items_purged":[],"score":835,"play_id":"15943c9c-5d73-4332-a9a2-35cdadca8c24","local_time":"20210223174456","is_ascension_mode":true,"campfire_choices":[{"data":"Noxious Fumes","floor":6.0,"key":"SMITH"},{"floor":15.0,"key":"REST"},{"floor":23.0,"key":"REST"},{"floor":25.0,"key":"REST"},{"floor":28.0,"key":"REST"},{"data":"Venomology","floor":32.0,"key":"SMITH"},{"floor":40.0,"key":"REST"},{"data":"Apotheosis","floor":46.0,"key":"SMITH"},{"floor":49.0,"key":"REST"}],"circlet_count":0,"master_deck":["Strike_G+1","Strike_G+1","Strike_G+1","Strike_G+1","Defend_G+1","Defend_G+1","Defend_G+1","Defend_G+1","Defend_G+1","Survivor","Neutralize","Cloak And Dagger","Poisoned Stab","PiercingWail","Noxious Fumes+1","Die Die Die","Accuracy","Cloak And Dagger","Infinite Blades","Blade Dance","Venomology+1","Crippling Poison+1","Sucker Punch","Slice+1","Crippling Poison+1","PiercingWail","Accuracy","Dodge and Roll","Bullet Time","Tactician+1","Apotheosis+1","Poisoned Stab+1","Blade Dance+1","Dagger Spray","Outmaneuver+1","Sucker Punch+1","Leg Sweep+1"],"relics":["Ring of the Serpent","PreservedInsect","Tough Bandages","WristBlade","Bag of Preparation","Toy Ornithopter","Regal Pillow","Ninja Scroll","TwistedFunnel","Bag of Marbles"],"acts_visited":["Exordium","TheCity","TheBeyond"],"potions_floor_usage":[50,50],"damage_taken":[{"damage":0.0,"enemies":"Cultist","floor":1.0,"turns":5.0},{"damage":4.0,"enemies":"Small Slimes","floor":3.0,"turns":5.0},{"damage":0.0,"enemies":"2 Louse","floor":5.0,"turns":2.0},{"damage":17.0,"enemies":"3 Sentries","floor":7.0,"turns":8.0},{"damage":1.0,"enemies":"Large Slime","floor":8.0,"turns":6.0},{"damage":7.0,"enemies":"Blue Slaver","floor":10.0,"turns":4.0},{"damage":0.0,"enemies":"Looter","floor":14.0,"turns":4.0},{"damage":32.0,"enemies":"Slime Boss","floor":16.0,"turns":10.0},{"damage":14.0,"enemies":"Spheric Guardian","floor":18.0,"turns":4.0},{"damage":14.0,"enemies":"Shell Parasite","floor":20.0,"turns":5.0},{"damage":13.0,"enemies":"Centurion and Healer","floor":21.0,"turns":5.0},{"damage":11.0,"enemies":"Cultist and Chosen","floor":22.0,"turns":7.0},{"damage":21.0,"enemies":"Slavers","floor":24.0,"turns":4.0},{"damage":6.0,"enemies":"Snake Plant","floor":27.0,"turns":5.0},{"damage":17.0,"enemies":"Centurion and Healer","floor":31.0,"turns":5.0},{"damage":68.0,"enemies":"Champ","floor":33.0,"turns":10.0},{"damage":24.0,"enemies":"3 Darklings","floor":35.0,"turns":5.0},{"damage":0.0,"enemies":"3 Shapes","floor":38.0,"turns":3.0},{"damage":51.0,"enemies":"Writhing Mass","floor":39.0,"turns":6.0},{"damage":4.0,"enemies":"4 Shapes","floor":41.0,"turns":5.0},{"damage":11.0,"enemies":"Transient","floor":44.0,"turns":5.0},{"damage":22.0,"enemies":"Maw","floor":47.0,"turns":6.0},{"damage":0.0,"enemies":"Jaw Worm Horde","floor":48.0,"turns":3.0},{"damage":68,"enemies":"Donu and Deca","floor":50,"turns":8}],"seed_played":"-7912770786615087182","potions_obtained":[{"floor":7.0,"key":"AttackPotion"},{"floor":14.0,"key":"EssenceOfSteel"},{"floor":18.0,"key":"Strength Potion"},{"floor":22.0,"key":"FairyPotion"},{"floor":24.0,"key":"SneckoOil"},{"floor":33.0,"key":"Poison Potion"},{"floor":38.0,"key":"Fruit Juice"},{"floor":41.0,"key":"Energy Potion"},{"floor":42.0,"key":"LiquidMemories"},{"floor":48.0,"key":"Swift Potion"}],"is_trial":false,"path_per_floor":["M","$","M","?","M","R","E","M","T","M","$","?","?","M","R","B",null,"M","?","M","M","M","R","E","R","T","M","R","?","?","M","R","B",null,"M","?","?","M","M","R","M","?","T","M","$","R","M","M","R","B",null],"character_chosen":"THE_SILENT","items_purchased":["PreservedInsect","Poisoned Stab","Fruit Juice","Infinite Blades","TwistedFunnel","Bag of Marbles"],"campfire_rested":6,"item_purchase_floors":[2,2,11,11,45,45],"current_hp_per_floor":[63,63,59,59,59,59,42,41,41,34,34,34,34,39,61,29,64,50,50,36,23,12,34,13,35,35,34,71,71,71,54,54,22,62,38,38,38,58,12,51,57,57,57,61,61,61,39,44,80,22],"gold":70,"neow_bonus":"HUNDRED_GOLD","is_daily":false,"chose_seed":false,"campfire_upgraded":3,"win_rate":0.0,"timestamp":1614102296,"path_taken":["M","$","?","?","M","R","E","M","T","M","$","?","?","M","R","BOSS","M","?","M","M","M","R","E","R","T","M","R","?","?","M","R","BOSS","M","?","?","M","M","R","M","?","T","M","$","R","?","M","R","BOSS"],"items_purchased_type":["Relic","Card","Potion","Card","Relic","Relic"],"build_version":"2020-12-22","purchased_purges":0,"victory":true,"max_hp_per_floor":[70,70,70,70,70,70,70,70,70,70,70,70,70,75,75,75,75,75,75,75,75,75,75,75,75,75,75,75,75,75,75,75,75,75,75,75,75,80,80,80,80,80,80,80,80,80,80,80,80,80],"card_choices":[{"not_picked":["Prepared","Blade Dance"],"picked":"Cloak And Dagger","floor":1.0},{"not_picked":["Bane","Dagger Spray"],"picked":"PiercingWail","floor":3.0},{"not_picked":["Sucker Punch","Flying Knee"],"picked":"Noxious Fumes","floor":5.0},{"not_picked":["Skewer","Well Laid Plans"],"picked":"Die Die Die","floor":7.0},{"not_picked":["Predator","Deadly Poison"],"picked":"Accuracy","floor":8.0},{"not_picked":["Escape Plan","Finisher"],"picked":"Cloak And Dagger","floor":10.0},{"not_picked":["Leg Sweep","Flechettes"],"picked":"Blade Dance","floor":14.0},{"not_picked":["Envenom","Glass Knife"],"picked":"Venomology","floor":16.0},{"not_picked":["Predator","Deadly Poison"],"picked":"Crippling Poison+1","floor":18.0},{"not_picked":["Dagger Throw","Acrobatics"],"picked":"Sucker Punch","floor":20.0},{"not_picked":["Reflex","Calculated Gamble+1"],"picked":"Slice+1","floor":21.0},{"not_picked":["Underhanded Strike","Sucker Punch"],"picked":"Crippling Poison+1","floor":22.0},{"not_picked":["Acrobatics","Tactician+1"],"picked":"PiercingWail","floor":24.0},{"not_picked":["Deflect+1","Poisoned Stab"],"picked":"Accuracy","floor":27.0},{"not_picked":["Underhanded Strike","Dagger Throw"],"picked":"Dodge and Roll","floor":31.0},{"not_picked":["Malaise","Doppelganger"],"picked":"Bullet Time","floor":33.0},{"not_picked":["Slice+1","Sucker Punch"],"picked":"Tactician+1","floor":35.0},{"not_picked":["Master of Strategy","Discovery"],"picked":"Apotheosis","floor":37.0},{"not_picked":["Setup","Deflect"],"picked":"Poisoned Stab+1","floor":38.0},{"not_picked":["Backflip+1","Footwork"],"picked":"Blade Dance+1","floor":39.0},{"not_picked":["Backflip+1","Outmaneuver"],"picked":"Dagger Spray","floor":41.0},{"not_picked":["Heel Hook+1","Underhanded Strike+1"],"picked":"Outmaneuver+1","floor":44.0},{"not_picked":["Acrobatics","Well Laid Plans"],"picked":"Sucker Punch+1","floor":47.0},{"not_picked":["Dagger Spray","Grand Finale"],"picked":"Leg Sweep+1","floor":48.0}],"player_experience":5791504,"relics_obtained":[{"floor":7.0,"key":"Tough Bandages"},{"floor":24.0,"key":"Toy Ornithopter"},{"floor":26.0,"key":"Regal Pillow"},{"floor":43.0,"key":"Ninja Scroll"}],"event_choices":[{"damage_healed":0.0,"max_hp_gain":0.0,"max_hp_loss":0.0,"gold_gain":0.0,"event_name":"World of Goop","player_choice":"Left Gold","floor":4.0,"gold_loss":29.0,"damage_taken":0.0},{"damage_healed":0.0,"max_hp_gain":0.0,"max_hp_loss":0.0,"gold_gain":0.0,"event_name":"Liars Game","player_choice":"Ignored","floor":12.0,"gold_loss":0.0,"damage_taken":0.0},{"damage_healed":0.0,"max_hp_gain":0.0,"max_hp_loss":0.0,"gold_gain":30.0,"event_name":"Dead Adventurer","player_choice":"Searched \u00271\u0027 times","floor":13.0,"gold_loss":0.0,"damage_taken":0.0},{"damage_healed":0.0,"max_hp_gain":0.0,"max_hp_loss":0.0,"gold_gain":0.0,"event_name":"Addict","player_choice":"Obtained Relic","floor":19.0,"gold_loss":85.0,"damage_taken":0.0,"relics_obtained":["Bag of Preparation"]},{"damage_healed":0.0,"max_hp_gain":0.0,"max_hp_loss":0.0,"gold_gain":0.0,"event_name":"Back to Basics","player_choice":"Simplicity","floor":29.0,"gold_loss":0.0,"damage_taken":0.0,"cards_upgraded":["Strike_G","Strike_G","Strike_G","Strike_G","Strike_G","Defend_G","Defend_G","Defend_G","Defend_G","Defend_G"]},{"damage_healed":0.0,"max_hp_gain":0.0,"max_hp_loss":0.0,"gold_gain":0.0,"event_name":"Vampires","player_choice":"Ignored","floor":30.0,"gold_loss":0.0,"damage_taken":0.0},{"cards_removed":["Strike_G"],"damage_healed":0.0,"max_hp_gain":0.0,"max_hp_loss":0.0,"gold_gain":0.0,"event_name":"Falling","player_choice":"Removed Attack","floor":36.0,"gold_loss":0.0,"damage_taken":0.0},{"damage_healed":0.0,"max_hp_gain":0.0,"max_hp_loss":0.0,"gold_gain":0.0,"event_name":"SensoryStone","player_choice":"Memory 1","floor":37.0,"gold_loss":0.0,"damage_taken":0.0},{"damage_healed":0.0,"max_hp_gain":0.0,"max_hp_loss":0.0,"gold_gain":0.0,"event_name":"The Woman in Blue","player_choice":"Bought 1 Potion","floor":42.0,"gold_loss":0.0,"damage_taken":0.0}],"is_beta":false,"boss_relics":[{"not_picked":["Velvet Choker","Pandora\u0027s Box"],"picked":"WristBlade"},{"not_picked":["Runic Dome","Fusion Hammer"],"picked":"Ring of the Serpent"}],"items_purged_floors":[],"is_endless":false,"potions_floor_spawned":[7,14,18,22,24,33,35,38,41,48],"ascension_level":6}}