{"host":"pu1pmxeu7vyxsds8","time":1614112776,"event":{"mods":["Act Like it!","BaseMod","Block Reminder","Minty Spire (QoL Compilation)","Permanent Neow","Quick Restart","Relic Stats"],"gold_per_floor":[117,133,133,150,168,168,196,206,260,260,286,298,298,310,310,407,407,423,433,433,452,8,37,56,56,79,90,0,32,47,82,82,182,182,193,213,227,227,239,274,43,60,60,60,8,41,55,17,17,17,17],"floor_reached":50,"language":"SPA","playtime":3560,"items_purged":["Strike_P"],"score":753,"play_id":"065f6d9d-82f8-4e01-8443-56dd6211f60d","local_time":"20210223173936","is_ascension_mode":false,"campfire_choices":[{"data":"Eruption","floor":6.0,"key":"SMITH"},{"data":"Crescendo","floor":10.0,"key":"SMITH"},{"data":"ClearTheMind","floor":15.0,"key":"SMITH"},{"data":"BattleHymn","floor":25.0,"key":"SMITH"},{"floor":32.0,"key":"REST"},{"floor":49,"key":"REST"}],"circlet_count":0,"master_deck":["Strike_P","Strike_P","Strike_P","Defend_P","Defend_P","Defend_P","Defend_P","Eruption+1","Vigilance","EmptyBody","FollowUp","Consecrate","BattleHymn+1","CrushJoints","Swivel","Crescendo+1","FearNoEvil+1","ClearTheMind+1","Indignation","DeusExMachina","Perseverance","Worship","Indignation+1","Thinking Ahead","JustLucky+1","CrushJoints+1","Consecrate+1","FlyingSleeves+1","JustLucky+1","JustLucky+1","Ragnarok+1","SashWhip+1","FlyingSleeves+1","FlyingSleeves+1","FlurryOfBlows+1","FearNoEvil+1","FlurryOfBlows+1","CutThroughFate+1","ClearTheMind+1","Weave+1"],"relics":["PureWater","Damaru","Anchor","Molten Egg 2","Black Star","Letter Opener","Nunchaku","Ornamental Fan","Juzu Bracelet","Shuriken","Happy Flower","Potion Belt","Pen Nib","SlaversCollar","Toy Ornithopter","TungstenRod","DollysMirror","HornCleat","Pantograph","Orichalcum"],"acts_visited":["Exordium","TheCity","TheBeyond"],"potions_floor_usage":[39,39,39],"damage_taken":[{"damage":0.0,"enemies":"Small Slimes","floor":1.0,"turns":2.0},{"damage":0.0,"enemies":"2 Louse","floor":2.0,"turns":3.0},{"damage":0.0,"enemies":"Jaw Worm","floor":4.0,"turns":2.0},{"damage":0.0,"enemies":"Blue Slaver","floor":5.0,"turns":3.0},{"damage":0.0,"enemies":"3 Sentries","floor":7.0,"turns":4.0},{"damage":1.0,"enemies":"Red Slaver","floor":8.0,"turns":3.0},{"damage":2.0,"enemies":"Gremlin Nob","floor":11.0,"turns":3.0},{"damage":4.0,"enemies":"Gremlin Gang","floor":12.0,"turns":3.0},{"damage":0.0,"enemies":"3 Louse","floor":14.0,"turns":2.0},{"damage":0.0,"enemies":"Slime Boss","floor":16.0,"turns":4.0},{"damage":2.0,"enemies":"2 Thieves","floor":18.0,"turns":3.0},{"damage":2.0,"enemies":"Shell Parasite","floor":19.0,"turns":5.0},{"damage":0.0,"enemies":"Snake Plant","floor":21.0,"turns":2.0},{"damage":14.0,"enemies":"Gremlin Leader","floor":23.0,"turns":4.0},{"damage":0.0,"enemies":"Snecko","floor":24.0,"turns":2.0},{"damage":0.0,"enemies":"3 Cultists","floor":27.0,"turns":3.0},{"damage":23.0,"enemies":"Book of Stabbing","floor":29.0,"turns":5.0},{"damage":0.0,"enemies":"Cultist and Chosen","floor":30.0,"turns":4.0},{"damage":9.0,"enemies":"Slavers","floor":31.0,"turns":3.0},{"damage":8.0,"enemies":"Automaton","floor":33.0,"turns":6.0},{"damage":29.0,"enemies":"3 Shapes","floor":35.0,"turns":5.0},{"damage":15.0,"enemies":"3 Darklings","floor":36.0,"turns":5.0},{"damage":0.0,"enemies":"Jaw Worm Horde","floor":37.0,"turns":2.0},{"damage":0,"enemies":"Maw","floor":39,"turns":2},{"damage":0,"enemies":"Nemesis","floor":40,"turns":3},{"damage":26,"enemies":"4 Shapes","floor":42,"turns":5},{"damage":0,"enemies":"Giant Head","floor":46,"turns":5},{"damage":0,"enemies":"Jaw Worm Horde","floor":47,"turns":3},{"damage":60,"enemies":"Time Eater","floor":50,"turns":6}],"seed_played":"-1558979495829026206","potions_obtained":[{"floor":1.0,"key":"BlessingOfTheForge"},{"floor":5.0,"key":"StancePotion"},{"floor":7.0,"key":"Explosive Potion"},{"floor":14.0,"key":"SpeedPotion"},{"floor":18.0,"key":"AttackPotion"},{"floor":21.0,"key":"Fire Potion"},{"floor":27.0,"key":"DuplicationPotion"},{"floor":30.0,"key":"Block Potion"},{"floor":33.0,"key":"ColorlessPotion"},{"floor":35.0,"key":"BottledMiracle"},{"floor":36.0,"key":"Strength Potion"},{"floor":46,"key":"Swift Potion"}],"is_trial":false,"path_per_floor":["M","M","?","M","M","R","E","M","T","R","E","M","?","M","R","B",null,"M","M","?","M","$","E","M","R","T","M","?","E","M","E","R","B",null,"M","M","M","?","M","E","$","M","T","?","$","E","M","$","R","B"],"character_chosen":"WATCHER","items_purchased":["Letter Opener","Thinking Ahead","DollysMirror","CutThroughFate+1","Weave+1"],"campfire_rested":2,"item_purchase_floors":[22,22,41,45,48],"current_hp_per_floor":[72,72,77,77,77,77,77,76,76,76,74,70,70,70,70,70,77,75,73,59,59,59,45,45,45,45,45,45,22,22,13,37,29,82,53,38,38,38,38,38,38,12,12,12,12,12,12,12,35,0,0],"gold":17,"neow_bonus":"THREE_CARDS","is_daily":false,"chose_seed":false,"campfire_upgraded":4,"win_rate":0.0,"timestamp":1614112776,"path_taken":["M","M","?","M","M","R","E","M","T","R","E","M","?","M","R","BOSS","M","M","?","M","$","E","M","R","T","M","?","E","M","E","R","BOSS","M","M","M","?","M","E","$","M","T","?","$","E","M","$","R","BOSS"],"items_purchased_type":["Relic","Card","Relic","Card","Card"],"build_version":"2020-12-22","purchased_purges":1,"victory":false,"max_hp_per_floor":[72,72,77,77,77,77,77,77,77,77,77,77,77,77,77,77,77,77,77,82,82,82,82,82,82,82,82,82,82,82,82,82,82,82,82,82,82,82,82,82,82,82,82,78,78,78,78,78,78,78,78],"relic_stats":{"Happy Flower":[16],"counters":[29,102],"Pen Nib":[12],"Juzu Bracelet":0,"Letter Opener":[139],"Orichalcum":[0],"Nunchaku":[16],"Ornamental Fan":[144],"Shuriken":[30],"Pantograph":25,"Black Star":5,"obtain_stats":[{"Potion Belt":31,"Happy Flower":29,"Damaru":7,"Pen Nib":31,"Juzu Bracelet":26,"Letter Opener":22,"Orichalcum":46,"SlaversCollar":34,"Anchor":9,"Nunchaku":23,"HornCleat":43,"Ornamental Fan":23,"Shuriken":29,"DollysMirror":41,"Pantograph":46,"Molten Egg 2":11,"Black Star":17,"PureWater":0,"Toy Ornithopter":40,"TungstenRod":40},{"Potion Belt":19,"Happy Flower":17,"Damaru":5,"Pen Nib":19,"Juzu Bracelet":15,"Letter Opener":13,"Orichalcum":27,"SlaversCollar":20,"Anchor":6,"Nunchaku":14,"HornCleat":26,"Ornamental Fan":14,"Shuriken":17,"DollysMirror":25,"Pantograph":27,"Molten Egg 2":7,"Black Star":10,"PureWater":0,"Toy Ornithopter":25,"TungstenRod":25},{"Potion Belt":60,"Happy Flower":53,"Damaru":14,"Pen Nib":60,"Juzu Bracelet":45,"Letter Opener":39,"Orichalcum":93,"SlaversCollar":66,"Anchor":17,"Nunchaku":43,"HornCleat":88,"Ornamental Fan":43,"Shuriken":53,"DollysMirror":83,"Pantograph":93,"Molten Egg 2":20,"Black Star":29,"PureWater":0,"Toy Ornithopter":83,"TungstenRod":83}],"Toy Ornithopter":0,"TungstenRod":7},"card_choices":[{"not_picked":["SashWhip","BowlingBash"],"picked":"EmptyBody","floor":0.0},{"not_picked":["WreathOfFlame","Halt"],"picked":"FollowUp","floor":1.0},{"not_picked":["BowlingBash","WindmillStrike"],"picked":"Consecrate","floor":2.0},{"not_picked":["InnerPeace","SignatureMove"],"picked":"BattleHymn","floor":4.0},{"not_picked":["WreathOfFlame","Wallop"],"picked":"CrushJoints","floor":5.0},{"not_picked":["JustLucky","Perseverance"],"picked":"Swivel","floor":7.0},{"not_picked":["WheelKick","Evaluate"],"picked":"Crescendo","floor":8.0},{"not_picked":["Worship","PathToVictory"],"picked":"FearNoEvil+1","floor":11.0},{"not_picked":["Nirvana","Protect"],"picked":"ClearTheMind","floor":12.0},{"not_picked":["Crescendo","ClearTheMind"],"picked":"Indignation","floor":14.0},{"not_picked":["Ragnarok+1","MasterReality"],"picked":"DeusExMachina","floor":16.0},{"not_picked":["Study","TalkToTheHand+1"],"picked":"Perseverance","floor":18.0},{"not_picked":["EmptyFist+1","Perseverance"],"picked":"Worship","floor":19.0},{"not_picked":["Weave+1","SandsOfTime+1"],"picked":"Indignation+1","floor":21.0},{"not_picked":["Weave+1","FollowUp+1"],"picked":"JustLucky+1","floor":23.0},{"not_picked":["SandsOfTime+1","Protect"],"picked":"CrushJoints+1","floor":24.0},{"not_picked":["BowlingBash+1","Protect+1"],"picked":"Consecrate+1","floor":27.0},{"not_picked":["EmptyMind","Ragnarok+1"],"picked":"FlyingSleeves+1","floor":29.0},{"not_picked":["CrushJoints+1","CarveReality+1"],"picked":"JustLucky+1","floor":30.0},{"not_picked":["WreathOfFlame","Evaluate"],"picked":"JustLucky+1","floor":31.0},{"not_picked":["Establishment","Vault"],"picked":"Ragnarok+1","floor":33.0},{"not_picked":["ClearTheMind","PathToVictory"],"picked":"SashWhip+1","floor":35.0},{"not_picked":["Fasting2","Crescendo"],"picked":"FlyingSleeves+1","floor":36.0},{"not_picked":["WheelKick+1","JustLucky+1"],"picked":"FlyingSleeves+1","floor":37.0},{"not_picked":["Scrawl","SignatureMove+1"],"picked":"FlurryOfBlows+1","floor":39},{"not_picked":["EmptyFist+1","SandsOfTime+1"],"picked":"FearNoEvil+1","floor":40},{"not_picked":["BowlingBash+1","CarveReality+1","Halt"],"picked":"SKIP","floor":42},{"not_picked":["Collect+1","PathToVictory+1"],"picked":"ClearTheMind+1","floor":46},{"not_picked":["Protect","Evaluate+1","Perseverance"],"picked":"SKIP","floor":47}],"player_experience":58854,"relics_obtained":[{"floor":7.0,"key":"Damaru"},{"floor":9.0,"key":"Anchor"},{"floor":11.0,"key":"Molten Egg 2"},{"floor":23.0,"key":"Nunchaku"},{"floor":23.0,"key":"Ornamental Fan"},{"floor":26.0,"key":"Juzu Bracelet"},{"floor":29.0,"key":"Shuriken"},{"floor":29.0,"key":"Happy Flower"},{"floor":31.0,"key":"Potion Belt"},{"floor":31.0,"key":"Pen Nib"},{"floor":40,"key":"Toy Ornithopter"},{"floor":40,"key":"TungstenRod"},{"floor":43,"key":"HornCleat"},{"floor":46,"key":"Pantograph"},{"floor":46,"key":"Orichalcum"}],"event_choices":[{"damage_healed":0.0,"max_hp_gain":5.0,"max_hp_loss":0.0,"gold_gain":0.0,"event_name":"Big Fish","player_choice":"Donut","floor":3.0,"gold_loss":0.0,"damage_taken":0.0},{"damage_healed":0.0,"max_hp_gain":0.0,"max_hp_loss":0.0,"gold_gain":0.0,"event_name":"Dead Adventurer","player_choice":"Searched \u00270\u0027 times","floor":13.0,"gold_loss":0.0,"damage_taken":0.0},{"damage_healed":0.0,"max_hp_gain":5.0,"max_hp_loss":0.0,"gold_gain":0.0,"event_name":"Forgotten Altar","player_choice":"Shed Blood","floor":20.0,"gold_loss":0.0,"damage_taken":19.0},{"damage_healed":0.0,"max_hp_gain":0.0,"max_hp_loss":0.0,"gold_gain":0.0,"event_name":"Masked Bandits","player_choice":"Paid Fearfully","floor":28.0,"gold_loss":90.0,"damage_taken":0.0},{"damage_healed":0.0,"max_hp_gain":0.0,"max_hp_loss":0.0,"gold_gain":0.0,"event_name":"Mysterious Sphere","player_choice":"Ignored","floor":38.0,"gold_loss":0.0,"damage_taken":0.0},{"damage_healed":0,"gold_gain":0,"player_choice":"Max HP","damage_taken":0,"max_hp_gain":0,"max_hp_loss":4,"event_name":"Winding Halls","floor":44,"gold_loss":0}],"is_beta":false,"boss_relics":[{"not_picked":["Tiny House","Runic Dome"],"picked":"Black Star"},{"not_picked":["Runic Pyramid","Cursed Key"],"picked":"SlaversCollar"}],"items_purged_floors":[41],"is_endless":false,"potions_floor_spawned":[1,5,7,14,16,18,21,27,30,33,35,36,46],"killed_by":"Time Eater","ascension_level":0}}