{"host":"6pic12dj9p7186mz","time":1614053990,"event":{"mods":["BaseMod","Minty Spire (QoL Compilation)","Permanent Neow","Relic Stats","StSLib"],"gold_per_floor":[114,126,142,45,63,98,98,273,273,298,309,309,320,192,192,192,192],"floor_reached":16,"language":"ENG","playtime":888,"items_purged":["Strike_P"],"score":118,"play_id":"1dfe38f1-608b-47b8-8d9a-89cdfef85481","local_time":"20210222221950","is_ascension_mode":true,"campfire_choices":[{"data":"Wallop","floor":7,"key":"SMITH"},{"data":"Eruption","floor":15,"key":"SMITH"}],"circlet_count":0,"master_deck":["Strike_P","Strike_P+1","Defend_P","Defend_P","Defend_P","Eruption+1","Vigilance","FlurryOfBlows","FlurryOfBlows+1","BowlingBash","Crescendo","Wallop+1","Consecrate","JustLucky","Doubt","Evaluate","EmptyFist","InnerPeace","JustLucky"],"relics":["PureWater","Turnip","Pear","Ornamental Fan"],"acts_visited":[],"potions_floor_usage":[5,16],"damage_taken":[{"damage":3,"enemies":"Jaw Worm","floor":1,"turns":4},{"damage":0,"enemies":"2 Louse","floor":2,"turns":3},{"damage":0,"enemies":"Cultist","floor":3,"turns":4},{"damage":8,"enemies":"Lots of Slimes","floor":5,"turns":2},{"damage":16,"enemies":"Gremlin Nob","floor":6,"turns":3},{"damage":21,"enemies":"3 Sentries","floor":10,"turns":7},{"damage":0,"enemies":"Red Slaver","floor":11,"turns":3},{"damage":0,"enemies":"Large Slime","floor":13,"turns":3},{"damage":13,"enemies":"Hexaghost","floor":16,"turns":9}],"seed_played":"-6569867835292794632","potions_obtained":[{"floor":2,"key":"Weak Potion"},{"floor":5,"key":"BottledMiracle"},{"floor":11,"key":"BlessingOfTheForge"}],"is_trial":false,"path_per_floor":["M","M","M","$","M","E","R","?","T","E","M","?","M","$","R","B"],"character_chosen":"WATCHER","items_purchased":["Crescendo","Wallop","JustLucky"],"campfire_rested":0,"item_purchase_floors":[4,4,14],"current_hp_per_floor":[62,62,62,62,54,38,38,38,48,27,27,12,12,12,12,0,0],"gold":192,"neow_bonus":"REMOVE_TWO","is_daily":false,"chose_seed":false,"campfire_upgraded":2,"win_rate":0.0,"timestamp":1614053990,"path_taken":["M","M","M","$","M","E","R","?","T","E","M","?","M","$","R","BOSS"],"items_purchased_type":["Card","Card","Card"],"build_version":"2020-12-22","purchased_purges":1,"victory":false,"max_hp_per_floor":[65,65,65,65,65,65,65,65,75,75,75,75,75,75,75,75,75],"relic_stats":{"counters":[9,38],"Ornamental Fan":[44],"Turnip":[0],"obtain_stats":[{"Pear":9,"Ornamental Fan":10,"Turnip":6,"PureWater":0},{"Pear":5,"Ornamental Fan":6,"Turnip":5,"PureWater":0},{"Pear":16,"Ornamental Fan":23,"Turnip":16,"PureWater":0}]},"card_choices":[{"not_picked":["CutThroughFate","CrushJoints"],"picked":"FlurryOfBlows","floor":1},{"not_picked":["Evaluate","Halt"],"picked":"FlurryOfBlows","floor":2},{"not_picked":["PathToVictory","SignatureMove"],"picked":"BowlingBash","floor":3},{"not_picked":["PathToVictory","Prostrate"],"picked":"Consecrate","floor":5},{"not_picked":["Weave","Collect"],"picked":"JustLucky","floor":6},{"not_picked":["Devotion","EmptyBody"],"picked":"Evaluate","floor":10},{"not_picked":["Meditate","Nirvana"],"picked":"EmptyFist","floor":11},{"not_picked":["Prostrate","Study"],"picked":"InnerPeace","floor":13}],"player_experience":50541,"relics_obtained":[{"floor":6,"key":"Turnip"},{"floor":9,"key":"Pear"},{"floor":10,"key":"Ornamental Fan"}],"event_choices":[{"damage_healed":0,"gold_gain":175,"player_choice":"AGREE","damage_taken":0,"max_hp_gain":0,"max_hp_loss":0,"event_name":"Liars Game","floor":8,"gold_loss":0,"cards_obtained":["Doubt"]},{"damage_healed":0,"gold_gain":0,"player_choice":"Entered Light","damage_taken":15,"max_hp_gain":0,"max_hp_loss":0,"event_name":"Shining Light","floor":12,"gold_loss":0,"cards_upgraded":["Strike_P","FlurryOfBlows"]}],"is_beta":false,"boss_relics":[],"items_purged_floors":[14],"is_endless":false,"potions_floor_spawned":[2,5,11],"killed_by":"Hexaghost","ascension_level":1}}