{"host":"yunadyb0795wtij7","time":1614079850,"event":{"mods":["BaseMod","Marisa£®ÏF”Í°°ƒß¿Ì…≥£©","Minty Spire (QoL Compilation)","StSLib","Yakumo Yukari mod"],"gold_per_floor":[139,156,156,106,106,180,210,210,210],"floor_reached":8,"language":"ZHS","playtime":649,"items_purged":[],"score":56,"play_id":"b42b4666-1ec7-48a4-9189-6332badaf141","local_time":"20210223193050","is_ascension_mode":false,"campfire_choices":[],"circlet_count":0,"master_deck":["AT_purpleEX","AT_purpleEX+1","Defend_purpleEX","Defend_purpleEX+1","Defend_purpleEX","Defend_purpleEX","Observe_purple_1","Observe_purple_2","SharpContractionReality_purple","Mirror_Drifter_purple","Human_Monster_Realm_purple","CommonSense_AntiCommonSense_purple+1","Line_surface_state_purple"],"relics":["Boundary_crack","Memoryfragments_purpleEX","Frozen Egg 2"],"acts_visited":["Exordium"],"potions_floor_usage":[],"damage_taken":[{"damage":7,"enemies":"2 Louse","floor":1,"turns":3},{"damage":4,"enemies":"Cultist","floor":2,"turns":4},{"damage":43,"enemies":"3 Sentries","floor":6,"turns":16},{"damage":1,"enemies":"Jaw Worm","floor":7,"turns":6},{"damage":23,"enemies":"Lagavulin","floor":8,"turns":9}],"seed_played":"-1528613106454814498","potions_obtained":[{"floor":2,"key":"SmokeBomb"}],"is_trial":false,"path_per_floor":["M","M","?","?","?","E","M","E"],"character_chosen":"Youkari","items_purchased":[],"campfire_rested":0,"item_purchase_floors":[],"current_hp_per_floor":[71,68,53,53,53,12,16,0,0],"gold":210,"neow_bonus":"TEN_PERCENT_HP_BONUS","is_daily":false,"chose_seed":false,"campfire_upgraded":0,"win_rate":0.0,"timestamp":1614079850,"path_taken":["M","M","?","?","?","E","?","E"],"items_purchased_type":[],"build_version":"2020-12-22","purchased_purges":0,"victory":false,"max_hp_per_floor":[77,77,77,77,77,77,77,77,77],"card_choices":[{"not_picked":["Realm_recovery_purpleEX","Worldmountain_purple"],"picked":"SharpContractionReality_purple","floor":1},{"not_picked":["AdvanceAttack_purple","Mirror_FormAndEmptin_purple"],"picked":"Mirror_Drifter_purple","floor":2},{"not_picked":["Photoelasticity_Doppler_Effect_purple","Boundary_DynamicStaticEquilibrium_purple"],"picked":"CommonSense_AntiCommonSense_purple+1","floor":6},{"not_picked":["MNeedle_purple","DimensionStaggered_purple"],"picked":"Line_surface_state_purple","floor":7}],"player_experience":402,"relics_obtained":[{"floor":6,"key":"Frozen Egg 2"}],"event_choices":[{"damage_healed":0,"gold_gain":0,"player_choice":"Entered Light","damage_taken":15,"max_hp_gain":0,"max_hp_loss":0,"event_name":"Shining Light","floor":3,"gold_loss":0,"cards_upgraded":["Defend_purpleEX","AT_purpleEX"]},{"cards_removed":["AT_purpleEX"],"damage_healed":0,"gold_gain":0,"player_choice":"Card Removal","damage_taken":0,"max_hp_gain":0,"max_hp_loss":0,"event_name":"The Cleric","floor":4,"gold_loss":50},{"damage_healed":0,"gold_gain":0,"cards_transformed":["AT_purpleEX"],"player_choice":"Transformed","damage_taken":0,"max_hp_gain":0,"max_hp_loss":0,"event_name":"Transmorgrifier","floor":5,"gold_loss":0,"cards_obtained":["Human_Monster_Realm_purple"]}],"is_beta":false,"boss_relics":[],"items_purged_floors":[],"is_endless":false,"potions_floor_spawned":[2],"killed_by":"Lagavulin","ascension_level":0}}