{"host":"f7jml7vkwn3tj7tu","time":1614113187,"event":{"mods":["BaseMod","Block Reminder","Minty Spire (QoL Compilation)","Relic Stats","Slay-I"],"gold_per_floor":[116,134,134,134,150,190,213,252,279,279,315,28,48,63,63,183,183,208,223,243,243,268,312,337,376,425,439,780,796,796,817,817,937,937,955,1255,792,806,250,291,311,350,444,456,491,566,578,634,646,658],"floor_reached":51,"language":"ENG","playtime":5592,"items_purged":["Defend_B","Biased Cognition"],"score":875,"play_id":"09617877-d5cb-44f1-9a37-7dcfa4099ea6","local_time":"20210223154627","is_ascension_mode":true,"campfire_choices":[{"data":"Consume","floor":15.0,"key":"SMITH"},{"data":"Self Repair","floor":30.0,"key":"SMITH"},{"data":"Zap","floor":32,"key":"SMITH"},{"floor":47,"key":"RECALL"},{"data":"Loop","floor":49,"key":"SMITH"}],"circlet_count":0,"master_deck":["Strike_B+1","Strike_B+1","Strike_B+1","Defend_B","Zap+1","Dualcast","Double Energy","Glacier+1","Leap","Coolheaded","Consume+1","Echo Form","Self Repair+1","Multi-Cast","BootSequence+1","Turbo+1","Conserve Battery","Coolheaded+1","Self Repair","Hologram","Core Surge","Genetic Algorithm","FTL","Coolheaded+1","Barrage+1","Conserve Battery+1","Loop+1"],"relics":["Velvet Choker","Golden Idol","Bronze Scales","Oddly Smooth Stone","Lantern","PreservedInsect","Lee\u0027s Waffle","Inserter","StrikeDummy","Potion Belt","Whetstone","Old Coin","Empty Cage","Bird Faced Urn","OrangePellets","Lizard Tail","Nunchaku","MawBank","Gremlin Horn","Pocketwatch","Ancient Tea Set"],"acts_visited":["TheCity","TheBeyond"],"potions_floor_usage":[44,50],"damage_taken":[{"damage":4.0,"enemies":"Small Slimes","floor":1.0,"turns":4.0},{"damage":1.0,"enemies":"2 Louse","floor":2.0,"turns":3.0},{"damage":0.0,"enemies":"Cultist","floor":5.0,"turns":4.0},{"damage":10.0,"enemies":"Lagavulin","floor":6.0,"turns":9.0},{"damage":2.0,"enemies":"Exordium Thugs","floor":7.0,"turns":5.0},{"damage":7.0,"enemies":"3 Sentries","floor":8.0,"turns":7.0},{"damage":6.0,"enemies":"Gremlin Nob","floor":11.0,"turns":5.0},{"damage":3.0,"enemies":"Red Slaver","floor":13.0,"turns":4.0},{"damage":6.0,"enemies":"Exordium Wildlife","floor":14.0,"turns":4.0},{"damage":28.0,"enemies":"Slime Boss","floor":16.0,"turns":11.0},{"damage":6.0,"enemies":"3 Byrds","floor":18.0,"turns":3.0},{"damage":1.0,"enemies":"Shell Parasite","floor":19.0,"turns":7.0},{"damage":23.0,"enemies":"Centurion and Healer","floor":20.0,"turns":11.0},{"damage":8.0,"enemies":"Snecko","floor":22.0,"turns":12.0},{"damage":56.0,"enemies":"Slavers","floor":23.0,"turns":9.0},{"damage":0.0,"enemies":"Snake Plant","floor":24.0,"turns":7.0},{"damage":9.0,"enemies":"Book of Stabbing","floor":25.0,"turns":8.0},{"damage":12.0,"enemies":"Cultist and Chosen","floor":27.0,"turns":12.0},{"damage":55.0,"enemies":"Slavers","floor":28.0,"turns":11.0},{"damage":34.0,"enemies":"3 Cultists","floor":29.0,"turns":8.0},{"damage":6,"enemies":"Centurion and Healer","floor":31,"turns":10},{"damage":4,"enemies":"Champ","floor":33,"turns":14},{"damage":12,"enemies":"3 Shapes","floor":35,"turns":8},{"damage":22,"enemies":"Orb Walker","floor":38,"turns":5},{"damage":32,"enemies":"Reptomancer","floor":40,"turns":12},{"damage":0,"enemies":"Spire Growth","floor":41,"turns":8},{"damage":39,"enemies":"Nemesis","floor":42,"turns":11},{"damage":30,"enemies":"Transient","floor":44,"turns":3},{"damage":0,"enemies":"Maw","floor":45,"turns":10},{"damage":4,"enemies":"Mind Bloom Boss Battle","floor":46,"turns":8},{"damage":1,"enemies":"Giant Head","floor":48,"turns":12},{"damage":23,"enemies":"Awakened One","floor":50,"turns":18}],"seed_played":"-4682033557341467250","potions_obtained":[{"floor":1.0,"key":"EntropicBrew"},{"floor":5.0,"key":"LiquidBronze"},{"floor":7.0,"key":"Explosive Potion"},{"floor":14.0,"key":"Strength Potion"},{"floor":16.0,"key":"Dexterity Potion"},{"floor":18.0,"key":"PowerPotion"},{"floor":23.0,"key":"SmokeBomb"},{"floor":28.0,"key":"SneckoOil"},{"floor":35,"key":"SpeedPotion"},{"floor":42,"key":"Ancient Potion"},{"floor":45,"key":"Block Potion"},{"floor":48,"key":"Fruit Juice"}],"is_trial":false,"path_per_floor":["M","M","?","?","M","E","M","E","T","?","E","$","M","M","R","B",null,"M","M","M","?","M","E","M","E","T","M","E","M","R","M","R","B",null,"M","?","$","M","$","E","M","E","T","M","M","?","R","E","R","B",null],"character_chosen":"DEFECT","items_purchased":["Lee\u0027s Waffle","Echo Form","Bird Faced Urn","FTL","OrangePellets","Lizard Tail"],"campfire_rested":0,"item_purchase_floors":[12,12,37,37,39,39],"current_hp_per_floor":[71,70,52,37,37,27,25,18,18,18,12,82,79,73,73,52,82,82,82,73,73,79,37,51,70,70,82,55,49,49,77,77,82,82,82,82,82,60,60,72,82,78,78,62,82,82,82,82,82,87],"gold":670,"neow_bonus":"BOSS_RELIC","is_daily":false,"chose_seed":false,"campfire_upgraded":4,"win_rate":0.0,"timestamp":1614113187,"path_taken":["M","M","?","?","M","E","M","E","T","?","E","$","M","M","R","BOSS","M","M","?","?","M","E","M","E","T","?","E","M","R","M","R","BOSS","M","?","$","?","$","E","M","E","T","M","M","?","R","E","R","BOSS"],"items_purchased_type":["Relic","Card","Relic","Card","Relic","Relic"],"build_version":"2020-12-22","purchased_purges":2,"victory":true,"max_hp_per_floor":[75,75,75,75,75,75,75,75,75,75,75,82,82,82,82,82,82,82,82,82,82,82,82,82,82,82,82,82,82,82,82,82,82,82,82,82,82,82,82,82,82,82,82,82,82,82,82,82,82,87],"relic_stats":{"Lee\u0027s Waffle":70,"Inserter":[103],"Gremlin Horn":[3,3],"counters":[32,263],"Golden Idol":227,"PreservedInsect":359,"Whetstone":["Strike_B","Strike_B"],"MawBank":108,"OrangePellets":[3],"Lizard Tail":0,"Nunchaku":[9],"Bronze Scales":[937],"Bird Faced Urn":[47],"obtain_stats":[{"Potion Belt":25,"Lantern":9,"Lee\u0027s Waffle":12,"Inserter":17,"Gremlin Horn":43,"Golden Idol":3,"Velvet Choker":0,"Oddly Smooth Stone":8,"PreservedInsect":11,"Whetstone":26,"Empty Cage":34,"MawBank":42,"Ancient Tea Set":48,"Old Coin":28,"OrangePellets":39,"Lizard Tail":39,"Nunchaku":40,"Bronze Scales":6,"Bird Faced Urn":37,"Cracked Core":0,"StrikeDummy":23,"Pocketwatch":46},{"Potion Belt":17,"Lantern":6,"Lee\u0027s Waffle":7,"Inserter":10,"Gremlin Horn":27,"Golden Idol":2,"Velvet Choker":0,"Oddly Smooth Stone":6,"PreservedInsect":7,"Whetstone":17,"Empty Cage":22,"MawBank":27,"Ancient Tea Set":31,"Old Coin":19,"OrangePellets":24,"Lizard Tail":24,"Nunchaku":25,"Bronze Scales":4,"Bird Faced Urn":23,"Cracked Core":0,"StrikeDummy":15,"Pocketwatch":30},{"Potion Belt":113,"Lantern":32,"Lee\u0027s Waffle":37,"Inserter":56,"Gremlin Horn":212,"Golden Idol":7,"Velvet Choker":0,"Oddly Smooth Stone":32,"PreservedInsect":37,"Whetstone":113,"Empty Cage":168,"MawBank":212,"Ancient Tea Set":245,"Old Coin":136,"OrangePellets":181,"Lizard Tail":181,"Nunchaku":193,"Bronze Scales":20,"Bird Faced Urn":176,"Cracked Core":0,"StrikeDummy":98,"Pocketwatch":233}],"Pocketwatch":[21]},"card_choices":[{"not_picked":["Undo","Melter"],"picked":"Double Energy","floor":1.0},{"not_picked":["Recycle","Go for the Eyes"],"picked":"Glacier","floor":2.0},{"not_picked":["Tempest","Recycle","Redo"],"picked":"SKIP","floor":5.0},{"not_picked":["Cold Snap","Hologram"],"picked":"Leap","floor":6.0},{"not_picked":["Hologram","Cold Snap","Barrage"],"picked":"SKIP","floor":7.0},{"not_picked":["Streamline","Heatsinks"],"picked":"Coolheaded","floor":8.0},{"not_picked":["Reprogram","Turbo","Streamline"],"picked":"SKIP","floor":11.0},{"not_picked":["Lockon","Steam","Double Energy"],"picked":"SKIP","floor":13.0},{"not_picked":["Coolheaded","Hello World"],"picked":"Self Repair","floor":14.0},{"not_picked":["Machine Learning","Hyperbeam"],"picked":"Multi-Cast","floor":16.0},{"not_picked":["Steam","Blizzard+1"],"picked":"BootSequence+1","floor":18.0},{"not_picked":["Steam Power","Stack","Beam Cell"],"picked":"SKIP","floor":19.0},{"not_picked":["Hello World","Redo"],"picked":"Turbo+1","floor":20.0},{"not_picked":["Ball Lightning","Gash+1"],"picked":"Conserve Battery","floor":22.0},{"not_picked":["Hyperbeam","Conserve Battery"],"picked":"Coolheaded+1","floor":23.0},{"not_picked":["Capacitor","Conserve Battery"],"picked":"Self Repair","floor":24.0},{"not_picked":["Redo","Fission","Steam"],"picked":"SKIP","floor":25.0},{"not_picked":["Redo","Compile Driver","Streamline+1"],"picked":"SKIP","floor":27.0},{"not_picked":["Streamline","Redo"],"picked":"Hologram","floor":28.0},{"not_picked":["Beam Cell+1","Turbo","Undo"],"picked":"SKIP","floor":29.0},{"not_picked":["Melter","Stack+1","Consume"],"picked":"SKIP","floor":31},{"not_picked":["Seek","Echo Form"],"picked":"Core Surge","floor":33},{"not_picked":["Cold Snap","Double Energy"],"picked":"Genetic Algorithm","floor":35},{"not_picked":["Go for the Eyes+1","Hello World"],"picked":"Coolheaded+1","floor":38},{"not_picked":["Biased Cognition","Beam Cell"],"picked":"Barrage+1","floor":40},{"not_picked":["Storm","Streamline+1","Beam Cell"],"picked":"SKIP","floor":41},{"not_picked":["Sweeping Beam+1","Compile Driver","Steam"],"picked":"SKIP","floor":42},{"not_picked":["Redo","Hello World"],"picked":"Conserve Battery+1","floor":45},{"not_picked":["Skim","Streamline+1"],"picked":"Loop","floor":48}],"player_experience":623302,"relics_obtained":[{"floor":6.0,"key":"Bronze Scales"},{"floor":8.0,"key":"Oddly Smooth Stone"},{"floor":9.0,"key":"Lantern"},{"floor":11.0,"key":"PreservedInsect"},{"floor":23.0,"key":"StrikeDummy"},{"floor":25.0,"key":"Potion Belt"},{"floor":26.0,"key":"Whetstone"},{"floor":28.0,"key":"Old Coin"},{"floor":40,"key":"Nunchaku"},{"floor":42,"key":"MawBank"},{"floor":43,"key":"Gremlin Horn"},{"floor":46,"key":"Pocketwatch"},{"floor":48,"key":"Ancient Tea Set"}],"event_choices":[{"damage_healed":0.0,"max_hp_gain":0.0,"max_hp_loss":0.0,"gold_gain":0.0,"event_name":"Golden Idol","player_choice":"Take Damage","floor":3.0,"gold_loss":0.0,"damage_taken":18.0,"relics_obtained":["Golden Idol"]},{"damage_healed":0.0,"max_hp_gain":0.0,"max_hp_loss":0.0,"gold_gain":0.0,"event_name":"Shining Light","player_choice":"Entered Light","floor":4.0,"gold_loss":0.0,"damage_taken":15.0,"cards_upgraded":["Strike_B","Glacier"]},{"damage_healed":0.0,"max_hp_gain":0.0,"max_hp_loss":0.0,"gold_gain":0.0,"cards_transformed":["Strike_B"],"event_name":"Transmorgrifier","player_choice":"Transformed","floor":10.0,"gold_loss":0.0,"damage_taken":0.0,"cards_obtained":["Consume"]},{"damage_healed":0.0,"max_hp_gain":0.0,"max_hp_loss":0.0,"gold_gain":0.0,"event_name":"Match and Keep!","player_choice":"1 cards matched","floor":21.0,"gold_loss":0.0,"damage_taken":0.0,"cards_obtained":["Biased Cognition"]},{"damage_healed":0,"gold_gain":300,"player_choice":"Gold","damage_taken":0,"max_hp_gain":0,"max_hp_loss":0,"event_name":"Wheel of Change","floor":36,"gold_loss":0},{"damage_healed":0,"gold_gain":0,"player_choice":"Fight","damage_taken":0,"max_hp_gain":0,"max_hp_loss":0,"event_name":"MindBloom","floor":46,"gold_loss":0}],"is_beta":false,"boss_relics":[{"not_picked":["Runic Dome","SlaversCollar"],"picked":"Inserter"},{"not_picked":["Calling Bell","Tiny House"],"picked":"Empty Cage"}],"items_purged_floors":[37,39],"is_endless":false,"potions_floor_spawned":[1,5,7,14,16,18,20,23,24,28,35,42,45,48],"ascension_level":2}}