{"host":"00f1p9ihhzi7hxfk","time":1614086157,"event":{"mods":["AchievementEnabler","BaseMod","Colored Map","Colored Powertips","Minty Spire (QoL Compilation)","Rare Cards Sparkle","Relic Stats"],"gold_per_floor":[112,112,112,132,155,155,176,192,192,210,210,229,247,247,247,247,247],"floor_reached":16,"language":"DEU","playtime":755,"items_purged":[],"score":96,"play_id":"3ec80f05-3fc2-4f71-addd-8d952046a63f","local_time":"20210223141557","is_ascension_mode":false,"campfire_choices":[{"floor":6,"key":"REST"},{"floor":15,"key":"REST"}],"circlet_count":0,"master_deck":["Strike_R","Strike_R","Strike_R","Defend_R","Defend_R","Defend_R","Defend_R","Bash","Intimidate+1","Uppercut","Pummel","Clash","Anger","Flex"],"relics":["Burning Blood","Golden Idol","Ancient Tea Set","Strawberry"],"acts_visited":["Exordium"],"potions_floor_usage":[],"damage_taken":[{"damage":0.0,"enemies":"2 Louse","floor":1.0,"turns":4.0},{"damage":16,"enemies":"Jaw Worm","floor":4,"turns":5},{"damage":4,"enemies":"Cultist","floor":5,"turns":4},{"damage":10,"enemies":"Exordium Thugs","floor":7,"turns":5},{"damage":2,"enemies":"Blue Slaver","floor":8,"turns":5},{"damage":3,"enemies":"Large Slime","floor":10,"turns":7},{"damage":9,"enemies":"2 Fungi Beasts","floor":12,"turns":4},{"damage":6,"enemies":"Blue Slaver","floor":13,"turns":3},{"damage":84,"enemies":"Slime Boss","floor":16,"turns":11}],"seed_played":"1762188854153928091","potions_obtained":[{"floor":1,"key":"BlessingOfTheForge"},{"floor":4,"key":"Dexterity Potion"},{"floor":13,"key":"Ancient Potion"}],"is_trial":false,"path_per_floor":["M","?","?","M","M","R","M","M","T","M","?","M","M","?","R","B"],"character_chosen":"IRONCLAD","items_purchased":[],"campfire_rested":2,"item_purchase_floors":[],"current_hp_per_floor":[80,80,74,64,66,74,70,74,74,74,63,60,60,60,81,0,0],"gold":247,"neow_bonus":"REMOVE_CARD","is_daily":false,"chose_seed":false,"campfire_upgraded":0,"win_rate":0.0,"timestamp":1614086157,"path_taken":["M","?","?","M","M","R","M","M","T","?","?","M","M","?","R","BOSS"],"items_purchased_type":[],"build_version":"2020-12-22","purchased_purges":0,"victory":false,"max_hp_per_floor":[80,80,74,74,74,74,74,74,74,74,81,81,81,81,81,81,81],"relic_stats":{"counters":[9,48],"Golden Idol":28,"obtain_stats":[{"Golden Idol":3,"Strawberry":11,"Ancient Tea Set":9,"Burning Blood":0},{"Golden Idol":1,"Strawberry":6,"Ancient Tea Set":5,"Burning Blood":0},{"Golden Idol":4,"Strawberry":30,"Ancient Tea Set":23,"Burning Blood":0}],"Burning Blood":39},"card_choices":[{"not_picked":["Sentinel","True Grit"],"picked":"Intimidate","floor":1},{"not_picked":["Body Slam","Twin Strike","Iron Wave"],"picked":"SKIP","floor":4},{"not_picked":["Rampage","Body Slam"],"picked":"Uppercut","floor":5},{"not_picked":["Disarm","Warcry"],"picked":"Pummel","floor":7},{"not_picked":["Flex","Warcry"],"picked":"Clash","floor":8},{"not_picked":["Burning Pact","Wild Strike","Body Slam"],"picked":"SKIP","floor":10},{"not_picked":["Havoc","Evolve"],"picked":"Anger","floor":12},{"not_picked":["Havoc","Bloodletting"],"picked":"Flex","floor":13}],"player_experience":120561,"relics_obtained":[{"floor":9,"key":"Ancient Tea Set"}],"event_choices":[{"cards_removed":["Strike_R"],"damage_healed":0,"gold_gain":0,"player_choice":"Forget","damage_taken":0,"max_hp_gain":0,"max_hp_loss":0,"event_name":"Living Wall","floor":2,"gold_loss":0},{"damage_healed":0,"gold_gain":0,"player_choice":"Lose Max HP","damage_taken":0,"relics_obtained":["Golden Idol"],"max_hp_gain":0,"max_hp_loss":6,"event_name":"Golden Idol","floor":3,"gold_loss":0},{"damage_healed":0,"gold_gain":0,"player_choice":"Success","damage_taken":18,"relics_obtained":["Strawberry"],"max_hp_gain":0,"max_hp_loss":0,"event_name":"Scrap Ooze","floor":11,"gold_loss":0},{"damage_healed":0,"gold_gain":0,"player_choice":"Upgraded","damage_taken":0,"max_hp_gain":0,"max_hp_loss":0,"event_name":"Upgrade Shrine","floor":14,"gold_loss":0,"cards_upgraded":["Intimidate"]}],"is_beta":false,"boss_relics":[],"items_purged_floors":[],"is_endless":false,"potions_floor_spawned":[1,4,13],"killed_by":"Slime Boss","ascension_level":0}}