{"host":"w14xfy17z3c5mpoi","time":1614110660,"event":{"mods":["AchievementEnabler","BaseMod","Minty Spire (QoL Compilation)","Relic Stats"],"gold_per_floor":[109,128,78,90,90,90,107,107,131,159,159,192,192,202,202,277,277,295,16,16,33,33,61,61,76,76,109,109,109,119,134,134,208,208,224,276,289,42,58,58,89,89,116,129,154,165,165,180,180,180],"floor_reached":51,"language":"ENG","playtime":3664,"items_purged":["Strike_G"],"score":1243,"play_id":"c648823c-5d5e-4132-b213-f2ca4fa79c3a","local_time":"20210223150420","is_ascension_mode":true,"campfire_choices":[{"floor":6,"key":"DIG"},{"floor":8,"key":"DIG"},{"floor":11,"key":"REST"},{"floor":13,"key":"DIG"},{"floor":15,"key":"DIG"},{"floor":24,"key":"DIG"},{"floor":28,"key":"REST"},{"data":"Catalyst","floor":32,"key":"SMITH"},{"floor":40,"key":"DIG"},{"floor":42,"key":"DIG"},{"floor":49,"key":"DIG"}],"circlet_count":0,"master_deck":["AscendersBane","Strike_G+1","Strike_G+1","Defend_G","Defend_G","Defend_G","Defend_G","Defend_G","Survivor","Neutralize+1","Poisoned Stab","Sucker Punch+1","Bouncing Flask","Dagger Spray","Venomology","Poisoned Stab","Backflip","Crippling Poison","Catalyst+1","Catalyst","Backflip","Leg Sweep","Malaise","Backflip","Backflip","Noxious Fumes+1","Poisoned Stab+1"],"relics":["Ring of the Snake","Shovel","Snake Skull","Orichalcum","Anchor","PreservedInsect","Whetstone","Mango","Ancient Tea Set","Philosopher\u0027s Stone","Toy Ornithopter","Bird Faced Urn","MealTicket","Boot","Centennial Puzzle","Coffee Dripper","Peace Pipe","Paper Crane","Potion Belt","Ninja Scroll","Lizard Tail","Strawberry","TungstenRod","Nunchaku"],"acts_visited":["Exordium","TheCity","TheBeyond"],"potions_floor_usage":[7,18,21,23,25,27,27,27,31,33,33,35,36,39,41,44,45,48,48,50,50,50],"damage_taken":[{"damage":3,"enemies":"2 Louse","floor":1,"turns":3},{"damage":0,"enemies":"Jaw Worm","floor":2,"turns":4},{"damage":0,"enemies":"Cultist","floor":4,"turns":3},{"damage":7,"enemies":"Exordium Wildlife","floor":7,"turns":6},{"damage":12,"enemies":"Gremlin Nob","floor":10,"turns":4},{"damage":14,"enemies":"Lagavulin","floor":12,"turns":4},{"damage":0,"enemies":"3 Louse","floor":14,"turns":3},{"damage":11,"enemies":"The Guardian","floor":16,"turns":8},{"damage":0,"enemies":"3 Byrds","floor":18,"turns":3},{"damage":12,"enemies":"Spheric Guardian","floor":21,"turns":4},{"damage":31,"enemies":"Book of Stabbing","floor":23,"turns":5},{"damage":5,"enemies":"Snake Plant","floor":25,"turns":4},{"damage":17,"enemies":"Slavers","floor":27,"turns":5},{"damage":0,"enemies":"Chosen and Byrds","floor":30,"turns":3},{"damage":2,"enemies":"Snecko","floor":31,"turns":3},{"damage":5,"enemies":"Champ","floor":33,"turns":7},{"damage":10,"enemies":"3 Darklings","floor":35,"turns":6},{"damage":37,"enemies":"2 Orb Walkers","floor":36,"turns":4},{"damage":0,"enemies":"Orb Walker","floor":37,"turns":3},{"damage":3,"enemies":"Jaw Worm Horde","floor":39,"turns":3},{"damage":26,"enemies":"Reptomancer","floor":41,"turns":5},{"damage":1,"enemies":"3 Darklings","floor":44,"turns":3},{"damage":0,"enemies":"Mind Bloom Boss Battle","floor":45,"turns":5},{"damage":4,"enemies":"4 Shapes","floor":46,"turns":4},{"damage":4,"enemies":"Spire Growth","floor":48,"turns":4},{"damage":1,"enemies":"Time Eater","floor":50,"turns":6}],"seed_played":"-7020088717808168174","potions_obtained":[{"floor":2,"key":"BlessingOfTheForge"},{"floor":4,"key":"Strength Potion"},{"floor":10,"key":"SmokeBomb"},{"floor":16,"key":"DistilledChaos"},{"floor":18,"key":"Block Potion"},{"floor":27,"key":"Dexterity Potion"},{"floor":31,"key":"Regen Potion"},{"floor":33,"key":"Fire Potion"},{"floor":35,"key":"CultistPotion"},{"floor":37,"key":"FearPotion"},{"floor":39,"key":"Strength Potion"},{"floor":44,"key":"Fruit Juice"}],"is_trial":false,"path_per_floor":["M","M","?","M","?","R","M","R","T","E","R","E","R","M","R","B",null,"M","$","?","M","?","E","R","M","T","E","R","?","M","M","R","B",null,"M","?","M","$","M","R","E","R","T","M","?","M","?","M","R","B",null],"character_chosen":"THE_SILENT","items_purchased":["Toy Ornithopter","Poisoned Stab","Paper Crane"],"campfire_rested":2,"item_purchase_floors":[19,19,38],"current_hp_per_floor":[41,41,41,41,28,28,21,21,21,9,28,14,28,28,28,17,64,64,64,48,41,41,15,15,15,15,13,37,37,37,40,40,60,75,70,38,38,53,55,55,34,34,41,45,55,53,53,61,61,79],"gold":180,"neow_bonus":"ONE_RARE_RELIC","is_daily":false,"chose_seed":false,"campfire_upgraded":1,"win_rate":0.0,"timestamp":1614110660,"path_taken":["M","M","?","M","?","R","M","R","T","E","R","E","R","M","R","BOSS","M","$","?","M","?","E","R","M","T","E","R","?","?","M","R","BOSS","M","?","M","$","M","R","E","R","T","M","?","M","?","M","R","BOSS"],"items_purchased_type":["Relic","Card","Relic"],"build_version":"2020-12-22","purchased_purges":1,"victory":true,"max_hp_per_floor":[66,66,66,66,66,66,66,66,66,66,66,66,80,80,80,80,80,80,80,80,80,80,80,80,80,80,80,80,80,80,80,80,80,80,80,80,80,80,80,80,80,80,87,87,92,92,92,92,92,92],"relic_stats":{"counters":[26,112],"Snake Skull":[180],"PreservedInsect":172,"Whetstone":["Strike_G","Sucker Punch"],"Orichalcum":[210],"Boot":[72],"Peace Pipe":0,"Centennial Puzzle":[30],"Lizard Tail":0,"Nunchaku":[0],"Shovel":8,"Bird Faced Urn":[8],"MealTicket":15,"obtain_stats":[{"Potion Belt":40,"Mango":13,"Snake Skull":6,"PreservedInsect":10,"Whetstone":12,"Orichalcum":8,"Paper Crane":38,"Ancient Tea Set":15,"Boot":26,"Peace Pipe":36,"Anchor":9,"Centennial Puzzle":27,"Lizard Tail":42,"Nunchaku":49,"Shovel":0,"Ninja Scroll":41,"Bird Faced Urn":23,"Strawberry":43,"Philosopher\u0027s Stone":17,"MealTicket":24,"Coffee Dripper":34,"Toy Ornithopter":19,"TungstenRod":45,"Ring of the Snake":0},{"Potion Belt":20,"Mango":6,"Snake Skull":3,"PreservedInsect":5,"Whetstone":6,"Orichalcum":4,"Paper Crane":19,"Ancient Tea Set":7,"Boot":12,"Peace Pipe":18,"Anchor":4,"Centennial Puzzle":13,"Lizard Tail":21,"Nunchaku":25,"Shovel":0,"Ninja Scroll":21,"Bird Faced Urn":11,"Strawberry":21,"Philosopher\u0027s Stone":8,"MealTicket":11,"Coffee Dripper":16,"Toy Ornithopter":9,"TungstenRod":23,"Ring of the Snake":0},{"Potion Belt":85,"Mango":24,"Snake Skull":10,"PreservedInsect":20,"Whetstone":24,"Orichalcum":16,"Paper Crane":82,"Ancient Tea Set":27,"Boot":51,"Peace Pipe":79,"Anchor":16,"Centennial Puzzle":56,"Lizard Tail":90,"Nunchaku":106,"Shovel":0,"Ninja Scroll":90,"Bird Faced Urn":47,"Strawberry":90,"Philosopher\u0027s Stone":35,"MealTicket":47,"Coffee Dripper":69,"Toy Ornithopter":38,"TungstenRod":98,"Ring of the Snake":0}],"Toy Ornithopter":100,"TungstenRod":3,"Ring of the Snake":[52]},"card_choices":[{"not_picked":["Flying Knee","Riddle With Holes"],"picked":"Poisoned Stab","floor":1},{"not_picked":["Deadly Poison","All Out Attack"],"picked":"Sucker Punch","floor":2},{"not_picked":["Acrobatics","Accuracy","Riddle With Holes"],"picked":"SKIP","floor":4},{"not_picked":["Outmaneuver","Escape Plan","Calculated Gamble"],"picked":"SKIP","floor":7},{"not_picked":["Expertise","Riddle With Holes"],"picked":"Bouncing Flask","floor":10},{"not_picked":["Dagger Throw","Sucker Punch","Eviscerate"],"picked":"SKIP","floor":12},{"not_picked":["Accuracy","Deadly Poison"],"picked":"Dagger Spray","floor":14},{"not_picked":["Corpse Explosion","Unload"],"picked":"Venomology","floor":16},{"not_picked":["Outmaneuver","Deadly Poison","Slice"],"picked":"SKIP","floor":18},{"not_picked":["Acrobatics","Prepared","Eviscerate"],"picked":"SKIP","floor":21},{"not_picked":["Expertise+1","Dagger Spray"],"picked":"Backflip","floor":23},{"not_picked":["Cloak And Dagger","Tools of the Trade"],"picked":"Crippling Poison","floor":25},{"not_picked":["Dagger Spray","Finisher"],"picked":"Catalyst","floor":27},{"not_picked":["Blade Dance","Underhanded Strike"],"picked":"Backflip","floor":30},{"not_picked":["Backflip","Quick Slash"],"picked":"Leg Sweep","floor":31},{"not_picked":["Die Die Die","Tools of the Trade"],"picked":"Malaise","floor":33},{"not_picked":["Acrobatics","Sucker Punch"],"picked":"Backflip","floor":35},{"not_picked":["Infinite Blades","Flechettes"],"picked":"Backflip","floor":37},{"not_picked":["Underhanded Strike+1","Blade Dance","Caltrops+1"],"picked":"SKIP","floor":39},{"not_picked":["Choke","Sucker Punch+1","Unload"],"picked":"SKIP","floor":41},{"not_picked":["PiercingWail","Quick Slash"],"picked":"Noxious Fumes+1","floor":44},{"not_picked":["Riddle With Holes","Blade Dance+1","Prepared"],"picked":"SKIP","floor":46},{"not_picked":["Concentrate+1","Well Laid Plans"],"picked":"Poisoned Stab+1","floor":48}],"player_experience":781971,"relics_obtained":[{"floor":6,"key":"Snake Skull"},{"floor":8,"key":"Orichalcum"},{"floor":9,"key":"Anchor"},{"floor":10,"key":"PreservedInsect"},{"floor":12,"key":"Whetstone"},{"floor":13,"key":"Mango"},{"floor":15,"key":"Ancient Tea Set"},{"floor":23,"key":"Bird Faced Urn"},{"floor":24,"key":"MealTicket"},{"floor":26,"key":"Boot"},{"floor":27,"key":"Centennial Puzzle"},{"floor":36,"key":"Peace Pipe"},{"floor":40,"key":"Potion Belt"},{"floor":41,"key":"Ninja Scroll"},{"floor":42,"key":"Lizard Tail"},{"floor":43,"key":"Strawberry"},{"floor":45,"key":"TungstenRod"},{"floor":49,"key":"Nunchaku"}],"event_choices":[{"cards_removed":["Strike_G"],"damage_healed":0,"gold_gain":0,"player_choice":"Card Removal","damage_taken":0,"max_hp_gain":0,"max_hp_loss":0,"event_name":"The Cleric","floor":3,"gold_loss":50},{"damage_healed":0,"gold_gain":0,"player_choice":"Entered Light","damage_taken":13,"max_hp_gain":0,"max_hp_loss":0,"event_name":"Shining Light","floor":5,"gold_loss":0,"cards_upgraded":["Neutralize","Strike_G"]},{"damage_healed":0,"gold_gain":0,"player_choice":"Obtained Book","damage_taken":16,"max_hp_gain":0,"max_hp_loss":0,"event_name":"Cursed Tome","floor":20,"gold_loss":0},{"cards_removed":["Strike_G"],"damage_healed":0,"gold_gain":0,"player_choice":"Elegance","damage_taken":0,"max_hp_gain":0,"max_hp_loss":0,"event_name":"Back to Basics","floor":22,"gold_loss":0},{"damage_healed":0,"gold_gain":0,"player_choice":"Copied","damage_taken":0,"max_hp_gain":0,"max_hp_loss":0,"event_name":"Duplicator","floor":29,"gold_loss":0,"cards_obtained":["Catalyst"]},{"damage_healed":0,"gold_gain":0,"player_choice":"Fight","damage_taken":0,"max_hp_gain":0,"max_hp_loss":0,"event_name":"Mysterious Sphere","floor":36,"gold_loss":0},{"damage_healed":0,"gold_gain":0,"player_choice":"Fight","damage_taken":0,"max_hp_gain":0,"max_hp_loss":0,"event_name":"MindBloom","floor":45,"gold_loss":0},{"damage_healed":0,"gold_gain":0,"player_choice":"Ignored","damage_taken":0,"max_hp_gain":0,"max_hp_loss":0,"event_name":"Transmorgrifier","floor":47,"gold_loss":0}],"is_beta":false,"boss_relics":[{"not_picked":["Runic Dome","WristBlade"],"picked":"Philosopher\u0027s Stone"},{"not_picked":["Velvet Choker","Fusion Hammer"],"picked":"Coffee Dripper"}],"items_purged_floors":[19],"is_endless":false,"potions_floor_spawned":[2,4,10,16,18,23,27,31,33,35,37,39,44],"ascension_level":14}}