{"host":"lofekbk9st7qup1x","time":1614064968,"event":{"mods":["Ascension Reborn","BaseMod","BetterRewards","Minty Spire (QoL Compilation)"],"gold_per_floor":[360,265,282,282,282,282,314,333,333,343,14,25,25,38,38,136,136,154,154,171,187,512,546,558,15,38,63,63,63,63,74,74,173,173,193,193,240,240,240,275,275,303,303,325,359,400,104,124,124,124,124,124,52,89,89,89],"floor_reached":55,"language":"ENG","playtime":5359,"items_purged":[],"score":1048,"play_id":"5c404600-0751-4eab-aaa3-3c89fb6d180c","local_time":"20210223152248","is_ascension_mode":true,"campfire_choices":[{"floor":6,"key":"RECALL"},{"floor":15,"key":"REST"},{"data":"Tactician","floor":28,"key":"SMITH"},{"data":"Prepared","floor":30,"key":"SMITH"},{"data":"Doppelganger","floor":32,"key":"SMITH"},{"floor":41,"key":"REST"},{"data":"Adrenaline","floor":49,"key":"SMITH"},{"data":"Acrobatics","floor":52,"key":"SMITH"}],"circlet_count":0,"master_deck":["Strike_G+1","Strike_G+1","Strike_G+1","Strike_G+1","Strike_G+1","Defend_G+1","Defend_G+1","Defend_G+1","Defend_G+1","Defend_G+1","Survivor+1","Neutralize+1","Acrobatics+1","PiercingWail+1","Calculated Gamble+1","Flying Knee","Acrobatics+1","Blur","Prepared","Backstab","Doppelganger+1","Terror","Adrenaline+1","PiercingWail","Grand Finale+1","Tactician+1","Prepared+1","Quick Slash+1","Prepared+1","Underhanded Strike","Reflex","Caltrops","Backflip","Blur+1","A Thousand Cuts","Dagger Throw","Madness","Madness","PiercingWail","Sadistic Nature","Dark Shackles","Deadly Poison","Backflip+1","Infinite Blades","Escape Plan+1","Cloak And Dagger+1","PiercingWail+1","Prepared","Calculated Gamble+1","Expertise","Reflex+1"],"relics":["Ring of the Serpent","Blood Vial","Ice Cream","Pear","Eternal Feather","Omamori","Dream Catcher","Sozu","Old Coin","Bag of Preparation","Anchor","Letter Opener","Vajra","Whetstone","Orichalcum","Happy Flower","WingedGreaves","Smiling Mask","Lizard Tail","CeramicFish","Ginger","Toy Ornithopter","Bottled Tornado","PreservedInsect","Chemical X","Tingsha"],"acts_visited":["Exordium","TheCity","TheBeyond","TheEnding"],"potions_floor_usage":[16,16,16,55],"damage_taken":[{"damage":0,"enemies":"Small Slimes","floor":1,"turns":4},{"damage":0,"enemies":"Jaw Worm","floor":3,"turns":4},{"damage":5,"enemies":"Gremlin Nob","floor":7,"turns":6},{"damage":0,"enemies":"Cultist","floor":8,"turns":3},{"damage":0,"enemies":"Blue Slaver","floor":10,"turns":3},{"damage":19,"enemies":"Gremlin Gang","floor":12,"turns":4},{"damage":0,"enemies":"Exordium Thugs","floor":14,"turns":4},{"damage":4,"enemies":"Hexaghost","floor":16,"turns":8},{"damage":0,"enemies":"Chosen","floor":18,"turns":4},{"damage":4,"enemies":"3 Byrds","floor":20,"turns":7},{"damage":0,"enemies":"Centurion and Healer","floor":21,"turns":4},{"damage":0,"enemies":"Book of Stabbing","floor":23,"turns":5},{"damage":0,"enemies":"Snake Plant","floor":24,"turns":4},{"damage":0,"enemies":"Slavers","floor":27,"turns":5},{"damage":0,"enemies":"Chosen and Byrds","floor":31,"turns":3},{"damage":3,"enemies":"Collector","floor":33,"turns":10},{"damage":5,"enemies":"3 Darklings","floor":35,"turns":5},{"damage":1,"enemies":"2 Orb Walkers","floor":37,"turns":3},{"damage":21,"enemies":"Nemesis","floor":40,"turns":6},{"damage":16,"enemies":"Reptomancer","floor":42,"turns":6},{"damage":0,"enemies":"Orb Walker","floor":44,"turns":2},{"damage":17,"enemies":"Nemesis","floor":45,"turns":7},{"damage":7,"enemies":"Giant Head","floor":46,"turns":5},{"damage":0,"enemies":"Spire Growth","floor":48,"turns":3},{"damage":7,"enemies":"Awakened One","floor":50,"turns":13},{"damage":60,"enemies":"Shield and Spear","floor":54,"turns":5},{"damage":60,"enemies":"The Heart","floor":55,"turns":5}],"seed_played":"1899377002332924502","potions_obtained":[{"floor":10,"key":"Poison Potion"},{"floor":12,"key":"AttackPotion"},{"floor":14,"key":"SkillPotion"},{"floor":16,"key":"Dexterity Potion"}],"is_trial":false,"path_per_floor":["M","$","M","?","T","R","E","M","T","M","$","M","?","M","R","B",null,"M","?","M","M","T","E","M","$","T","E","R","$","R","M","R","B",null,"M","?","?","?","?","E","R","E","T","M","E","E","$","M","R","B",null,"R","$","E","B"],"character_chosen":"THE_SILENT","items_purchased":["PiercingWail","Calculated Gamble","Omamori","Dream Catcher","Backstab","Letter Opener","Underhanded Strike","Reflex","Caltrops","Vajra","PreservedInsect","Chemical X","Expertise"],"campfire_rested":2,"item_purchase_floors":[2,2,11,11,11,25,25,25,25,25,47,47,53],"current_hp_per_floor":[63,63,63,50,50,50,57,59,59,61,61,44,44,46,73,69,73,73,73,69,71,71,73,73,73,73,73,73,73,73,73,73,70,73,68,59,60,50,50,31,73,57,57,59,44,39,39,41,68,63,73,73,73,13,0,0],"gold":89,"neow_bonus":"TWO_FIFTY_GOLD","is_daily":false,"chose_seed":false,"campfire_upgraded":5,"win_rate":0.0,"timestamp":1614064968,"path_taken":["M","$","M","?","?","R","E","M","T","M","$","?","?","M","R","BOSS","M","?","M","?","?","E","M","$","T","E","R","$","R","?","R","BOSS","M","?","?","?","?","E","R","E","T","M","E","E","$","M","R","BOSS","R","$","E","BOSS"],"items_purchased_type":["Card","Card","Relic","Relic","Card","Relic","Card","Card","Card","Relic","Relic","Relic","Card"],"build_version":"2020-12-22","purchased_purges":0,"victory":false,"max_hp_per_floor":[63,63,63,63,63,63,73,73,73,73,73,73,73,73,73,73,73,73,73,73,73,73,73,73,73,73,73,73,73,73,73,73,73,73,73,73,73,73,73,73,73,73,73,73,73,73,73,73,73,73,73,73,73,73,73,73],"card_choices":[{"not_picked":["PiercingWail","Endless Agony"],"picked":"Acrobatics","floor":1},{"not_picked":["Crippling Poison","Sucker Punch"],"picked":"Flying Knee","floor":3},{"not_picked":["Sucker Punch","Deflect"],"picked":"Acrobatics","floor":7},{"not_picked":["Flechettes","Escape Plan"],"picked":"Blur","floor":8},{"not_picked":["Escape Plan","Dagger Throw"],"picked":"Prepared","floor":10},{"not_picked":["Cloak And Dagger","Flying Knee"],"picked":"Doppelganger","floor":12},{"not_picked":["Accuracy","Bane"],"picked":"Terror","floor":14},{"not_picked":["Well Laid Plans","Dagger Spray"],"picked":"Deadly Poison","floor":15},{"not_picked":["Die Die Die","Unload"],"picked":"Adrenaline","floor":16},{"not_picked":["Blade Dance","Dodge and Roll"],"picked":"PiercingWail","floor":18},{"not_picked":["Cloak And Dagger+1","Calculated Gamble"],"picked":"Tactician","floor":20},{"not_picked":["Corpse Explosion","Choke"],"picked":"Prepared+1","floor":21},{"not_picked":["Outmaneuver","Slice+1"],"picked":"Quick Slash","floor":23},{"not_picked":["Poisoned Stab","Riddle With Holes"],"picked":"Prepared","floor":24},{"not_picked":["Deadly Poison+1","Endless Agony"],"picked":"Backflip","floor":27},{"not_picked":["Backflip+1","Poisoned Stab+1"],"picked":"Blur+1","floor":31},{"not_picked":["Venomology","Wraith Form v2"],"picked":"A Thousand Cuts","floor":33},{"not_picked":["PiercingWail","Blade Dance"],"picked":"Dagger Throw","floor":35},{"not_picked":["Prepared","Bane+1"],"picked":"PiercingWail","floor":37},{"not_picked":["Dramatic Entrance","Deep Breath"],"picked":"Sadistic Nature","floor":38},{"not_picked":["Forethought","Good Instincts"],"picked":"Dark Shackles","floor":38},{"not_picked":["Skewer+1","Endless Agony"],"picked":"Backflip+1","floor":40},{"not_picked":["Catalyst+1","Dagger Spray+1"],"picked":"Infinite Blades","floor":41},{"not_picked":["Dagger Throw","Die Die Die"],"picked":"Escape Plan+1","floor":42},{"not_picked":["Dagger Throw","Bane+1"],"picked":"Cloak And Dagger+1","floor":44},{"not_picked":["Prepared","Catalyst+1"],"picked":"PiercingWail+1","floor":45},{"not_picked":["Well Laid Plans","Catalyst+1"],"picked":"Prepared","floor":46},{"not_picked":["Night Terror","Acrobatics"],"picked":"Calculated Gamble+1","floor":48},{"not_picked":["Bane+1","Underhanded Strike"],"picked":"Reflex+1","floor":54}],"player_experience":15394,"relics_obtained":[{"floor":5,"key":"Blood Vial"},{"floor":5,"key":"Ice Cream"},{"floor":7,"key":"Pear"},{"floor":9,"key":"Eternal Feather"},{"floor":22,"key":"Old Coin"},{"floor":22,"key":"Bag of Preparation"},{"floor":23,"key":"Anchor"},{"floor":26,"key":"Whetstone"},{"floor":26,"key":"Orichalcum"},{"floor":27,"key":"Happy Flower"},{"floor":37,"key":"WingedGreaves"},{"floor":40,"key":"Smiling Mask"},{"floor":42,"key":"Lizard Tail"},{"floor":43,"key":"CeramicFish"},{"floor":43,"key":"Ginger"},{"floor":45,"key":"Toy Ornithopter"},{"floor":46,"key":"Bottled Tornado"},{"floor":54,"key":"Tingsha"}],"event_choices":[{"damage_healed":0,"gold_gain":0,"player_choice":"Entered Light","damage_taken":13,"max_hp_gain":0,"max_hp_loss":0,"event_name":"Shining Light","floor":4,"gold_loss":0,"cards_upgraded":["Acrobatics","PiercingWail"]},{"damage_healed":0,"gold_gain":0,"player_choice":"Grow","damage_taken":0,"max_hp_gain":0,"max_hp_loss":0,"event_name":"Living Wall","floor":13,"gold_loss":0,"cards_upgraded":["Calculated Gamble"]},{"damage_healed":0,"gold_gain":0,"cards_transformed":["Deadly Poison"],"player_choice":"Transformed","damage_taken":0,"max_hp_gain":0,"max_hp_loss":0,"event_name":"Transmorgrifier","floor":19,"gold_loss":0,"cards_obtained":["Grand Finale"]},{"damage_healed":0,"gold_gain":0,"player_choice":"Embrace Madness","damage_taken":9,"max_hp_gain":0,"max_hp_loss":0,"event_name":"Winding Halls","floor":36,"gold_loss":0,"cards_obtained":["Madness","Madness"]},{"damage_healed":0,"gold_gain":0,"player_choice":"Fight","damage_taken":0,"max_hp_gain":0,"max_hp_loss":0,"event_name":"Mysterious Sphere","floor":37,"gold_loss":0},{"damage_healed":0,"gold_gain":0,"player_choice":"Memory 3","damage_taken":10,"max_hp_gain":0,"max_hp_loss":0,"event_name":"SensoryStone","floor":38,"gold_loss":0},{"damage_healed":0,"gold_gain":0,"player_choice":"2 cards matched","damage_taken":0,"max_hp_gain":0,"max_hp_loss":0,"event_name":"Match and Keep!","floor":39,"gold_loss":0,"cards_obtained":["Deadly Poison","Doubt"]}],"is_beta":false,"boss_relics":[{"not_picked":["Velvet Choker","Coffee Dripper"],"picked":"Sozu"},{"not_picked":["Fusion Hammer","SacredBark"],"picked":"Ring of the Serpent"}],"items_purged_floors":[],"is_endless":false,"potions_floor_spawned":[10,12,14,16,18,27,31,37,40,44,45,46],"killed_by":"The Heart","ascension_level":0}}