{"host":"bplbr8uekuotory4","time":1614067903,"event":{"mods":["Act Like it!","BaseMod","Custom Start","GungeonMod","Hermit","KinomotoSakuraMod(木之本樱)","Marisa（F雨　魔理沙）","Minty Spire (QoL Compilation)","Prisma Mod","Quick Restart","Reimu（博丽灵梦）","SOS（斯巴达之子）","Spicy Shops","StSLib","TestMod","The Blackbeard","The Cursed","The Mystic","The Saiyan","The Senshi","The Servant 0.9.4","Yuri Mod","[IsaacMod]以撒尖塔"],"gold_per_floor":[112,112,33,33,33,58,58,85,85,85,123,141,141,154,154,245,245,272,289,289,314,412,712,761,761,761,795,0,29,29,74,74,180,180,203,268,292,309,123,123,174,174,174,2,30,0,51,73,73,90,90,120,171,240,240,279,279,302,302,344,370,133,160,160,234,234,234,0,50,156],"floor_reached":56,"language":"ZHS","playtime":2255,"items_purged":["Defend_G","Defend_G","All Out Attack","Dagger Spray","Night Terror","Backstab","Dagger Spray"],"score":3236,"play_id":"30d64e8c-7629-4fdb-b8ab-3daaeac0d3a5","local_time":"20210223161143","is_ascension_mode":true,"campfire_choices":[{"data":"After Image","floor":7.0,"key":"SMITH"},{"data":"Backstab","floor":10.0,"key":"SMITH"},{"data":"Malaise","floor":15.0,"key":"SMITH"},{"data":"Adrenaline","floor":25.0,"key":"SMITH"},{"data":"Blade Dance","floor":32.0,"key":"SMITH"},{"data":"Transmutation","floor":40.0,"key":"SMITH"},{"data":"Choke","floor":42.0,"key":"SMITH"},{"data":"Neutralize","floor":49.0,"key":"SMITH"},{"floor":40.0,"key":"RECALL"},{"data":"Bouncing Flask","floor":44.0,"key":"SMITH"},{"data":"Doppelganger","floor":49.0,"key":"SMITH"},{"data":"Escape Plan","floor":52.0,"key":"SMITH"}],"circlet_count":0,"master_deck":["AscendersBane","Survivor+1","Neutralize+1","Masterful Stab","Bouncing Flask+1","After Image+1","Backstab+1","Malaise+1","Skewer","Adrenaline+1","Blade Dance+1","Heel Hook","Leg Sweep+1","Transmutation+1","Malaise+1","Choke+1","Cloak And Dagger+1","Escape Plan+1","Doppelganger+1"],"relics":["Ring of the Snake","testmod-TestBox","HushsDoor","MaYiHuaBei","testmod-DeterminationOfClimber","NeowsBlessing","The Specimen","Tiny Chest","DemoMod:MonsterBlood","Bag of Marbles","testmod-TimeTraveler","DemoMod:GlassGuonStoneRelic","Old Coin","DemoMod:WhiteGuonStone","Blue Candle","GuppysPaw","Matryoshka","testmod-Antiphasic","Pandora\u0027s Box","BelialBook","testmod-LifeArmor","Omamori","DollysMirror","DemoMod:PoisonVial","SalivaCoin","White Beast Statue","Membership Card","testmod-Charity","War Paint","testmod-CyclicPeriapt","Centennial Puzzle","Mastiff:ReiMu","HowToJump","Snake Skull","Nunchaku","SatanicBible","Ornamental Fan","testmod-ObsoleteBoomerang"],"acts_visited":["Exordium","TheCity","TheBeyond","TheEnding"],"potions_floor_usage":[55,55],"damage_taken":[{"damage":0.0,"enemies":"Jaw Worm","floor":1.0,"turns":1.0},{"damage":0.0,"enemies":"Gremlin Nob","floor":6.0,"turns":1.0},{"damage":0.0,"enemies":"3 Sentries","floor":8.0,"turns":1.0},{"damage":5.0,"enemies":"Lagavulin","floor":11.0,"turns":5.0},{"damage":0.0,"enemies":"2 Louse","floor":12.0,"turns":1.0},{"damage":0.0,"enemies":"Cultist","floor":14.0,"turns":1.0},{"damage":0.0,"enemies":"The Guardian","floor":16.0,"turns":7.0},{"damage":0.0,"enemies":"2 Thieves","floor":18.0,"turns":1.0},{"damage":1.0,"enemies":"Shell Parasite","floor":19.0,"turns":2.0},{"damage":0.0,"enemies":"Centurion and Healer","floor":21.0,"turns":2.0},{"damage":0.0,"enemies":"Book of Stabbing","floor":24.0,"turns":1.0},{"damage":0.0,"enemies":"Sentry and Sphere","floor":27.0,"turns":1.0},{"damage":0.0,"enemies":"Snake Plant","floor":29.0,"turns":1.0},{"damage":0.0,"enemies":"Slavers","floor":31.0,"turns":1.0},{"damage":0.0,"enemies":"Automaton","floor":33.0,"turns":2.0},{"damage":0.0,"enemies":"3 Darklings","floor":35.0,"turns":1.0},{"damage":0.0,"enemies":"2 Orb Walkers","floor":36.0,"turns":1.0},{"damage":0.0,"enemies":"Orb Walker","floor":38.0,"turns":1.0},{"damage":0.0,"enemies":"Nemesis","floor":41.0,"turns":1.0},{"damage":0.0,"enemies":"Maw","floor":45.0,"turns":1.0},{"damage":0.0,"enemies":"Giant Head","floor":47.0,"turns":1.0},{"damage":0.0,"enemies":"Jaw Worm Horde","floor":48.0,"turns":1.0},{"damage":0.0,"enemies":"Orb Walker","floor":35.0,"turns":1.0},{"damage":6.0,"enemies":"3 Shapes","floor":37.0,"turns":1.0},{"damage":0.0,"enemies":"2 Orb Walkers","floor":38.0,"turns":1.0},{"damage":0.0,"enemies":"Transient","floor":39.0,"turns":1.0},{"damage":0.0,"enemies":"Nemesis","floor":41.0,"turns":1.0},{"damage":0.0,"enemies":"Giant Head","floor":45.0,"turns":2.0},{"damage":0.0,"enemies":"3 Darklings","floor":46.0,"turns":1.0},{"damage":3.0,"enemies":"Sphere and 2 Shapes","floor":48.0,"turns":1.0},{"damage":0.0,"enemies":"Awakened One","floor":50.0,"turns":2.0},{"damage":0.0,"enemies":"Shield and Spear","floor":54.0,"turns":1.0},{"damage":0,"enemies":"The Heart","floor":55,"turns":3}],"seed_played":"7894478118205335815","potions_obtained":[{"floor":11.0,"key":"Energy Potion"},{"floor":14.0,"key":"GamblersBrew"},{"floor":19.0,"key":"Poison Potion"},{"floor":21.0,"key":"ZuzhouPotion:ReiMu"},{"floor":45.0,"key":"Weak Potion"},{"floor":48.0,"key":"Energy Potion"},{"floor":54.0,"key":"ColorlessPotion"}],"is_trial":false,"path_per_floor":["M","?","$","?","$","E","R","E","T","R","E","M","?","M","R","B",null,"M","M","?","M","?","T","E","R","T","M","$","M","$","E","R","B",null,"M","?","T","M","$","R","E","R","T","$","M","$","E","M","R","M","?","M","?","M","R","E","T","T","R","E","M","$","M","R","B",null,"R","$","E","B",null],"character_chosen":"THE_SILENT","items_purchased":["Bouncing Flask","ForgetMeNow","GuppysPaw","Matryoshka","BelialBook","Transmutation","DollysMirror","Membership Card","testmod-Charity","Nunchaku","SatanicBible","Ornamental Fan"],"campfire_rested":0,"item_purchase_floors":[3,28,28,28,34,34,39,44,46,47,47,53],"current_hp_per_floor":[59,125,125,99,99,99,99,108,108,108,107,110,95,98,98,113,129,134,134,134,134,119,119,134,134,134,134,134,134,134,134,134,134,112,112,112,112,112,112,112,112,112,112,112,112,112,122,129,129,132,132,139,146,167,167,174,174,175,175,188,195,195,201,201,217,217,217,218,229,262],"gold":156,"neow_bonus":"THREE_ENEMY_KILL","is_daily":false,"chose_seed":false,"campfire_upgraded":11,"win_rate":0.0,"timestamp":1614067903,"path_taken":["M","?","?","?","$","E","R","E","T","R","E","M","?","M","R","BOSS","M","M","?","M","?","?","E","R","T","?","$","M","?","E","R","BOSS","M","?","?","M","$","R","E","R","T","$","?","$","E","M","R","M","?","M","?","M","R","E","?","T","R","E","M","?","M","R","BOSS","R","$","E","BOSS"],"items_purchased_type":["Card","Relic","Relic","Relic","Relic","Card","Relic","Relic","Relic","Relic","Relic","Relic"],"build_version":"2020-12-22","purchased_purges":7,"victory":true,"max_hp_per_floor":[66,132,132,132,132,132,132,139,139,139,139,139,139,139,139,139,134,134,134,134,134,134,134,134,134,134,134,134,134,134,134,134,134,112,112,112,112,112,112,112,112,112,112,112,112,112,122,129,129,132,132,139,146,167,167,174,174,175,175,188,195,195,201,201,217,217,217,218,229,262],"card_choices":[{"not_picked":["Flying Knee","Cloak And Dagger"],"picked":"Masterful Stab","floor":1.0},{"not_picked":["Venomology","Reflex"],"picked":"After Image","floor":6.0},{"not_picked":["Finisher","Bomb"],"picked":"Backstab","floor":8.0},{"not_picked":["Dagger Spray","Distraction"],"picked":"Malaise","floor":11.0},{"not_picked":["Outmaneuver","Dagger Throw"],"picked":"Skewer","floor":12.0},{"not_picked":["Flying Knee","Sucker Punch","After Image"],"picked":"SKIP","floor":14.0},{"not_picked":["A Thousand Cuts","Storm of Steel"],"picked":"Adrenaline","floor":16.0},{"not_picked":["Dagger Throw","Cloak And Dagger","Tactician"],"picked":"SKIP","floor":18.0},{"not_picked":["Caltrops","Acrobatics","Backflip"],"picked":"SKIP","floor":19.0},{"not_picked":["Bane","Deadly Poison","Quick Slash"],"picked":"SKIP","floor":21.0},{"not_picked":["Infinite Blades+1","Riddle With Holes"],"picked":"Blade Dance","floor":24.0},{"not_picked":["Deadly Poison","Tactician+1","Poisoned Stab"],"picked":"SKIP","floor":27.0},{"not_picked":["Deflect","Backflip","Prepared"],"picked":"SKIP","floor":29.0},{"not_picked":["Skewer","Finisher","Eviscerate+1"],"picked":"SKIP","floor":31.0},{"not_picked":["Malaise","Tools of the Trade"],"picked":"Night Terror","floor":33.0},{"not_picked":["Flying Knee+1","Deadly Poison","Blade Dance+1"],"picked":"SKIP","floor":35.0},{"not_picked":["Corpse Explosion","Prepared+1","Dodge and Roll+1"],"picked":"SKIP","floor":38.0},{"not_picked":["Choke","Sucker Punch+1","Phantasmal Killer"],"picked":"SKIP","floor":41.0},{"not_picked":["Sucker Punch+1","Phantasmal Killer"],"picked":"Choke","floor":41.0},{"not_picked":["Expertise","Deadly Poison","Finisher"],"picked":"SKIP","floor":45.0},{"not_picked":["Reflex+1","Deadly Poison","Prepared"],"picked":"SKIP","floor":47.0},{"not_picked":["Crippling Poison","Slice","Reflex+1"],"picked":"SKIP","floor":48.0},{"not_picked":["Flying Knee","Bane"],"picked":"Cloak And Dagger+1","floor":35.0},{"not_picked":["Dagger Spray","Riddle With Holes","Deflect"],"picked":"SKIP","floor":37.0},{"not_picked":["Prepared","Backflip+1"],"picked":"Escape Plan","floor":38.0},{"not_picked":["Heel Hook+1","Cloak And Dagger","Choke"],"picked":"SKIP","floor":39.0},{"not_picked":["Envenom","Deflect+1","Blade Dance+1"],"picked":"SKIP","floor":41.0},{"not_picked":["Crippling Poison+1","Dagger Throw"],"picked":"Doppelganger","floor":45.0},{"not_picked":["Backflip","Blade Dance","Predator"],"picked":"SKIP","floor":46.0},{"not_picked":["Underhanded Strike","All Out Attack","Dodge and Roll"],"picked":"SKIP","floor":48.0},{"not_picked":["Backstab+1","Poisoned Stab","Outmaneuver+1"],"picked":"SKIP","floor":54.0}],"player_experience":1181338,"relics_obtained":[{"floor":6.0,"key":"Tiny Chest"},{"floor":8.0,"key":"DemoMod:MonsterBlood"},{"floor":23.0,"key":"Old Coin"},{"floor":24.0,"key":"DemoMod:WhiteGuonStone"},{"floor":26.0,"key":"Blue Candle"},{"floor":31.0,"key":"testmod-Antiphasic"},{"floor":37.0,"key":"testmod-LifeArmor"},{"floor":37.0,"key":"Omamori"},{"floor":41.0,"key":"DemoMod:PoisonVial"},{"floor":43.0,"key":"SalivaCoin"},{"floor":43.0,"key":"White Beast Statue"},{"floor":47.0,"key":"War Paint"},{"floor":38.0,"key":"testmod-CyclicPeriapt"},{"floor":41.0,"key":"Centennial Puzzle"},{"floor":42.0,"key":"Mastiff:ReiMu"},{"floor":43.0,"key":"HowToJump"},{"floor":45.0,"key":"Snake Skull"},{"floor":54.0,"key":"testmod-ObsoleteBoomerang"}],"event_choices":[{"damage_healed":0.0,"max_hp_gain":0.0,"max_hp_loss":0.0,"gold_gain":0.0,"event_name":"给自己的盒子","player_choice":"Swap Relic","floor":2.0,"relics_lost":["testmod-HarvestTotem"],"gold_loss":0.0,"damage_taken":0.0,"relics_obtained":["testmod-HarvestTotem"]},{"damage_healed":0.0,"max_hp_gain":0.0,"max_hp_loss":0.0,"gold_gain":0.0,"event_name":"Scrap Ooze","player_choice":"Success","floor":4.0,"gold_loss":0.0,"damage_taken":26.0,"relics_obtained":["The Specimen"]},{"cards_removed":["Strike_G"],"damage_healed":0.0,"max_hp_gain":0.0,"max_hp_loss":0.0,"gold_gain":0.0,"event_name":"Purifier","player_choice":"Purged","floor":20.0,"gold_loss":0.0,"damage_taken":0.0},{"damage_healed":0.0,"max_hp_gain":0.0,"max_hp_loss":0.0,"gold_gain":0.0,"event_name":"Mysterious Sphere","player_choice":"Fight","floor":36.0,"gold_loss":0.0,"damage_taken":0.0},{"cards_removed":["Riddle With Holes"],"damage_healed":0.0,"max_hp_gain":0.0,"max_hp_loss":0.0,"gold_gain":0.0,"event_name":"Purifier","player_choice":"Purged","floor":36.0,"gold_loss":0.0,"damage_taken":0.0},{"damage_healed":0.0,"max_hp_gain":0.0,"max_hp_loss":0.0,"gold_gain":0.0,"event_name":"Mysterious Sphere","player_choice":"Fight","floor":38.0,"gold_loss":0.0,"damage_taken":0.0}],"is_beta":false,"boss_relics":[{"not_picked":["Fusion Hammer","testmod-DreamHouse"],"picked":"testmod-TimeTraveler"},{"not_picked":[]},{"not_picked":["theSenshi:MoonKaleidoScopeRelic","testmod-Fanaticism"],"picked":"Pandora\u0027s Box"},{"not_picked":[]}],"items_purged_floors":[17,28,34,39,47,53,53],"is_endless":false,"potions_floor_spawned":[11,14,19,21,24,36,45,47,48,35,37,38,39,41,45,46,48,54],"ascension_level":17}}