{"host":"jmzvm640hfhaby9x","time":1614094928,"event":{"mods":["AchievementEnabler","BaseMod","Block Reminder","Colored Powertips","Googly Eyes","Minty Spire (QoL Compilation)","Quick Restart"],"gold_per_floor":[116,129,146,45,120,140,315,315,397,413,413,413,114,131,131,131,131],"floor_reached":16,"language":"ENG","playtime":592,"items_purged":[],"score":92,"play_id":"d8a5e3c7-be2e-4bf7-869f-bdcd32372f25","local_time":"20210223154208","is_ascension_mode":false,"campfire_choices":[{"data":"Blood for Blood","floor":11,"key":"SMITH"},{"data":"Perfected Strike","floor":15,"key":"SMITH"}],"circlet_count":0,"master_deck":["Strike_R","Strike_R","Strike_R","Strike_R","Strike_R","Defend_R","Defend_R","Defend_R","Defend_R","Bash","Perfected Strike+1","Blood for Blood+1","Anger","Inflame","Doubt","Armaments","Parasite","Combust"],"relics":["Burning Blood","Bag of Marbles","Red Skull","Gremlin Horn","Du-Vu Doll"],"acts_visited":["Exordium"],"potions_floor_usage":[6,16,16,16],"damage_taken":[{"damage":5,"enemies":"Small Slimes","floor":1,"turns":3},{"damage":0,"enemies":"2 Louse","floor":2,"turns":2},{"damage":11,"enemies":"Jaw Worm","floor":3,"turns":2},{"damage":1,"enemies":"2 Fungi Beasts","floor":6,"turns":3},{"damage":11,"enemies":"Red Slaver","floor":10,"turns":4},{"damage":14,"enemies":"Blue Slaver","floor":14,"turns":3},{"damage":69,"enemies":"The Guardian","floor":16,"turns":7}],"seed_played":"-6161733832595420727","potions_obtained":[{"floor":1,"key":"GamblersBrew"},{"floor":6,"key":"EssenceOfSteel"}],"is_trial":false,"path_per_floor":["M","M","M","$","?","M","?","?","T","M","R","?","$","M","R","B"],"character_chosen":"IRONCLAD","items_purchased":["PowerPotion","Strength Potion","Du-Vu Doll"],"campfire_rested":0,"item_purchase_floors":[4,4,13],"current_hp_per_floor":[80,80,75,75,64,69,69,62,62,57,57,77,77,69,69,0,0],"gold":131,"neow_bonus":"RANDOM_COMMON_RELIC","is_daily":false,"chose_seed":false,"campfire_upgraded":2,"win_rate":0.0,"timestamp":1614094928,"path_taken":["M","M","M","$","?","M","?","?","T","M","R","?","?","M","R","BOSS"],"items_purchased_type":["Potion","Potion","Relic"],"build_version":"2020-12-22","purchased_purges":0,"victory":false,"max_hp_per_floor":[80,80,80,80,80,80,80,80,80,80,80,80,80,80,80,80,80],"card_choices":[{"not_picked":["Sever Soul","Iron Wave"],"picked":"Perfected Strike","floor":1},{"not_picked":["Shrug It Off","Rage"],"picked":"Blood for Blood","floor":2},{"not_picked":["Pummel","Headbutt"],"picked":"Anger","floor":3},{"not_picked":["Sword Boomerang","Iron Wave"],"picked":"Inflame","floor":6},{"not_picked":["Anger","Hemokinesis"],"picked":"Armaments","floor":10},{"not_picked":["Warcry","Intimidate"],"picked":"Combust","floor":14}],"player_experience":23058,"relics_obtained":[{"floor":9,"key":"Gremlin Horn"}],"event_choices":[{"damage_healed":0,"gold_gain":75,"player_choice":"Gather Gold","damage_taken":11,"max_hp_gain":0,"max_hp_loss":0,"event_name":"World of Goop","floor":5,"gold_loss":0},{"damage_healed":0,"gold_gain":175,"player_choice":"AGREE","damage_taken":0,"max_hp_gain":0,"max_hp_loss":0,"event_name":"Liars Game","floor":7,"gold_loss":0,"cards_obtained":["Doubt"]},{"damage_healed":0,"gold_gain":0,"player_choice":"Success","damage_taken":7,"relics_obtained":["Red Skull"],"max_hp_gain":0,"max_hp_loss":0,"event_name":"Scrap Ooze","floor":8,"gold_loss":0},{"damage_healed":20,"gold_gain":0,"player_choice":"Healed and dodged fight","damage_taken":0,"max_hp_gain":0,"max_hp_loss":0,"event_name":"Mushrooms","floor":12,"gold_loss":0,"cards_obtained":["Parasite"]}],"is_beta":false,"boss_relics":[],"items_purged_floors":[],"is_endless":false,"potions_floor_spawned":[1,6,10],"killed_by":"The Guardian","ascension_level":0}}