{"host":"sxaoifcprvg3ww0o","time":1614047319,"event":{"mods":["ATMod(∞¢Ë™Mod)","Act Like it!","Arknights","BaseMod","Downfall","Gensokyo","GifTheSpireLib","Hermit","KinomotoSakuraMod(ƒæ÷Æ±æ”£)","Marisa£®ÏF”Í°°ƒß¿Ì…≥£©","Minty Spire (QoL Compilation)","Prisma Mod","Quick Restart","Reimu£®≤©¿ˆ¡È√Œ£©","Reliquary","Remilia£®¿Ÿ√◊¿Ú—«£©","Replay The Spire","StSLib","The Alterego","The Senshi","Waifu the Spire","Yakumo Yukari mod","Youmu£®ªÍ∆«—˝√Œ£©","Yuyuko","°æ“≈ŒÔø®≈∆°øREMEMod"],"gold_per_floor":[117,117,2,51,51,51,51,66,66,66,66,66,66,66,66,142,142,361,276,276,295,295,295,309,328,377,377,53,68,68,83,83,161,161,172,184,184,234,246,281,281,308,308,328,328,16,33,59,71,83,83],"floor_reached":50,"language":"ZHS","playtime":2919,"items_purged":["Hallucinations","Writhe"],"score":1207,"play_id":"dbe2e125-f14c-4fe0-ac62-341ba7fed2a3","local_time":"20210223102839","is_ascension_mode":true,"campfire_choices":[{"data":"AT_MachinaRedman","floor":6.0,"key":"SMITH"},{"floor":12.0,"key":"RECALL"},{"floor":15.0,"key":"REST"},{"data":"REME_Cut","floor":23.0,"key":"SMITH"},{"floor":27.0,"key":"REST"},{"floor":30.0,"key":"REST"},{"data":"REME_ACTH","floor":32.0,"key":"SMITH"},{"data":"REME_ACTH","floor":41.0,"key":"SMITH"},{"floor":45.0,"key":"REST"},{"floor":49,"key":"REST"}],"circlet_count":0,"master_deck":["AscendersBane","Strike_R","Strike_R","Strike_R","Strike_R","Strike_R","Defend_R","Defend_R","Defend_R","Defend_R","AT_MachinaRedman+1","ReplayTheSpireMod:Private Reserves","AT_BodySlamDance+1","ReplayTheSpireMod:Stacked","Gensokyo:CrescentMoonSlash+1","REME_TheLastStrike+1","REME_Cut+1","Headbutt","AT_DrawKnifeCut+1","Replay:Undeath\u0027s Touch+1","REME_ACTH+1","REME_ACTH+1","REME_Scribble","Offering+1","Abandon","AT_ShrugMaster","Offering"],"relics":["Black Blood","REME_ComplimentaryCards","AT_ATBox","Gensokyo:CelestialsFlawlessClothing","Guardian:PocketSentry","AT_SilvercatRing","Happy Flower","Ring of Panic","Ring of Chaos","Paper Frog","TungstenRod","Oddly Smooth Stone","Pen Nib","Regal Pillow","Lizard Tail","Chameleon Ring","Medical Kit","MawBank"],"acts_visited":["Exordium","TheCity","TheBeyond"],"potions_floor_usage":[48,50],"damage_taken":[{"damage":8.0,"enemies":"Gensokyo:2_Kodama","floor":1.0,"turns":3.0},{"damage":0.0,"enemies":"Gensokyo:Gryphon","floor":8.0,"turns":2.0},{"damage":43.0,"enemies":"Gensokyo:Yukari","floor":16.0,"turns":9.0},{"damage":7.0,"enemies":"3 Byrds","floor":18.0,"turns":5.0},{"damage":20.0,"enemies":"Spheric Guardian","floor":21.0,"turns":4.0},{"damage":38.0,"enemies":"Centurion and Healer","floor":24.0,"turns":5.0},{"damage":16.0,"enemies":"Snake Plant","floor":25.0,"turns":2.0},{"damage":0.0,"enemies":"Snecko","floor":29.0,"turns":3.0},{"damage":0.0,"enemies":"Sentry and Sphere","floor":31.0,"turns":1.0},{"damage":19.0,"enemies":"Automaton","floor":33.0,"turns":5.0},{"damage":15.0,"enemies":"Orb Walker","floor":35.0,"turns":3.0},{"damage":57.0,"enemies":"3 Shapes","floor":36.0,"turns":4.0},{"damage":39.0,"enemies":"Spire Growth","floor":39.0,"turns":3.0},{"damage":43.0,"enemies":"Giant Head","floor":40.0,"turns":8.0},{"damage":0.0,"enemies":"Reptomancer","floor":42.0,"turns":2.0},{"damage":56.0,"enemies":"4 Shapes","floor":44.0,"turns":4.0},{"damage":72.0,"enemies":"Transient","floor":47.0,"turns":6.0},{"damage":35,"enemies":"Nemesis","floor":48,"turns":3},{"damage":177,"enemies":"Time Eater","floor":50,"turns":9}],"seed_played":"4561760139840349420","potions_obtained":[{"floor":1.0,"key":"Strength Potion"},{"floor":4.0,"key":"Elixir"},{"floor":4.0,"key":"DistilledChaos"},{"floor":18.0,"key":"DistilledChaos"},{"floor":21.0,"key":"SteroidPotion"},{"floor":29.0,"key":"Dexterity Potion"},{"floor":33.0,"key":"SteroidPotion"},{"floor":36.0,"key":"Death Potion"},{"floor":44.0,"key":"Strength Potion"},{"floor":48,"key":"Block Potion"}],"is_trial":false,"path_per_floor":["M","?","COS","?","?","R","$","M","T","?","?","R","?","?","R","B",null,"M","?","?","M","T","R","M","M","T","R","$","M","R","M","R","B",null,"M","M","?","?","M","E","R","E","T","M","R","$","M","E","R","B"],"character_chosen":"IRONCLAD","items_purchased":["REME_ACTH","Pen Nib","Medical Kit","Abandon"],"campfire_rested":5,"item_purchase_floors":[28,28,46,46],"current_hp_per_floor":[73,49,49,17,38,38,38,44,44,44,44,44,44,28,52,15,65,64,64,64,50,50,50,18,8,8,32,32,38,62,68,68,55,75,72,27,43,43,16,74,74,82,82,40,80,80,22,56,88,0,0],"gold":83,"neow_bonus":"TEN_PERCENT_HP_BONUS","is_daily":false,"chose_seed":false,"campfire_upgraded":4,"win_rate":0.0,"timestamp":1614047319,"path_taken":["M","?","COS","?","?","R","?","?","T","?","?","R","?","?","R","BOSS","M","?","?","M","?","R","M","?","T","R","$","M","R","M","R","BOSS","M","M","?","?","?","E","R","E","T","M","R","$","M","E","R","BOSS"],"items_purchased_type":["Card","Relic","Relic","Card"],"build_version":"2020-12-22","purchased_purges":2,"victory":false,"max_hp_per_floor":[82,82,82,82,82,82,82,82,82,82,82,82,82,82,82,82,82,82,82,82,82,82,82,82,82,82,82,82,82,82,82,82,82,82,82,82,82,82,82,82,82,82,82,84,84,84,86,88,88,88,88],"card_choices":[{"not_picked":["Iron Wave","Abandon"],"picked":"AT_BodySlamDance","floor":1.0},{"not_picked":["Warcry","Infernal Blade"],"picked":"ReplayTheSpireMod:Stacked","floor":4.0},{"not_picked":["Clash","AT_IchimonjiDouble","Second Wind"],"picked":"SKIP","floor":8.0},{"not_picked":["Berserk","Impervious"],"picked":"REME_TheLastStrike","floor":16.0},{"not_picked":["Clothesline","Anger","Headbutt"],"picked":"SKIP","floor":18.0},{"not_picked":["AT_ManFootWork","Rampage"],"picked":"Headbutt","floor":21.0},{"not_picked":["Havoc","Twin Strike"],"picked":"AT_DrawKnifeCut+1","floor":24.0},{"not_picked":["Armaments","Flex"],"picked":"Replay:Undeath\u0027s Touch","floor":25.0},{"not_picked":["Blood for Blood","Heavy Blade+1","Hemogenesis"],"picked":"SKIP","floor":29.0},{"not_picked":["Havoc","True Grit","Armaments"],"picked":"SKIP","floor":31.0},{"not_picked":["Berserk","Impervious"],"picked":"REME_ACTH","floor":33.0},{"not_picked":["Iron Wave","Cleave+1","Sword Boomerang"],"picked":"SKIP","floor":35.0},{"not_picked":["Clash","Dropkick","AT_DiedThrough"],"picked":"SKIP","floor":36.0},{"not_picked":["Clash","Clothesline","Perfected Strike"],"picked":"SKIP","floor":39.0},{"not_picked":["Cleave","Massacre","Pommel Strike"],"picked":"SKIP","floor":40.0},{"not_picked":["Life Link+1","ReplayTheSpireMod:LeadingStrike+1"],"picked":"REME_Scribble","floor":42.0},{"not_picked":["AT_BodySlamDance","Flex+1"],"picked":"Offering","floor":44.0},{"not_picked":["Heavy Blade","ReplayTheSpireMod:Stacked"],"picked":"AT_ShrugMaster","floor":47.0},{"not_picked":["Twin Strike","Dropkick+1"],"picked":"Offering","floor":48}],"player_experience":607959,"relics_obtained":[{"floor":4.0,"key":"Guardian:PocketSentry"},{"floor":9.0,"key":"AT_SilvercatRing"},{"floor":13.0,"key":"Ring of Panic"},{"floor":26.0,"key":"Oddly Smooth Stone"},{"floor":40.0,"key":"Regal Pillow"},{"floor":42.0,"key":"Lizard Tail"},{"floor":43.0,"key":"Chameleon Ring"},{"floor":48,"key":"MawBank"}],"event_choices":[{"damage_healed":0.0,"max_hp_gain":0.0,"max_hp_loss":0.0,"gold_gain":0.0,"event_name":"Addict","player_choice":"Obtained Relic","floor":19.0,"gold_loss":85.0,"damage_taken":0.0,"relics_obtained":["Paper Frog"]},{"damage_healed":0.0,"max_hp_gain":0.0,"max_hp_loss":0.0,"gold_gain":0.0,"event_name":"The Library","player_choice":"Read","floor":20.0,"gold_loss":0.0,"damage_taken":0.0,"cards_obtained":["REME_Cut"]},{"damage_healed":16.0,"max_hp_gain":0.0,"max_hp_loss":0.0,"gold_gain":0.0,"event_name":"Winding Halls","player_choice":"Writhe","floor":37.0,"gold_loss":0.0,"damage_taken":0.0,"cards_obtained":["Writhe"]},{"damage_healed":0.0,"max_hp_gain":0.0,"max_hp_loss":0.0,"gold_gain":50.0,"event_name":"Golden Shrine","player_choice":"Pray","floor":38.0,"gold_loss":0.0,"damage_taken":0.0}],"is_beta":false,"boss_relics":[{"not_picked":["Runic Dome","Replay:Bronze Core"],"picked":"Ring of Chaos"},{"not_picked":["reliquary:RedPaperclip","Philosopher\u0027s Stone"],"picked":"Black Blood"}],"items_purged_floors":[28,46],"is_endless":false,"potions_floor_spawned":[1,18,21,29,33,36,44,48],"killed_by":"Time Eater","ascension_level":20}}