{"host":"agl6880ykeaxaurv","time":1614092543,"event":{"mods":["AchievementEnabler","BaseMod","Colored Map","Colored Powertips","Downfall","Hermit","Highlight Path","Infinite Spire","Minty Spire (QoL Compilation)","Quick Restart","Robot Space Explorer","StSLib","The Cursed","The Disciple","The Runesmith","The Servant 0.9.4"],"gold_per_floor":[15,25,25,25,25,25,25,60,60,78,99,117,117,117],"floor_reached":13,"language":"ENG","playtime":374,"items_purged":[],"score":94,"play_id":"ae9062d0-0f62-4c1f-b614-0d0fd8b925a5","local_time":"20210223150223","is_ascension_mode":true,"campfire_choices":[{"floor":6,"key":"RECALL"}],"circlet_count":0,"master_deck":["Strike_R","Strike_R","Strike_R","Strike_R","Defend_R","Defend_R","Defend_R","Defend_R","Bash","Sword Boomerang","Pommel Strike","Barricade","infinitespire:DeathsTouch","Twin Strike","Shrug It Off","Shrug It Off","Flame Barrier"],"relics":["Burning Blood","Charon\u0027s Ashes","Golden Idol","infinitespire:ShieldingShard","Bottled Tornado","Frozen Egg 2"],"acts_visited":["Exordium"],"potions_floor_usage":[12,12],"damage_taken":[{"damage":6,"enemies":"Jaw Worm","floor":1,"turns":4},{"damage":8,"enemies":"Small Slimes","floor":2,"turns":3},{"damage":18,"enemies":"Lagavulin","floor":8,"turns":6},{"damage":0,"enemies":"2 Louse","floor":10,"turns":2},{"damage":7,"enemies":"Large Slime","floor":11,"turns":9},{"damage":11,"enemies":"Exordium Thugs","floor":12,"turns":2},{"damage":20,"enemies":"Gremlin Nob","floor":13,"turns":4}],"seed_played":"-2383093077380930905","potions_obtained":[{"floor":10,"key":"Slimebound:ThreeZeroPotion"},{"floor":11,"key":"Explosive Potion"}],"is_trial":false,"path_per_floor":["M","M","?","?","?","R","?","E","T","M","M","M","E"],"character_chosen":"IRONCLAD","items_purchased":[],"campfire_rested":0,"item_purchase_floors":[],"current_hp_per_floor":[80,78,58,58,37,37,30,18,18,24,23,18,0,0],"gold":117,"neow_bonus":"ONE_RARE_RELIC","is_daily":false,"chose_seed":false,"campfire_upgraded":0,"win_rate":0.0,"timestamp":1614092543,"path_taken":["M","M","?","?","?","R","?","E","T","M","M","M","E"],"items_purchased_type":[],"build_version":"2020-12-22","purchased_purges":0,"victory":false,"max_hp_per_floor":[80,80,80,80,80,80,80,80,80,80,80,80,80,80],"card_choices":[{"not_picked":["infinitespire:OneForAll","Rupture"],"picked":"Sword Boomerang","floor":1},{"not_picked":["infinitespire:OneForAll","Disarm"],"picked":"Pommel Strike","floor":2},{"not_picked":["infinitespire:FutureSight","infinitespire:Gouge"],"picked":"infinitespire:DeathsTouch","floor":5},{"not_picked":["Evolve","Cleave"],"picked":"Twin Strike","floor":8},{"not_picked":["Iron Wave","Perfected Strike"],"picked":"Shrug It Off","floor":10},{"not_picked":["Headbutt","Second Wind"],"picked":"Shrug It Off","floor":11},{"not_picked":["infinitespire:OneForAll","True Grit"],"picked":"Flame Barrier","floor":12}],"player_experience":312895,"relics_obtained":[{"floor":8,"key":"Bottled Tornado"},{"floor":9,"key":"Frozen Egg 2"}],"event_choices":[{"damage_healed":0,"gold_gain":0,"player_choice":"Take Damage","damage_taken":20,"relics_obtained":["Golden Idol"],"max_hp_gain":0,"max_hp_loss":0,"event_name":"Golden Idol","floor":3,"gold_loss":0},{"damage_healed":0,"gold_gain":0,"cards_transformed":["Strike_R"],"player_choice":"Change","damage_taken":0,"max_hp_gain":0,"max_hp_loss":0,"event_name":"Living Wall","floor":4,"gold_loss":0,"cards_obtained":["Barricade"]},{"damage_healed":0,"gold_gain":0,"player_choice":"Success","damage_taken":7,"relics_obtained":["infinitespire:ShieldingShard"],"max_hp_gain":0,"max_hp_loss":0,"event_name":"Scrap Ooze","floor":7,"gold_loss":0}],"is_beta":false,"boss_relics":[],"items_purged_floors":[],"is_endless":false,"potions_floor_spawned":[10,11],"killed_by":"Gremlin Nob","ascension_level":2}}