{"host":"hcfgv6p6h0ubjkk0","time":1614098294,"event":{"mods":["AchievementEnabler","BaseMod","Highlight Path","Minty Spire (QoL Compilation)","Quick Restart","Relic Stats","StSLib"],"gold_per_floor":[110,124,124,124,124,124,155,155,179,179,191,203,235,278,290,404,416,439,551,283,283,293,327,327,344,371,391,419,437,450,450,450,552,552,568,618,634,123,135,168,168,203,203,203,214,245,245,245,245,245],"floor_reached":51,"language":"ENG","playtime":1812,"items_purged":["Strike_R","Strike_R"],"score":1026,"play_id":"bce7cc5d-604e-4974-9f00-0218516d864d","local_time":"20210223163814","is_ascension_mode":true,"campfire_choices":[{"floor":6,"key":"REST"},{"data":"Uppercut","floor":8,"key":"SMITH"},{"floor":11,"key":"REST"},{"data":"Shrug It Off","floor":15,"key":"SMITH"},{"data":"Dropkick","floor":24,"key":"SMITH"},{"data":"Rupture","floor":32,"key":"SMITH"},{"data":"Metamorphosis","floor":41,"key":"SMITH"},{"floor":44,"key":"REST"},{"data":"Body Slam","floor":47,"key":"SMITH"},{"data":"Disarm","floor":49,"key":"SMITH"}],"circlet_count":0,"master_deck":["Strike_R+1","Strike_R+1","Defend_R","Defend_R","Defend_R","Defend_R","Bash+1","Offering+1","Cleave+1","Uppercut+1","Shrug It Off+1","Reaper","Shrug It Off","Dropkick+1","Combust+1","Corruption","Thunderclap","Rupture+1","Impervious","Metamorphosis+1","Disarm+1","Parasite","Body Slam+1","Heavy Blade+1"],"relics":["Burning Blood","Mercury Hourglass","Whetstone","Juzu Bracelet","MawBank","Eternal Feather","Busted Crown","Oddly Smooth Stone","Du-Vu Doll","Red Skull","Lantern","Empty Cage","Gambling Chip","Toolbox","Ancient Tea Set","Self Forming Clay","Nunchaku","Peace Pipe"],"acts_visited":["Exordium","TheCity","TheBeyond"],"potions_floor_usage":[33,50],"damage_taken":[{"damage":17,"enemies":"Small Slimes","floor":1,"turns":4},{"damage":13,"enemies":"Jaw Worm","floor":2,"turns":3},{"damage":31,"enemies":"Lagavulin","floor":7,"turns":5},{"damage":0,"enemies":"2 Louse","floor":13,"turns":2},{"damage":18,"enemies":"3 Sentries","floor":14,"turns":5},{"damage":45,"enemies":"Hexaghost","floor":16,"turns":10},{"damage":6,"enemies":"3 Byrds","floor":18,"turns":3},{"damage":11,"enemies":"Spheric Guardian","floor":22,"turns":4},{"damage":24,"enemies":"Book of Stabbing","floor":23,"turns":6},{"damage":9,"enemies":"Chosen and Byrds","floor":25,"turns":4},{"damage":27,"enemies":"Sentry and Sphere","floor":27,"turns":4},{"damage":18,"enemies":"Gremlin Leader","floor":28,"turns":4},{"damage":13,"enemies":"Snake Plant","floor":29,"turns":3},{"damage":17,"enemies":"Centurion and Healer","floor":30,"turns":3},{"damage":38,"enemies":"Automaton","floor":33,"turns":6},{"damage":10,"enemies":"Orb Walker","floor":35,"turns":5},{"damage":29,"enemies":"Mind Bloom Boss Battle","floor":36,"turns":6},{"damage":14,"enemies":"3 Darklings","floor":37,"turns":4},{"damage":11,"enemies":"Writhing Mass","floor":39,"turns":4},{"damage":33,"enemies":"Reptomancer","floor":40,"turns":4},{"damage":38,"enemies":"Nemesis","floor":42,"turns":5},{"damage":18,"enemies":"Jaw Worm Horde","floor":45,"turns":3},{"damage":9,"enemies":"Giant Head","floor":46,"turns":4},{"damage":61,"enemies":"Awakened One","floor":50,"turns":7}],"seed_played":"1630902483827685316","potions_obtained":[{"floor":1,"key":"FearPotion"},{"floor":2,"key":"FearPotion"},{"floor":14,"key":"Swift Potion"},{"floor":18,"key":"PowerPotion"},{"floor":27,"key":"Block Potion"},{"floor":35,"key":"DuplicationPotion"},{"floor":36,"key":"PowerPotion"}],"is_trial":false,"path_per_floor":["M","M","?","?","T","R","E","R","T","?","R","?","M","E","R","B",null,"M","?","$","?","M","E","R","M","T","M","E","M","M","?","R","B",null,"M","?","M","$","M","E","R","E","T","R","M","E","R","?","R","B",null],"character_chosen":"IRONCLAD","items_purchased":["Oddly Smooth Stone","Shrug It Off","Metamorphosis","Disarm","Toolbox"],"campfire_rested":3,"item_purchase_floors":[20,20,38,38,38],"current_hp_per_floor":[45,38,22,22,22,46,21,21,21,21,45,45,51,39,48,9,62,71,71,71,71,66,48,57,63,63,47,59,52,41,41,53,33,68,70,59,51,51,46,43,55,24,24,60,48,45,57,57,69,34],"gold":245,"neow_bonus":"THREE_RARE_CARDS","is_daily":false,"chose_seed":false,"campfire_upgraded":7,"win_rate":0.0,"timestamp":1614098294,"path_taken":["M","M","?","?","?","R","E","R","T","?","R","?","M","E","R","BOSS","M","?","?","?","M","E","R","M","T","M","E","M","M","?","R","BOSS","M","?","M","$","M","E","R","E","T","R","M","E","R","?","R","BOSS"],"items_purchased_type":["Relic","Card","Card","Card","Relic"],"build_version":"2020-12-22","purchased_purges":2,"victory":true,"max_hp_per_floor":[80,80,80,80,80,80,80,80,80,80,80,80,80,80,80,80,80,80,80,80,80,80,80,80,80,80,80,80,80,80,80,80,80,80,80,80,80,80,80,80,80,80,80,80,80,80,80,80,80,80],"relic_stats":{"counters":[24,106],"Self Forming Clay":[54],"Eternal Feather":78,"Juzu Bracelet":2,"Whetstone":["Strike_R","Cleave"],"MawBank":120,"Burning Blood":144,"Mercury Hourglass":[373],"Peace Pipe":0,"Nunchaku":[4],"Busted Crown":34,"Gambling Chip":[17],"obtain_stats":[{"Lantern":28,"Self Forming Clay":42,"Oddly Smooth Stone":20,"Eternal Feather":14,"Juzu Bracelet":9,"Whetstone":7,"MawBank":10,"Empty Cage":34,"Ancient Tea Set":40,"Burning Blood":0,"Mercury Hourglass":5,"Du-Vu Doll":23,"Peace Pipe":46,"Nunchaku":43,"Busted Crown":17,"Gambling Chip":36,"Toolbox":38,"Red Skull":26},{"Lantern":12,"Self Forming Clay":21,"Oddly Smooth Stone":7,"Eternal Feather":5,"Juzu Bracelet":3,"Whetstone":3,"MawBank":3,"Empty Cage":15,"Ancient Tea Set":20,"Burning Blood":0,"Mercury Hourglass":2,"Du-Vu Doll":9,"Peace Pipe":23,"Nunchaku":21,"Busted Crown":6,"Gambling Chip":17,"Toolbox":18,"Red Skull":10},{"Lantern":53,"Self Forming Clay":92,"Oddly Smooth Stone":32,"Eternal Feather":19,"Juzu Bracelet":12,"Whetstone":12,"MawBank":12,"Empty Cage":65,"Ancient Tea Set":87,"Burning Blood":0,"Mercury Hourglass":7,"Du-Vu Doll":41,"Peace Pipe":99,"Nunchaku":92,"Busted Crown":29,"Gambling Chip":75,"Toolbox":79,"Red Skull":45}]},"card_choices":[{"not_picked":["Corruption","Barricade"],"picked":"Offering","floor":0},{"not_picked":["Feel No Pain","Burning Pact"],"picked":"Thunderclap","floor":1},{"not_picked":["Perfected Strike","Armaments"],"picked":"Cleave","floor":2},{"not_picked":["Perfected Strike","Dark Embrace"],"picked":"Uppercut","floor":7},{"not_picked":["Havoc","Clash"],"picked":"Shrug It Off","floor":13},{"not_picked":["Havoc","Clash","Second Wind"],"picked":"SKIP","floor":14},{"not_picked":["Corruption","Berserk"],"picked":"Reaper","floor":16},{"not_picked":["Iron Wave+1"],"picked":"SKIP","floor":18},{"not_picked":["Headbutt+1"],"picked":"SKIP","floor":22},{"not_picked":[],"picked":"Dropkick","floor":23},{"not_picked":[],"picked":"Combust+1","floor":25},{"not_picked":["Perfected Strike"],"picked":"SKIP","floor":27},{"not_picked":[],"picked":"Corruption","floor":28},{"not_picked":[],"picked":"Thunderclap","floor":29},{"not_picked":["Armaments"],"picked":"SKIP","floor":30},{"not_picked":[],"picked":"Impervious","floor":33},{"not_picked":["Carnage+1"],"picked":"SKIP","floor":35},{"not_picked":["Clash"],"picked":"SKIP","floor":37},{"not_picked":["Clothesline"],"picked":"SKIP","floor":39},{"not_picked":["Whirlwind"],"picked":"SKIP","floor":40},{"not_picked":[],"picked":"Body Slam","floor":42},{"not_picked":[],"picked":"Heavy Blade+1","floor":45},{"not_picked":["Sword Boomerang"],"picked":"SKIP","floor":46}],"player_experience":213591,"relics_obtained":[{"floor":5,"key":"Mercury Hourglass"},{"floor":7,"key":"Whetstone"},{"floor":9,"key":"Juzu Bracelet"},{"floor":14,"key":"Eternal Feather"},{"floor":23,"key":"Du-Vu Doll"},{"floor":26,"key":"Red Skull"},{"floor":28,"key":"Lantern"},{"floor":36,"key":"Gambling Chip"},{"floor":40,"key":"Ancient Tea Set"},{"floor":42,"key":"Self Forming Clay"},{"floor":43,"key":"Nunchaku"},{"floor":46,"key":"Peace Pipe"}],"event_choices":[{"damage_healed":0,"gold_gain":0,"player_choice":"Entered Light","damage_taken":16,"max_hp_gain":0,"max_hp_loss":0,"event_name":"Shining Light","floor":3,"gold_loss":0,"cards_upgraded":["Offering","Strike_R"]},{"damage_healed":0,"gold_gain":0,"player_choice":"Ignored","damage_taken":0,"max_hp_gain":0,"max_hp_loss":0,"event_name":"Liars Game","floor":4,"gold_loss":0},{"damage_healed":0,"gold_gain":0,"player_choice":"Searched \u00272\u0027 times","damage_taken":0,"relics_obtained":["MawBank"],"max_hp_gain":0,"max_hp_loss":0,"event_name":"Dead Adventurer","floor":10,"gold_loss":0},{"damage_healed":0,"gold_gain":0,"player_choice":"Forge","damage_taken":0,"max_hp_gain":0,"max_hp_loss":0,"event_name":"Accursed Blacksmith","floor":12,"gold_loss":0,"cards_upgraded":["Bash"]},{"damage_healed":0,"gold_gain":100,"player_choice":"Pray","damage_taken":0,"max_hp_gain":0,"max_hp_loss":0,"event_name":"Golden Shrine","floor":19,"gold_loss":0},{"damage_healed":0,"gold_gain":0,"player_choice":"Ignored","damage_taken":0,"max_hp_gain":0,"max_hp_loss":0,"event_name":"Ghosts","floor":21,"gold_loss":0},{"damage_healed":0,"gold_gain":0,"player_choice":"Read","damage_taken":0,"max_hp_gain":0,"max_hp_loss":0,"event_name":"The Library","floor":31,"gold_loss":0,"cards_obtained":["Rupture"]},{"damage_healed":0,"gold_gain":0,"player_choice":"Fight","damage_taken":0,"max_hp_gain":0,"max_hp_loss":0,"event_name":"MindBloom","floor":36,"gold_loss":0},{"damage_healed":0,"gold_gain":0,"player_choice":"Ignored","damage_taken":0,"max_hp_gain":0,"max_hp_loss":0,"event_name":"Tomb of Lord Red Mask","floor":48,"gold_loss":0}],"is_beta":false,"boss_relics":[{"not_picked":["Pandora\u0027s Box","Mark of Pain"],"picked":"Busted Crown"},{"not_picked":["Sozu","Philosopher\u0027s Stone"],"picked":"Empty Cage"}],"items_purged_floors":[20,38],"is_endless":false,"potions_floor_spawned":[1,2,14,18,27,28,29,30,35,36,42,45,46],"ascension_level":5}}