{"host":"s41rn2jhghpwfrvz","time":1614119073,"event":{"mods":["BaseMod","Minty Spire (QoL Compilation)","Quick Restart","Relic Stats","SuperFastMode"],"gold_per_floor":[117,42,42,61,81,110,110,144,144,163,163,188,208,243,243,320,320,332,332,257,275,287,287,287],"floor_reached":23,"language":"ENG","playtime":954,"items_purged":["Writhe"],"score":542,"play_id":"eeac928b-b2d6-461c-8027-39d8391ef875","local_time":"20210224002433","daily_mods":["SealedDeck","Diverse","Elite Swarm"],"is_ascension_mode":true,"campfire_choices":[{"data":"Flex","floor":7,"key":"SMITH"},{"data":"Scrawl","floor":11,"key":"SMITH"},{"data":"Berserk","floor":15,"key":"SMITH"}],"circlet_count":0,"master_deck":["AscendersBane","Flying Knee","CutThroughFate","CrushJoints","Streamline","Shrug It Off","Flex+1","Pommel Strike","Sanctity","Undo","Backflip","Scrawl+1","Berserk+1","Blur","Feel No Pain+1"],"relics":["Burning Blood","Ornamental Fan","Charon\u0027s Ashes","Mango","Kunai","Juzu Bracelet","Runic Pyramid","WingedGreaves"],"acts_visited":["Exordium","TheCity"],"potions_floor_usage":[16,16],"damage_taken":[{"damage":0,"enemies":"Small Slimes","floor":1,"turns":4},{"damage":0,"enemies":"2 Louse","floor":4,"turns":3},{"damage":0,"enemies":"Jaw Worm","floor":5,"turns":3},{"damage":16,"enemies":"Lagavulin","floor":6,"turns":5},{"damage":38,"enemies":"3 Sentries","floor":8,"turns":11},{"damage":0,"enemies":"Looter","floor":10,"turns":3},{"damage":8,"enemies":"Lagavulin","floor":12,"turns":6},{"damage":0,"enemies":"Exordium Thugs","floor":13,"turns":3},{"damage":4,"enemies":"Gremlin Nob","floor":14,"turns":3},{"damage":0,"enemies":"Hexaghost","floor":16,"turns":7},{"damage":0,"enemies":"Chosen","floor":18,"turns":3},{"damage":19,"enemies":"Shell Parasite","floor":21,"turns":5},{"damage":19,"enemies":"Snake Plant","floor":22,"turns":4},{"damage":4,"enemies":"Book of Stabbing","floor":23,"turns":3}],"seed_played":"6270669185694229504","potions_obtained":[{"floor":1,"key":"Weak Potion"},{"floor":4,"key":"CultistPotion"},{"floor":8,"key":"DuplicationPotion"},{"floor":16,"key":"Swift Potion"},{"floor":22,"key":"Strength Potion"}],"is_trial":true,"path_per_floor":["M","?","?","M","M","E","R","E","T","M","R","E","M","E","R","B",null,"M","?","$","M","M","E"],"character_chosen":"IRONCLAD","items_purchased":[],"campfire_rested":0,"item_purchase_floors":[],"current_hp_per_floor":[74,74,79,80,80,70,70,38,52,58,58,56,62,64,64,70,88,94,94,94,81,68,64,64],"gold":287,"neow_bonus":"","is_daily":false,"chose_seed":false,"campfire_upgraded":3,"win_rate":0.0,"timestamp":1614119073,"path_taken":["M","?","?","M","M","E","R","E","T","M","R","E","M","E","R","BOSS","M","?","$","M","M","E"],"items_purchased_type":[],"build_version":"2020-12-22","purchased_purges":1,"victory":false,"max_hp_per_floor":[75,75,80,80,80,80,80,80,94,94,94,94,94,94,94,94,94,94,94,94,94,94,94,94],"relic_stats":{"counters":[14,63],"Ornamental Fan":[40],"Charon\u0027s Ashes":[42],"Juzu Bracelet":0,"Kunai":[7],"obtain_stats":[{"Ornamental Fan":6,"Mango":9,"Charon\u0027s Ashes":8,"WingedGreaves":19,"Juzu Bracelet":14,"Kunai":12,"Burning Blood":0,"Runic Pyramid":17},{"Ornamental Fan":4,"Mango":5,"Charon\u0027s Ashes":5,"WingedGreaves":11,"Juzu Bracelet":9,"Kunai":7,"Burning Blood":0,"Runic Pyramid":10},{"Ornamental Fan":15,"Mango":26,"Charon\u0027s Ashes":26,"WingedGreaves":51,"Juzu Bracelet":41,"Kunai":35,"Burning Blood":0,"Runic Pyramid":48}],"Burning Blood":67},"card_choices":[{"not_picked":["Clothesline","MentalFortress","Evaluate"],"picked":"SKIP","floor":1},{"not_picked":["Wallop","Streamline","Gash"],"picked":"SKIP","floor":4},{"not_picked":["Prepared","CrushJoints"],"picked":"Backflip","floor":5},{"not_picked":["Demon Form","Machine Learning"],"picked":"Scrawl","floor":6},{"not_picked":["Hyperbeam","Meteor Strike"],"picked":"Berserk","floor":8},{"not_picked":["Dagger Spray","Power Through","Uppercut"],"picked":"SKIP","floor":10},{"not_picked":["Brutality","Glass Knife","Machine Learning"],"picked":"SKIP","floor":12},{"not_picked":["Reprogram","Crescendo"],"picked":"Blur","floor":13},{"not_picked":["Double Tap","Glass Knife","Biased Cognition"],"picked":"SKIP","floor":14},{"not_picked":["Double Tap","Glass Knife","Biased Cognition"],"picked":"SKIP","floor":14},{"not_picked":["ClearTheMind","Armaments","Reprogram"],"picked":"SKIP","floor":18},{"not_picked":["Power Through+1","Go for the Eyes","Eviscerate"],"picked":"SKIP","floor":21},{"not_picked":["Beam Cell+1","Streamline"],"picked":"Feel No Pain+1","floor":22}],"player_experience":1998401,"relics_obtained":[{"floor":6,"key":"Ornamental Fan"},{"floor":8,"key":"Charon\u0027s Ashes"},{"floor":9,"key":"Mango"},{"floor":12,"key":"Kunai"},{"floor":14,"key":"Juzu Bracelet"}],"event_choices":[{"cards_removed":["Outmaneuver"],"damage_healed":0,"gold_gain":0,"player_choice":"Card Removal","damage_taken":0,"max_hp_gain":0,"max_hp_loss":0,"event_name":"The Cleric","floor":2,"gold_loss":75},{"damage_healed":0,"gold_gain":0,"player_choice":"Donut","damage_taken":0,"max_hp_gain":5,"max_hp_loss":0,"event_name":"Big Fish","floor":3,"gold_loss":0},{"damage_healed":0,"gold_gain":0,"player_choice":"Opened","damage_taken":0,"relics_obtained":["WingedGreaves"],"max_hp_gain":0,"max_hp_loss":0,"event_name":"The Mausoleum","floor":19,"gold_loss":0,"cards_obtained":["Writhe"]}],"is_beta":false,"boss_relics":[{"not_picked":["Coffee Dripper","SacredBark"],"picked":"Runic Pyramid"}],"items_purged_floors":[20],"is_endless":false,"potions_floor_spawned":[1,4,8,14,16,22],"killed_by":"Book of Stabbing","ascension_level":20}}