{"host":"rfvxwqmjnimh09wr","time":1614041474,"event":{"mods":["BaseMod","Colored Map","Minty Spire (QoL Compilation)","Spire with Friends","StSLib"],"gold_per_floor":[112,122,7,7,21,32,44,71,71,71,71,82,116,116,116,116,217,217,230,250,263,10,23,51,51,51,120,140,140,150,150,160,160,160,265,265,279,7,27,27,39,39,49,49,101,151,198,213,213,26,26,26,26,26,26,26,55,55,55],"floor_reached":60,"language":"ENG","playtime":4675,"items_purged":["Strike_B"],"score":1151,"play_id":"48b3cf98-d931-486c-954a-cc83d50c6db8","local_time":"20210222195114","is_ascension_mode":false,"campfire_choices":[{"floor":10,"key":"REST"},{"floor":16,"key":"REST"},{"floor":25,"key":"RECALL"},{"floor":29,"key":"REST"},{"floor":34,"key":"REST"},{"data":"Defragment","floor":42,"key":"SMITH"},{"floor":44,"key":"REST"},{"floor":52,"key":"REST"},{"data":"Defragment","floor":55,"key":"SMITH"}],"circlet_count":0,"master_deck":["Strike_B","Strike_B","Strike_B","Defend_B","Defend_B+1","Defend_B","Defend_B","Zap","Dualcast","Shiv","Shiv","Shiv","Cold Snap","Glacier+1","Storm","Ball Lightning","Streamline","Hello World","Gash","Electrodynamics","Lockon","Conserve Battery","Electrodynamics","Leap","Conserve Battery","Compile Driver","Steam","Lockon","Rip and Tear","Fission","Gash+1","Defragment+1","Mayhem","Barrage","Recycle","Defragment+1","Hologram+1","Finesse","Thunder Strike","Go for the Eyes+1"],"relics":["Inserter","Toy Ornithopter","White Beast Statue","Ginger","Busted Crown","Mummified Hand","Lantern","Pear","Snecko Eye","Smiling Mask","Torii","Ice Cream","StoneCalendar"],"acts_visited":["Exordium","TheCity","TheBeyond","TheEnding"],"potions_floor_usage":[6,7,7,17,17,20,21,23,24,30,35,37,39,41,46,47,47,47,59,59],"damage_taken":[{"damage":1,"enemies":"Jaw Worm","floor":1,"turns":3},{"damage":2,"enemies":"Cultist","floor":2,"turns":4},{"damage":0,"enemies":"2 Louse","floor":5,"turns":3},{"damage":4,"enemies":"Lots of Slimes","floor":6,"turns":4},{"damage":6,"enemies":"2 Fungi Beasts","floor":7,"turns":4},{"damage":21,"enemies":"3 Sentries","floor":8,"turns":7},{"damage":3,"enemies":"Looter","floor":12,"turns":2},{"damage":73,"enemies":"Gremlin Nob","floor":13,"turns":6},{"damage":43,"enemies":"The Guardian","floor":17,"turns":10},{"damage":3,"enemies":"3 Byrds","floor":19,"turns":4},{"damage":0,"enemies":"Chosen","floor":20,"turns":4},{"damage":10,"enemies":"3 Cultists","floor":21,"turns":4},{"damage":3,"enemies":"Snecko","floor":23,"turns":4},{"damage":17,"enemies":"Book of Stabbing","floor":24,"turns":5},{"damage":28,"enemies":"Snake Plant","floor":28,"turns":5},{"damage":19,"enemies":"Cultist and Chosen","floor":30,"turns":7},{"damage":8,"enemies":"Shelled Parasite and Fungi","floor":32,"turns":4},{"damage":76,"enemies":"Automaton","floor":35,"turns":11},{"damage":39,"enemies":"3 Darklings","floor":37,"turns":5},{"damage":8,"enemies":"3 Shapes","floor":39,"turns":2},{"damage":0,"enemies":"Transient","floor":41,"turns":5},{"damage":18,"enemies":"Spire Growth","floor":43,"turns":4},{"damage":15,"enemies":"Mind Bloom Boss Battle","floor":46,"turns":7},{"damage":30,"enemies":"2 Orb Walkers","floor":47,"turns":4},{"damage":6,"enemies":"Jaw Worm Horde","floor":48,"turns":3},{"damage":33,"enemies":"Time Eater","floor":53,"turns":12},{"damage":51,"enemies":"Shield and Spear","floor":57,"turns":6},{"damage":125,"enemies":"The Heart","floor":59,"turns":10}],"seed_played":"-5258741768713209585","potions_obtained":[{"floor":2,"key":"SkillPotion"},{"floor":5,"key":"EntropicBrew"},{"floor":7,"key":"Dexterity Potion"},{"floor":12,"key":"FairyPotion"},{"floor":13,"key":"FairyPotion"},{"floor":17,"key":"CultistPotion"},{"floor":19,"key":"Swift Potion"},{"floor":20,"key":"LiquidBronze"},{"floor":21,"key":"Strength Potion"},{"floor":23,"key":"DuplicationPotion"},{"floor":24,"key":"FairyPotion"},{"floor":28,"key":"AttackPotion"},{"floor":30,"key":"Weak Potion"},{"floor":32,"key":"AttackPotion"},{"floor":35,"key":"DuplicationPotion"},{"floor":37,"key":"Swift Potion"},{"floor":39,"key":"Swift Potion"},{"floor":41,"key":"DuplicationPotion"},{"floor":43,"key":"EntropicBrew"},{"floor":46,"key":"Explosive Potion"},{"floor":47,"key":"SmokeBomb"},{"floor":57,"key":"PowerPotion"}],"is_trial":false,"path_per_floor":["M","M","$","?","M","M","M","E","T","R","T","M","E","C","C","R","B",null,"M","M","M","$","M","E","R","C","T","M","R","M","?","M","C","R","B",null,"M","$","M","?","M","R","M","R","T","?","?","M","?","$","C","R","B",null,"R","$","E","C","B",null],"character_chosen":"DEFECT","items_purchased":["Storm","Ball Lightning","Mummified Hand","Defragment","Mayhem","Barrage","Thunder Strike"],"campfire_rested":6,"item_purchase_floors":[3,3,22,38,38,38,50],"current_hp_per_floor":[74,72,72,57,57,53,47,26,26,48,48,45,22,22,22,44,11,75,72,75,65,65,67,55,55,55,65,37,62,48,32,24,24,51,7,90,51,51,48,48,53,53,35,62,62,52,37,31,31,31,31,58,25,90,90,90,39,39,10],"gold":55,"neow_bonus":"","is_daily":false,"chose_seed":true,"campfire_upgraded":2,"win_rate":0.0,"timestamp":1614041474,"path_taken":["M","M","$","?","M","M","M","E","T","R","?","M","E","C","C","R","BOSS","M","M","M","$","M","E","R","C","T","M","R","M","?","M","C","R","BOSS","M","$","M","?","?","R","M","R","T","?","?","M","?","?","C","R","BOSS","R","$","E","C","BOSS"],"items_purchased_type":["Card","Card","Relic","Card","Card","Card","Card"],"build_version":"2020-12-22","purchased_purges":1,"victory":true,"max_hp_per_floor":[75,75,75,75,75,75,75,75,75,75,75,75,75,75,75,75,75,75,75,75,75,75,75,75,75,75,85,85,85,85,90,90,90,90,90,90,90,90,90,90,90,90,90,90,90,90,90,90,90,90,90,90,90,90,90,90,90,90,45],"card_choices":[{"not_picked":["Ball Lightning","Rip and Tear"],"picked":"Cold Snap","floor":1},{"not_picked":["Steam","Turbo"],"picked":"Glacier","floor":2},{"not_picked":["Steam","Ball Lightning"],"picked":"Streamline","floor":5},{"not_picked":["Capacitor","Go for the Eyes"],"picked":"Hello World","floor":6},{"not_picked":["Redo","Barrage"],"picked":"Gash","floor":7},{"not_picked":["Beam Cell","Barrage"],"picked":"Electrodynamics","floor":8},{"not_picked":["Storm","Rip and Tear"],"picked":"Lockon","floor":12},{"not_picked":["Gash","Hologram"],"picked":"Conserve Battery","floor":13},{"not_picked":["Seek","Biased Cognition"],"picked":"Electrodynamics","floor":17},{"not_picked":[],"picked":"Leap","floor":19},{"not_picked":["Streamline"],"picked":"SKIP","floor":20},{"not_picked":[],"picked":"Conserve Battery","floor":21},{"not_picked":[],"picked":"Compile Driver","floor":23},{"not_picked":["Beam Cell+1"],"picked":"SKIP","floor":24},{"not_picked":[],"picked":"Steam","floor":28},{"not_picked":[],"picked":"Lockon","floor":30},{"not_picked":[],"picked":"Rip and Tear","floor":32},{"not_picked":[],"picked":"Fission","floor":35},{"not_picked":[],"picked":"Gash+1","floor":37},{"not_picked":[],"picked":"Recycle","floor":39},{"not_picked":["Conserve Battery"],"picked":"SKIP","floor":41},{"not_picked":["Rebound+1"],"picked":"SKIP","floor":43},{"not_picked":[],"picked":"Hologram+1","floor":46},{"not_picked":["Rebound+1"],"picked":"SKIP","floor":48},{"not_picked":[],"picked":"Finesse","floor":49},{"not_picked":[],"picked":"Go for the Eyes+1","floor":57}],"player_experience":203863,"relics_obtained":[{"floor":8,"key":"Toy Ornithopter"},{"floor":11,"key":"White Beast Statue"},{"floor":13,"key":"Ginger"},{"floor":24,"key":"Lantern"},{"floor":27,"key":"Pear"},{"floor":45,"key":"Smiling Mask"},{"floor":46,"key":"Torii"},{"floor":47,"key":"Ice Cream"},{"floor":57,"key":"StoneCalendar"}],"event_choices":[{"damage_healed":0,"gold_gain":0,"player_choice":"Entered Light","damage_taken":15,"max_hp_gain":0,"max_hp_loss":0,"event_name":"Shining Light","floor":4,"gold_loss":0,"cards_upgraded":["Glacier","Defend_B"]},{"damage_healed":0,"gold_gain":0,"player_choice":"Shed Blood","damage_taken":21,"max_hp_gain":5,"max_hp_loss":0,"event_name":"Forgotten Altar","floor":31,"gold_loss":0},{"damage_healed":0,"gold_gain":0,"player_choice":"Copied","damage_taken":0,"max_hp_gain":0,"max_hp_loss":0,"event_name":"Duplicator","floor":40,"gold_loss":0,"cards_obtained":["Defragment"]},{"damage_healed":0,"gold_gain":0,"player_choice":"Fight","damage_taken":0,"max_hp_gain":0,"max_hp_loss":0,"event_name":"MindBloom","floor":46,"gold_loss":0},{"damage_healed":0,"gold_gain":0,"player_choice":"Fight","damage_taken":0,"max_hp_gain":0,"max_hp_loss":0,"event_name":"Mysterious Sphere","floor":47,"gold_loss":0},{"damage_healed":0,"gold_gain":0,"player_choice":"Memory 1","damage_taken":0,"max_hp_gain":0,"max_hp_loss":0,"event_name":"SensoryStone","floor":49,"gold_loss":0}],"is_beta":false,"boss_relics":[{"not_picked":["Ectoplasm","Runic Dome"],"picked":"Busted Crown"},{"not_picked":["Calling Bell","SlaversCollar"],"picked":"Snecko Eye"}],"items_purged_floors":[50],"is_endless":false,"potions_floor_spawned":[2,5,7,12,13,17,19,20,21,23,24,28,30,32,35,37,39,41,43,46,47,48,57],"ascension_level":0}}