{"host":"0ucmu30xnqs1j0i5","time":1614092414,"event":{"mods":["AchievementEnabler","BaseMod","Colored Map","Colored Powertips","Minty Spire (QoL Compilation)","Quick Restart","Remove Card Discount Mod"],"gold_per_floor":[126,6991,6991,7009,7029,7042,7042,6172,6172,6188,6223,5588,5621,5639,5639,5735,5735,5735,4812,4203,4158,4158,4158,4158,4158,4158,4158,4158,4158,4158,4158,4158,4158,4158,4158,4158,4158,3694,3694,3694,3543,3543,3543,3543,3543,3543,3543,3543,3543,3543,3543,3543,3155,3155,3155],"floor_reached":56,"language":"ZHS","playtime":3721,"items_purged":["Strike_R","Strike_R","Strike_R","Strike_R","Strike_R","Defend_R","Defend_R","Flex","Defend_R","Bash","Heavy Blade","Rampage","Limit Break","Rampage","Pommel Strike","Exhume","Armaments+1","Evolve"],"score":1565,"play_id":"25377717-6699-467a-8328-a41c4cd5351b","local_time":"20210223230014","is_ascension_mode":false,"campfire_choices":[{"data":"Master of Strategy","floor":7.0,"key":"SMITH"},{"data":"Inflame","floor":15,"key":"SMITH"},{"data":"Clash","floor":23,"key":"SMITH"},{"data":"Clash","floor":29,"key":"SMITH"},{"data":"Clash","floor":32,"key":"SMITH"},{"data":"Clash","floor":40,"key":"SMITH"},{"data":"Secret Technique","floor":42,"key":"SMITH"},{"floor":49,"key":"RECALL"},{"data":"Flex","floor":52,"key":"SMITH"}],"circlet_count":0,"master_deck":["Master of Strategy+1","Good Instincts+1","Panache","Clash+1","Inflame+1","Bloodletting","Flex+1","Clash+1","Dual Wield+1","Secret Technique+1","Dual Wield+1","Clash+1","Flex","Clash+1","Flex+1","Intimidate","Rage+1","Flex+1","Rage+1","Shrug It Off"],"relics":["Burning Blood","MawBank","WingedGreaves","Medical Kit","Bag of Marbles","Vajra","HandDrill","InkBottle","Frozen Eye","War Paint","Kunai","Chemical X","Nunchaku","Incense Burner","Bottled Tornado","Prayer Wheel","Ectoplasm","Orrery","Gremlin Horn","Shuriken","TungstenRod","Toy Ornithopter","DollysMirror","Ornamental Fan","Unceasing Top","Red Mask","Self Forming Clay","Philosopher\u0027s Stone","Membership Card","Du-Vu Doll","HornCleat","Lantern","Regal Pillow","Darkstone Periapt","Strawberry","Paper Frog","StoneCalendar","ClockworkSouvenir","Magic Flower"],"acts_visited":["Exordium","TheCity","TheBeyond","TheEnding"],"potions_floor_usage":[16,18,22,22,55,55,55],"damage_taken":[{"damage":2.0,"enemies":"2 Louse","floor":1.0,"turns":4.0},{"damage":0.0,"enemies":"Cultist","floor":4.0,"turns":2.0},{"damage":5.0,"enemies":"Small Slimes","floor":5.0,"turns":2.0},{"damage":14.0,"enemies":"Gremlin Gang","floor":6.0,"turns":4.0},{"damage":0.0,"enemies":"Lots of Slimes","floor":10.0,"turns":2.0},{"damage":0.0,"enemies":"Gremlin Nob","floor":11.0,"turns":2.0},{"damage":13.0,"enemies":"3 Sentries","floor":13.0,"turns":3.0},{"damage":1,"enemies":"3 Louse","floor":14,"turns":3},{"damage":29,"enemies":"Hexaghost","floor":16,"turns":3},{"damage":6,"enemies":"Chosen","floor":18,"turns":1},{"damage":7,"enemies":"2 Thieves","floor":21,"turns":3},{"damage":10,"enemies":"Snake Plant","floor":22,"turns":2},{"damage":11,"enemies":"Sentry and Sphere","floor":24,"turns":3},{"damage":2,"enemies":"Centurion and Healer","floor":25,"turns":2},{"damage":4,"enemies":"3 Cultists","floor":27,"turns":2},{"damage":0,"enemies":"Masked Bandits","floor":28,"turns":1},{"damage":0,"enemies":"Book of Stabbing","floor":30,"turns":1},{"damage":0,"enemies":"Snake Plant","floor":31,"turns":1},{"damage":2,"enemies":"Champ","floor":33,"turns":2},{"damage":13,"enemies":"Orb Walker","floor":35,"turns":2},{"damage":0,"enemies":"3 Shapes","floor":36,"turns":1},{"damage":0,"enemies":"Writhing Mass","floor":37,"turns":1},{"damage":2,"enemies":"Sphere and 2 Shapes","floor":39,"turns":2},{"damage":0,"enemies":"Jaw Worm Horde","floor":44,"turns":1},{"damage":2,"enemies":"Maw","floor":45,"turns":1},{"damage":0,"enemies":"Nemesis","floor":47,"turns":1},{"damage":4,"enemies":"Sphere and 2 Shapes","floor":48,"turns":1},{"damage":2,"enemies":"Donu and Deca","floor":50,"turns":1},{"damage":2,"enemies":"Shield and Spear","floor":54,"turns":1},{"damage":6,"enemies":"The Heart","floor":55,"turns":3}],"seed_played":"-1932337878495262060","potions_obtained":[{"floor":4.0,"key":"DuplicationPotion"},{"floor":5.0,"key":"SkillPotion"},{"floor":16,"key":"Dexterity Potion"},{"floor":18,"key":"Weak Potion"},{"floor":24,"key":"Fire Potion"},{"floor":27,"key":"Energy Potion"}],"is_trial":false,"path_per_floor":["M","$","?","M","M","M","R","$","T","M","E","$","E","M","R","B",null,"M","$","$","M","M","R","M","M","T","M","?","R","E","M","R","B",null,"M","M","M","$","M","R","$","R","T","M","M","?","E","M","R","B",null,"R","$","E","B",null],"character_chosen":"IRONCLAD","items_purchased":["Bag of Marbles","Vajra","HandDrill","Heavy Blade","Master of Strategy","Fruit Juice","SteroidPotion","DistilledChaos","Body Slam","Good Instincts","InkBottle","Frozen Eye","Panache","Clash","Inflame","Armaments","War Paint","Chemical X","Nunchaku","Incense Burner","Swift Potion","Orrery","Gremlin Horn","Shuriken","Evolve","Secret Technique","TungstenRod","Toy Ornithopter","DollysMirror","Membership Card","Du-Vu Doll","HornCleat","Intimidate","Lantern","Regal Pillow","Paper Frog","StoneCalendar","ClockworkSouvenir","Strength Potion","Shrug It Off"],"campfire_rested":0,"item_purchase_floors":[2,2,2,2,2,2,2,2,2,2,8,8,8,8,8,8,8,12,12,12,12,19,19,19,19,19,20,20,20,38,38,38,38,41,41,53,53,53,53,53],"current_hp_per_floor":[80,85,85,85,85,77,77,77,77,83,85,85,78,83,83,60,85,85,85,85,84,81,81,76,80,80,82,85,85,85,85,85,85,85,78,84,85,85,85,85,85,85,85,85,85,85,92,92,92,92,92,92,92,92,92],"gold":3155,"neow_bonus":"RANDOM_COMMON_RELIC","is_daily":false,"chose_seed":false,"campfire_upgraded":8,"win_rate":0.0,"timestamp":1614092414,"path_taken":["M","$","?","M","M","M","R","$","T","M","E","$","E","M","R","BOSS","M","$","$","M","M","R","M","M","T","M","?","R","E","M","R","BOSS","M","M","M","$","M","R","$","R","T","M","M","?","E","?","R","BOSS","R","$","E","BOSS"],"items_purchased_type":["Relic","Relic","Relic","Card","Card","Potion","Potion","Potion","Card","Card","Relic","Relic","Card","Card","Card","Card","Relic","Relic","Relic","Relic","Potion","Relic","Relic","Relic","Card","Card","Relic","Relic","Relic","Relic","Relic","Relic","Card","Relic","Relic","Relic","Relic","Relic","Potion","Card"],"build_version":"2020-12-22","purchased_purges":18,"victory":true,"max_hp_per_floor":[80,85,85,85,85,85,85,85,85,85,85,85,85,85,85,85,85,85,85,85,85,85,85,85,85,85,85,85,85,85,85,85,85,85,85,85,85,85,85,85,85,85,85,85,85,85,92,92,92,92,92,92,92,92,92],"card_choices":[{"not_picked":["Twin Strike","Rampage"],"picked":"Flex","floor":1.0},{"not_picked":["Battle Trance","Carnage","Armaments"],"picked":"SKIP","floor":4.0},{"not_picked":["Headbutt","Sword Boomerang"],"picked":"Rampage","floor":5.0},{"not_picked":["Second Wind","Thunderclap"],"picked":"Rampage","floor":6.0},{"not_picked":["Cleave","Feel No Pain","Pommel Strike"],"picked":"SKIP","floor":10.0},{"not_picked":["Twin Strike","Metallicize"],"picked":"Exhume","floor":11.0},{"not_picked":["Body Slam","Clothesline","Wild Strike"],"picked":"SKIP","floor":13.0},{"not_picked":["Shrug It Off","Seeing Red"],"picked":"Bloodletting","floor":14},{"not_picked":["Perfected Strike","Intimidate","Iron Wave"],"picked":"SKIP","floor":14},{"not_picked":["Barricade","Bludgeon"],"picked":"Limit Break","floor":16},{"not_picked":["Rage","Spot Weakness"],"picked":"Flex","floor":18},{"not_picked":["Entrench","Feel No Pain","Havoc"],"picked":"SKIP","floor":18},{"not_picked":["Berserk","Pommel Strike"],"picked":"Clash","floor":19},{"not_picked":["Warcry+1","Twin Strike+1"],"picked":"Dual Wield+1","floor":19},{"not_picked":["Flame Barrier","Armaments","Fire Breathing"],"picked":"SKIP","floor":21},{"not_picked":["Burning Pact","Flex","Inflame"],"picked":"SKIP","floor":21},{"not_picked":["Armaments","Heavy Blade+1"],"picked":"Clash","floor":22},{"not_picked":["Sentinel","Combust","Iron Wave"],"picked":"SKIP","floor":22},{"not_picked":["Pummel","Immolate"],"picked":"Flex","floor":24},{"not_picked":["Inflame","Fire Breathing","Havoc+1"],"picked":"SKIP","floor":24},{"not_picked":["Inflame","Fire Breathing","Havoc+1"],"picked":"SKIP","floor":24},{"not_picked":["True Grit","Inflame+1"],"picked":"Clash","floor":25},{"not_picked":["Twin Strike+1","Flame Barrier","Armaments"],"picked":"SKIP","floor":25},{"not_picked":["Burning Pact+1","Pommel Strike","Intimidate+1"],"picked":"SKIP","floor":27},{"not_picked":["Sword Boomerang","Anger+1","Wild Strike"],"picked":"SKIP","floor":27},{"not_picked":["Impervious","Warcry","Rampage"],"picked":"SKIP","floor":30},{"not_picked":["Uppercut+1","Headbutt","Rampage"],"picked":"SKIP","floor":31},{"not_picked":["Twin Strike","Warcry","Cleave+1"],"picked":"SKIP","floor":31},{"not_picked":["Power Through","Bloodletting"],"picked":"Flex+1","floor":35},{"not_picked":["Searing Blow","Armaments","Rampage"],"picked":"SKIP","floor":35},{"not_picked":["Power Through+1","True Grit","Wild Strike+1"],"picked":"SKIP","floor":36},{"not_picked":["Body Slam+1","Inflame","Armaments+1"],"picked":"SKIP","floor":36},{"not_picked":["Flex","Hemokinesis","Brutality"],"picked":"SKIP","floor":37},{"not_picked":["Armaments+1","Cleave+1","Clothesline"],"picked":"SKIP","floor":37},{"not_picked":["Entrench","Carnage"],"picked":"Rage+1","floor":39},{"not_picked":["Anger","Shrug It Off+1","Infernal Blade+1"],"picked":"SKIP","floor":39},{"not_picked":["Headbutt+1","Burning Pact","Heavy Blade+1"],"picked":"SKIP","floor":44},{"not_picked":["Heavy Blade","Rage","Wild Strike"],"picked":"SKIP","floor":44},{"not_picked":["Thunderclap+1","Feed"],"picked":"Flex+1","floor":45},{"not_picked":["Ghostly Armor+1","Thunderclap+1"],"picked":"Rage+1","floor":45},{"not_picked":["Heavy Blade","Pummel+1","Clash"],"picked":"SKIP","floor":47},{"not_picked":["Bloodletting","Combust","Flex"],"picked":"SKIP","floor":48},{"not_picked":["True Grit","Havoc","Metallicize+1"],"picked":"SKIP","floor":48},{"not_picked":["Anger","Cleave","Metallicize"],"picked":"SKIP","floor":54}],"player_experience":110330,"relics_obtained":[{"floor":11.0,"key":"Kunai"},{"floor":13.0,"key":"Bottled Tornado"},{"floor":26,"key":"Ornamental Fan"},{"floor":28,"key":"Red Mask"},{"floor":30,"key":"Self Forming Clay"},{"floor":43,"key":"Darkstone Periapt"},{"floor":47,"key":"Strawberry"},{"floor":54,"key":"Magic Flower"}],"event_choices":[{"damage_healed":0.0,"max_hp_gain":0.0,"max_hp_loss":0.0,"gold_gain":0.0,"cards_transformed":["Defend_R"],"event_name":"Living Wall","player_choice":"Change","floor":3.0,"gold_loss":0.0,"damage_taken":0.0,"cards_obtained":["Pommel Strike"]},{"damage_healed":0,"gold_gain":0,"player_choice":"Fought Bandits","damage_taken":0,"max_hp_gain":0,"max_hp_loss":0,"event_name":"Masked Bandits","floor":28,"gold_loss":0},{"damage_healed":0,"gold_gain":0,"player_choice":"Ignored","damage_taken":0,"max_hp_gain":0,"max_hp_loss":0,"event_name":"NoteForYourself","floor":46,"gold_loss":0}],"is_beta":false,"boss_relics":[{"not_picked":["Sozu","Cursed Key"],"picked":"Ectoplasm"},{"not_picked":["Runic Dome","Astrolabe"],"picked":"Philosopher\u0027s Stone"}],"items_purged_floors":[2,2,2,2,2,8,8,8,8,12,19,19,19,19,38,38,38,53],"is_endless":false,"potions_floor_spawned":[4,5,11,13,16,18,24,27,30,37,44,47,54],"ascension_level":0}}