{"host":"Sean","time":1614091547,"event":{"mods":["BaseMod","Block Reminder","Colored Map","Colored Powertips","Highlight Path","Minty Spire (QoL Compilation)","Permanent Neow","Relic Stats"],"gold_per_floor":[114,22,36,56,72,72,97,97,97,117,117,136,136,153,153,153,153],"floor_reached":16,"language":"ENG","playtime":989,"items_purged":[],"score":191,"play_id":"ca637e48-03e7-4a73-b12f-70b835d6efb8","local_time":"20210223144547","is_ascension_mode":true,"campfire_choices":[{"floor":6,"key":"REST"},{"data":"Feed","floor":8,"key":"SMITH"},{"floor":15,"key":"REST"}],"circlet_count":0,"master_deck":["AscendersBane","Bash","Shrug It Off","Fire Breathing","Burning Pact","Berserk","Feed+1","Perfected Strike","Iron Wave","Feel No Pain","Burning Pact","Pommel Strike","Pommel Strike","Cleave","Ghostly Armor","Pommel Strike","Twin Strike","Clothesline","Armaments","Juggernaut"],"relics":["Pandora\u0027s Box","MealTicket","Mummified Hand","Sundial"],"acts_visited":["Exordium"],"potions_floor_usage":[14,16,16],"damage_taken":[{"damage":14,"enemies":"Cultist","floor":1,"turns":5},{"damage":13,"enemies":"Small Slimes","floor":3,"turns":4},{"damage":14,"enemies":"Jaw Worm","floor":4,"turns":4},{"damage":24,"enemies":"Gremlin Gang","floor":5,"turns":5},{"damage":17,"enemies":"Lagavulin","floor":7,"turns":7},{"damage":23,"enemies":"Exordium Wildlife","floor":10,"turns":4},{"damage":0,"enemies":"Large Slime","floor":12,"turns":4},{"damage":7,"enemies":"Blue Slaver","floor":14,"turns":3},{"damage":37,"enemies":"Hexaghost","floor":16,"turns":7}],"seed_played":"-647926899162001955","potions_obtained":[{"floor":4,"key":"LiquidMemories"},{"floor":7,"key":"Weak Potion"},{"floor":14,"key":"SkillPotion"}],"is_trial":false,"path_per_floor":["M","$","M","M","M","R","E","R","T","M","?","M","T","M","R","B"],"character_chosen":"IRONCLAD","items_purchased":["Pommel Strike","Cleave"],"campfire_rested":2,"item_purchase_floors":[2,2],"current_hp_per_floor":[61,61,51,40,19,46,29,29,29,10,10,14,14,7,37,0,0],"gold":153,"neow_bonus":"BOSS_RELIC","is_daily":false,"chose_seed":false,"campfire_upgraded":1,"win_rate":0.0,"timestamp":1614091547,"path_taken":["M","?","M","M","?","R","E","R","T","M","?","?","?","?","R","BOSS"],"items_purchased_type":["Card","Card"],"build_version":"2020-12-18","purchased_purges":0,"victory":false,"max_hp_per_floor":[83,83,86,89,92,92,92,92,92,96,96,100,100,100,100,100,100],"relic_stats":{"counters":[9,43],"Mummified Hand":[10],"Sundial":[0],"Pandora\u0027s Box":["Shrug It Off","Fire Breathing","Burning Pact","Berserk","Feed","Perfected Strike","Iron Wave","Feel No Pain","Burning Pact"],"MealTicket":0,"obtain_stats":[{"Mummified Hand":9,"Sundial":13,"Pandora\u0027s Box":0,"MealTicket":7,"Burning Blood":0},{"Mummified Hand":5,"Sundial":7,"Pandora\u0027s Box":0,"MealTicket":5,"Burning Blood":0},{"Mummified Hand":25,"Sundial":33,"Pandora\u0027s Box":0,"MealTicket":25,"Burning Blood":0}]},"card_choices":[{"not_picked":["Inflame","Anger"],"picked":"Pommel Strike","floor":1},{"not_picked":["Whirlwind","Flex"],"picked":"Ghostly Armor","floor":3},{"not_picked":["Iron Wave","Havoc"],"picked":"Pommel Strike","floor":4},{"not_picked":["Warcry","Burning Pact"],"picked":"Twin Strike","floor":5},{"not_picked":["Sever Soul","Havoc"],"picked":"Clothesline","floor":7},{"not_picked":["Clothesline","Cleave"],"picked":"Armaments","floor":10},{"not_picked":["Perfected Strike","Pummel","Sword Boomerang"],"picked":"SKIP","floor":12},{"not_picked":["Clothesline","Anger"],"picked":"Juggernaut","floor":14}],"player_experience":599560,"relics_obtained":[{"floor":7,"key":"MealTicket"},{"floor":9,"key":"Mummified Hand"},{"floor":13,"key":"Sundial"}],"event_choices":[{"damage_healed":0,"gold_gain":0,"player_choice":"Bought 0 Potions","damage_taken":0,"max_hp_gain":0,"max_hp_loss":0,"event_name":"The Woman in Blue","floor":11,"gold_loss":0}],"is_beta":true,"boss_relics":[],"items_purged_floors":[],"is_endless":false,"potions_floor_spawned":[4,7,12,14],"killed_by":"Hexaghost","ascension_level":12}}