{"host":"1w49m7d9l6qfkfhx","time":1614056248,"event":{"mods":["BaseMod","Colored Map","Conspire","Hermit","Minty Spire (QoL Compilation)","Replay The Spire","StSLib","The Construct","The Cursed","The Disciple","The Servant 0.9.4","egg"],"gold_per_floor":[115,140,154,168,216,216,243,243,243,266,266,266,266,281,281,383,383,393,393,393,393,287,298,315,315,345,345,368,383,383,228,245,88,88,189,189,206,224,110,110,110,123,152,152,227,242,267,267,301,321,321,321,321,321,321,356,356],"floor_reached":58,"language":"ENG","playtime":22087,"items_purged":[],"score":1388,"play_id":"275d41b0-a61a-42c8-9f48-60ed205b6390","local_time":"20210222235728","is_ascension_mode":false,"campfire_choices":[{"data":"TheCursedMod:FleshFromBone","floor":6,"key":"SMITH"},{"floor":11,"key":"REST"},{"data":"TheCursedMod:CleanUpWorkshop","floor":13,"key":"SMITH"},{"data":"TheCursedMod:NeowsMight","floor":15,"key":"SMITH"},{"data":"TheCursedMod:DarkBarrier","floor":25,"key":"SMITH"},{"floor":27,"key":"REST"},{"data":"TheCursedMod:CursedWand","floor":30,"key":"SMITH"},{"data":"TheCursedMod:CollectTribute","floor":34,"key":"SMITH"},{"floor":44,"key":"RECALL"},{"floor":48,"key":"REST"},{"floor":51,"key":"REST"},{"floor":54,"key":"REST"}],"circlet_count":0,"master_deck":["TheCursedMod:Strike_TheCursed+1","TheCursedMod:CursedWand+1","TheCursedMod:CleanUpWorkshop+1","TheCursedMod:Dregs","TheCursedMod:SurpriseAttack","TheCursedMod:FleshFromBone+1","TheCursedMod:StunningStrike","ReplayTheSpireMod:Splinters","TheCursedMod:CursedStaff+1","TheCursedMod:LuckyCharm+1","TheCursedMod:NeowsMight+1","TheCursedMod:DarkBarrier+1","TheCursedMod:SurpriseAttack","TheCursedMod:Stigma","TheCursedMod:CollectTribute+1","TheCursedMod:SurpriseAttack+1","TheCursedMod:SpitefulPlan","TheCursedMod:SmokeScreen+1","TheCursedMod:FleshFromBone","TheCursedMod:LuckyCharm","TheCursedMod:ReleasedKnowledge+1","TheCursedMod:Wield+1","TheCursedMod:NeowsMight+1","TheCursedMod:ManaBullet","TheCursedMod:NeowsMight","TheCursedMod:WearCloak+1","Amnesia","ReplayTheSpireMod:Necrogeddon","ReplayTheSpireMod:Private Reserves","Amnesia","TheCursedMod:WearCloak+1","TheCursedMod:Mangle+1","TheCursedMod:OutForBlood","TheCursedMod:DemonicPact","TheCursedMod:SpitefulStrike","TheCursedMod:UltimatePain","TheCursedMod:SmokeScreen"],"relics":["TheCursedMod:BlackMagic101","Replay:PocketPolymizer","Bag of Preparation","Gremlin Food","Bronze Scales","Odd Mushroom","Ring of Chaos","Matryoshka","Bag of Marbles","Orichalcum","TheCursedMod:Tack","DollysMirror","Fusion Hammer","ReplayTheSpireMod:CursedCoin","ReplayTheSpireMod:Ring of Challenge","Eternal Feather","InkBottle","White Beast Statue","Replay:Ringing Soul","Snack Pack","Thread and Needle"],"acts_visited":["Exordium","TheCity","TheBeyond","TheEnding"],"potions_floor_usage":[16,26,42,57,57],"damage_taken":[{"damage":2,"enemies":"Cultist","floor":1,"turns":5},{"damage":0,"enemies":"2 Louse","floor":3,"turns":3},{"damage":0,"enemies":"Small Slimes","floor":4,"turns":4},{"damage":11,"enemies":"Lagavulin","floor":7,"turns":9},{"damage":13,"enemies":"The Mushroom Lair","floor":10,"turns":3},{"damage":0,"enemies":"Blue Slaver","floor":14,"turns":1},{"damage":14,"enemies":"Slime Boss","floor":16,"turns":11},{"damage":10,"enemies":"2 Thieves","floor":18,"turns":3},{"damage":0,"enemies":"Spheric Guardian","floor":23,"turns":3},{"damage":3,"enemies":"Cultist and Chosen","floor":24,"turns":5},{"damage":9,"enemies":"Replay:Snechameleon","floor":26,"turns":5},{"damage":0,"enemies":"Shelled Parasite and Fungi","floor":29,"turns":4},{"damage":0,"enemies":"Snecko","floor":32,"turns":4},{"damage":3,"enemies":"Collector","floor":35,"turns":13},{"damage":0,"enemies":"Orb Walker","floor":37,"turns":1},{"damage":0,"enemies":"3 Shapes","floor":38,"turns":2},{"damage":1,"enemies":"3 Darklings","floor":42,"turns":3},{"damage":0,"enemies":"R_Hoarder","floor":43,"turns":6},{"damage":0,"enemies":"Maw","floor":46,"turns":7},{"damage":0,"enemies":"Giant Head","floor":47,"turns":7},{"damage":0,"enemies":"R_Hoarder","floor":49,"turns":7},{"damage":2,"enemies":"Transient","floor":50,"turns":5},{"damage":1,"enemies":"Donu and Deca","floor":52,"turns":8},{"damage":0,"enemies":"Shield and Spear","floor":56,"turns":5},{"damage":13,"enemies":"The Heart","floor":57,"turns":7}],"seed_played":"4842506384820631406","potions_obtained":[{"floor":3,"key":"Block Potion"},{"floor":4,"key":"Venom Potion"},{"floor":5,"key":"LifebloodPotion"},{"floor":12,"key":"FairyPotion"},{"floor":16,"key":"Dexterity Potion"},{"floor":18,"key":"LiquidBronze"},{"floor":32,"key":"Fire Potion"},{"floor":43,"key":"Strength Potion"},{"floor":49,"key":"PowerPotion"},{"floor":50,"key":"PowerPotion"}],"is_trial":false,"path_per_floor":["M","T","M","M","?","R","E","$","T","?","R","?","R","M","R","B",null,"M","?","PTL","PTL","$","M","M","R","E","R","T","M","R","$","M","$","R","B",null,"M","M","$","?","?","M","E","R","T","M","E","R","E","M","R","B",null,"R","$","E","B",null],"character_chosen":"THE_CURSED","items_purchased":["TheCursedMod:SpitefulPlan","TheCursedMod:TroublousMinions","TheCursedMod:Tack","DollysMirror","ReplayTheSpireMod:CursedCoin","ReplayTheSpireMod:Necrogeddon","ReplayTheSpireMod:Private Reserves"],"campfire_rested":5,"item_purchase_floors":[22,22,31,33,39,39,39],"current_hp_per_floor":[73,73,73,73,73,73,62,62,62,49,71,71,71,71,71,57,75,65,65,65,65,65,65,62,62,53,75,75,75,75,75,75,75,75,72,75,75,75,75,75,75,74,74,75,75,75,78,78,81,81,84,84,84,87,87,87,82],"gold":356,"neow_bonus":"ONE_RARE_RELIC","is_daily":false,"chose_seed":false,"campfire_upgraded":6,"win_rate":0.0,"timestamp":1614056248,"path_taken":["M","?","M","M","?","R","E","$","T","?","R","?","R","M","R","BOSS","M","?","PTL","PTL","$","M","M","R","E","R","T","M","R","$","M","?","R","BOSS","M","M","$","?","?","M","E","R","T","M","E","R","E","M","R","BOSS","R","$","E","BOSS"],"items_purchased_type":["Card","Card","Relic","Relic","Relic","Card","Card"],"build_version":"2020-12-22","purchased_purges":0,"victory":true,"max_hp_per_floor":[75,75,75,75,75,75,75,75,75,75,75,75,75,75,75,75,75,75,75,75,75,75,75,75,75,75,75,75,75,75,75,75,75,75,75,75,75,75,75,75,75,75,75,75,75,75,78,78,81,81,84,84,84,87,87,87,87],"card_choices":[{"not_picked":["TheCursedMod:CursedMace","TheCursedMod:ReleasedKnowledge"],"picked":"TheCursedMod:SurpriseAttack","floor":1},{"not_picked":["TheCursedMod:CursedBlade","TheCursedMod:Stretching"],"picked":"TheCursedMod:FleshFromBone","floor":3},{"not_picked":["TheCursedMod:RavingStaff","TheCursedMod:WearCloak"],"picked":"TheCursedMod:StunningStrike","floor":4},{"not_picked":["TheCursedMod:CircleOfBlood","TheCursedMod:SoulCrush"],"picked":"TheCursedMod:LuckyCharm","floor":7},{"not_picked":["TheCursedMod:Stretching","TheCursedMod:Obscuration"],"picked":"TheCursedMod:SurpriseAttack","floor":14},{"not_picked":["TheCursedMod:Neurasthenia","TheCursedMod:UltimatePain"],"picked":"TheCursedMod:CollectTribute","floor":16},{"not_picked":["TheCursedMod:StingEye","TheCursedMod:Stigma"],"picked":"TheCursedMod:SurpriseAttack+1","floor":18},{"not_picked":["TheCursedMod:Torture","TheCursedMod:CursedStaff","TheCursedMod:BlessingInDisguise+1"],"picked":"SKIP","floor":23},{"not_picked":["TheCursedMod:CircleOfCorruption","TheCursedMod:TroublousMinions+1"],"picked":"TheCursedMod:SmokeScreen+1","floor":24},{"not_picked":["TheCursedMod:Stigma","TheCursedMod:Torture"],"picked":"TheCursedMod:FleshFromBone","floor":26},{"not_picked":["TheCursedMod:Torture","TheCursedMod:SoulCrush","TheCursedMod:WearCloak"],"picked":"SKIP","floor":29},{"not_picked":["TheCursedMod:DoubleShield","TheCursedMod:CircleOfWindfury"],"picked":"TheCursedMod:Wield+1","floor":32},{"not_picked":["TheCursedMod:CursedRelics","TheCursedMod:DarkBarrier"],"picked":"TheCursedMod:NeowsMight","floor":35},{"not_picked":["TheCursedMod:HellsGateOpen","TheCursedMod:CircleOfFocus"],"picked":"TheCursedMod:WearCloak+1","floor":37},{"not_picked":["TheCursedMod:Stigma","TheCursedMod:SoulCrush","TheCursedMod:Wield+1"],"picked":"SKIP","floor":38},{"not_picked":["TheCursedMod:Wield","TheCursedMod:SmokeScreen+1"],"picked":"TheCursedMod:WearCloak+1","floor":42},{"not_picked":["TheCursedMod:BloodBarrier","TheCursedMod:DoubleShield"],"picked":"TheCursedMod:Mangle","floor":43},{"not_picked":["TheCursedMod:CircleOfFlame+1","TheCursedMod:CircleOfAmplification+1"],"picked":"TheCursedMod:OutForBlood","floor":46},{"not_picked":["TheCursedMod:Obscuration+1","TheCursedMod:PrepareRite"],"picked":"TheCursedMod:DemonicPact","floor":47},{"not_picked":["TheCursedMod:CursedArmor","TheCursedMod:Obscuration"],"picked":"TheCursedMod:SpitefulStrike","floor":49},{"not_picked":["TheCursedMod:PrepareRite+1","TheCursedMod:CircleOfFlame","TheCursedMod:SpreadPlague"],"picked":"SKIP","floor":50},{"not_picked":["TheCursedMod:Stretching","TheCursedMod:Stigma+1","TheCursedMod:EmpowerCircles+1"],"picked":"SKIP","floor":56}],"player_experience":372529,"relics_obtained":[{"floor":2,"key":"Bag of Preparation"},{"floor":5,"key":"Gremlin Food"},{"floor":7,"key":"Bronze Scales"},{"floor":10,"key":"Odd Mushroom"},{"floor":26,"key":"Matryoshka"},{"floor":28,"key":"Bag of Marbles"},{"floor":28,"key":"Orichalcum"},{"floor":41,"key":"ReplayTheSpireMod:Ring of Challenge"},{"floor":43,"key":"Eternal Feather"},{"floor":45,"key":"InkBottle"},{"floor":45,"key":"White Beast Statue"},{"floor":47,"key":"Replay:Ringing Soul"},{"floor":49,"key":"Snack Pack"},{"floor":56,"key":"Thread and Needle"}],"event_choices":[{"damage_healed":0,"gold_gain":0,"player_choice":"Fought Mushrooms","damage_taken":0,"max_hp_gain":0,"max_hp_loss":0,"event_name":"Mushrooms","floor":10,"gold_loss":0},{"damage_healed":0,"gold_gain":0,"player_choice":"Got Potions","damage_taken":0,"max_hp_gain":0,"max_hp_loss":0,"event_name":"Lab","floor":12,"gold_loss":0},{"cards_removed":["TheCursedMod:Strike_TheCursed"],"damage_healed":0,"gold_gain":0,"player_choice":"Elegance","damage_taken":0,"max_hp_gain":0,"max_hp_loss":0,"event_name":"Back to Basics","floor":19,"gold_loss":0},{"damage_healed":0,"gold_gain":0,"player_choice":"Ignored","damage_taken":0,"max_hp_gain":0,"max_hp_loss":0,"event_name":"Tomb of Lord Red Mask","floor":40,"gold_loss":0}],"is_beta":false,"boss_relics":[{"not_picked":["construct:WeddingRing","TheCursedMod:FourLeafCloverCharm"],"picked":"Ring of Chaos"},{"not_picked":["Astrolabe","Painkiller Herb"],"picked":"Fusion Hammer"}],"items_purged_floors":[],"is_endless":false,"potions_floor_spawned":[3,4,16,18,24,32,43,46,47,49,50,56],"ascension_level":0}}