{"host":"z439itq93uucuvou","time":1614061593,"event":{"mods":["BaseMod","Colored Powertips","Downfall","Jorbs\u0027s Wanderer Trilogy","Minty Spire (QoL Compilation)","StSLib"],"gold_per_floor":[99,115,126,226,326,326,326,338,57,57,42,59,75,60,74,172,172,172,192,205,205,221,246,297,310,310,310,310],"floor_reached":26,"language":"ENG","playtime":2156,"items_purged":[],"score":284,"play_id":"5ef5353d-c248-45d4-9a07-69942fdf4f8b","local_time":"20210222222633","is_ascension_mode":true,"campfire_choices":[{"data":"champ:Taunt","floor":1,"key":"SMITH"},{"data":"champ:Execute","floor":6,"key":"SMITH"},{"data":"champ:ArenaPreparation","floor":10,"key":"SMITH"},{"data":"champ:UltimateStance","floor":18,"key":"SMITH"}],"circlet_count":0,"master_deck":["champ:Strike","champ:Strike","champ:Defend","champ:Defend","champ:Defend","champ:Defend","champ:Execute+1","champ:Taunt+1","champ:FocusedBerserking","champ:StanceDance+1","champ:HoldFirm","champ:PreciseThrust","champ:FancyFootwork","champ:HoldFirm","champ:ArenaPreparation+1","champ:CrookedStrike","champ:EndlessRage","champ:RageSigil","champ:PreemptiveStrike","champ:UltimateStance+1","champ:Lariat","champ:PreciseThrust+1","champ:TripleStrike","champ:DeathBlow","champ:DancingMaster"],"relics":["champ:ChampionCrown","Letter Opener","Runic Pyramid","Nloth\u0027s Gift","Mummified Hand","Guardian:PocketSentry"],"acts_visited":["Exordium","TheCity"],"potions_floor_usage":[5,16,22,23],"damage_taken":[{"damage":10,"enemies":"Small Slimes","floor":2,"turns":3},{"damage":10,"enemies":"2 Louse","floor":3,"turns":2},{"damage":57,"enemies":"downfall:Heads","floor":5,"turns":7},{"damage":6,"enemies":"Jaw Worm","floor":8,"turns":3},{"damage":30,"enemies":"downfall:FleeingMerchant","floor":9,"turns":4},{"damage":15,"enemies":"downfall:FleeingMerchant","floor":11,"turns":4},{"damage":10,"enemies":"Gremlin Gang","floor":12,"turns":4},{"damage":20,"enemies":"3 Louse","floor":13,"turns":3},{"damage":30,"enemies":"downfall:FleeingMerchant","floor":14,"turns":4},{"damage":46,"enemies":"Red Slaver","floor":15,"turns":3},{"damage":70,"enemies":"SI_SHIV_ARCHETYPE","floor":16,"turns":5},{"damage":37,"enemies":"Shell Parasite","floor":19,"turns":3},{"damage":39,"enemies":"Spheric Guardian","floor":20,"turns":4},{"damage":43,"enemies":"Snecko","floor":22,"turns":6},{"damage":77,"enemies":"Slavers","floor":23,"turns":8},{"damage":21,"enemies":"Snake Plant","floor":25,"turns":3},{"damage":67,"enemies":"Shelled Parasite and Fungi","floor":26,"turns":4}],"seed_played":"-666100581606492075","potions_obtained":[{"floor":3,"key":"Energy Potion"},{"floor":13,"key":"DuplicationPotion"},{"floor":15,"key":"Weak Potion"},{"floor":16,"key":"SkillPotion"},{"floor":20,"key":"champ:TechniquePotion"},{"floor":25,"key":"champ:OpenerPotion"}],"is_trial":false,"path_per_floor":["R","M","M","?","?","R","T","M","$","R","$","M","M","$","M","B",null,"R","M","M","?","M","E","T","M","M"],"character_chosen":"THE_CHAMP","items_purchased":["champ:ArenaPreparation","champ:CrookedStrike","Sling"],"campfire_rested":0,"item_purchase_floors":[9,9,9],"current_hp_per_floor":[99,99,99,99,57,57,57,56,56,56,56,56,56,56,55,55,99,99,97,83,83,75,38,38,37,0,0,0],"gold":310,"neow_bonus":"TEN_PERCENT_HP_BONUS","is_daily":false,"chose_seed":false,"campfire_upgraded":4,"win_rate":0.0,"timestamp":1614061593,"path_taken":["R","M","M","?","?","R","T","M","$","R","?","M","?","$","M","BOSS","R","M","M","?","?","E","T","M","M"],"items_purchased_type":["Card","Card","Relic"],"build_version":"2020-12-22","purchased_purges":0,"victory":false,"max_hp_per_floor":[99,99,99,99,99,99,99,99,99,99,99,99,99,99,99,99,99,99,99,99,99,99,99,99,99,99,99,99],"card_choices":[{"not_picked":["champ:BringItOn","champ:PerfectedStrike"],"picked":"champ:FocusedBerserking","floor":2},{"not_picked":["champ:RapidStrikes","champ:GladiatorStyle"],"picked":"champ:StanceDance","floor":3},{"not_picked":["champ:Circumvent","champ:StanceDance"],"picked":"champ:PreciseThrust","floor":5},{"not_picked":["champ:BringItOn","champ:EnGarde"],"picked":"champ:FancyFootwork","floor":8},{"not_picked":["champ:GutPunch","champ:BringItOn"],"picked":"champ:HoldFirm","floor":9},{"not_picked":["champ:EnGarde","champ:BringItOn","champ:PreciseThrust"],"picked":"SKIP","floor":11},{"not_picked":["champ:FanOfKnives","champ:FaceSlap"],"picked":"champ:EndlessRage","floor":12},{"not_picked":["champ:CrownThrow","champ:StanceDance"],"picked":"champ:RageSigil","floor":13},{"not_picked":["champ:PreciseThrust","champ:PerfectedStrike"],"picked":"champ:PreemptiveStrike","floor":14},{"not_picked":["champ:Shatter","champ:BladeFlurry","champ:FancyFootwork"],"picked":"SKIP","floor":15},{"not_picked":["champ:MurderStrike","champ:VampiricStrike"],"picked":"champ:UltimateStance","floor":16},{"not_picked":["champ:GladiatorStyle","champ:FanOfKnives"],"picked":"champ:Lariat","floor":19},{"not_picked":["champ:Circumvent","champ:SkillfulDodge+1"],"picked":"champ:PreciseThrust+1","floor":20},{"not_picked":["champ:IronFortress","champ:FocusedDefense"],"picked":"champ:TripleStrike","floor":22},{"not_picked":["champ:ArenaPreparation","champ:Backstep"],"picked":"champ:DeathBlow","floor":23},{"not_picked":["champ:BerserkersShout","champ:PreciseThrust"],"picked":"champ:DancingMaster","floor":25}],"player_experience":1735142,"relics_obtained":[{"floor":7,"key":"Letter Opener"},{"floor":23,"key":"Mummified Hand"},{"floor":24,"key":"Guardian:PocketSentry"}],"event_choices":[],"is_beta":false,"boss_relics":[{"not_picked":["Busted Crown","SacredBark"],"picked":"Runic Pyramid"}],"items_purged_floors":[],"is_endless":false,"potions_floor_spawned":[3,13,15,16,20,25],"killed_by":"Shelled Parasite and Fungi","ascension_level":1}}