{"host":"drl4gs3853zme1q6","time":1614069900,"event":{"mods":["AchievementEnabler","BaseMod","Colored Map","Colored Powertips","Hermit","Hubris","Infinite Spire","Minty Spire (QoL Compilation)","Replay The Spire","StSLib","The Cursed","The Hierophant"],"gold_per_floor":[112,124,138,138,113,113,125,125,125,72,72,118,118,135,135,223,273,271,276,276,295,295,314,314,315,389,389,389,418,174,189,189,141,141],"floor_reached":33,"language":"ENG","playtime":1115,"items_purged":[],"score":292,"play_id":"d238daaa-a3c1-4678-8f4e-f84127f3bff0","local_time":"20210223024500","daily_mods":["Vintage","Heirloom","Time Dilation"],"is_ascension_mode":false,"campfire_choices":[{"data":"hierophant:Punish","floor":6,"key":"SMITH"},{"floor":8,"key":"REST"},{"data":"hierophant:OrnateBuckler","floor":11,"key":"SMITH"},{"data":"hierophant:Zeal","floor":13,"key":"SMITH"},{"data":"hierophant:PassingBell","floor":15,"key":"SMITH"},{"data":"hierophant:Doubloon","floor":24,"key":"SMITH"},{"data":"hierophant:DivineIntervention","floor":27,"key":"SMITH"},{"data":"hierophant:ChurchCoffers","floor":32,"key":"SMITH"}],"circlet_count":0,"master_deck":["hierophant:Strike_Hierophant+1","hierophant:Strike_Hierophant+1","hierophant:Strike_Hierophant+1","hierophant:Strike_Hierophant+1","hierophant:Punish+1","hierophant:Defend_Hierophant+1","hierophant:Defend_Hierophant+1","hierophant:Defend_Hierophant+1","hierophant:Defend_Hierophant+1","hierophant:ChurchCoffers+1","hierophant:OrnateBuckler+1","hierophant:OrnateBuckler+1","hierophant:Zeal+1","hierophant:PassingBell+1","hierophant:DivineIntervention+1","hierophant:Doubloon+1"],"relics":["hierophant:PropheticMaskRelic","Unceasing Top","Mercury Hourglass","hubris:DisguiseKit","Nunchaku","Vajra","Centennial Puzzle","infinitespire:Beetle Shell","Replay:WaspNest","hubris:MobiusCoin","infinitespire:Broken Mirror","InkBottle","infinitespire:Midas Blood","Blue Candle","hubris:ScarierMask","Oddly Smooth Stone","Gremlin Horn","Bag of Preparation","Matryoshka","ReplayTheSpireMod:Shallot","Question Card","Replay:Wax Seal"],"acts_visited":["Exordium","TheCity"],"potions_floor_usage":[5,33,33],"damage_taken":[{"damage":0,"enemies":"Small Slimes","floor":1,"turns":2},{"damage":2,"enemies":"2 Louse","floor":2,"turns":2},{"damage":5,"enemies":"Cultist","floor":3,"turns":4},{"damage":15,"enemies":"Exordium Thugs","floor":5,"turns":3},{"damage":3,"enemies":"Red Slaver","floor":7,"turns":2},{"damage":0,"enemies":"3 Sentries","floor":14,"turns":4},{"damage":8,"enemies":"Fading Forest","floor":16,"turns":11},{"damage":5,"enemies":"2 Thieves","floor":18,"turns":3},{"damage":2,"enemies":"Chosen","floor":19,"turns":2},{"damage":1,"enemies":"Centurion and Healer","floor":21,"turns":3},{"damage":9,"enemies":"Book of Stabbing","floor":23,"turns":4},{"damage":0,"enemies":"Shelled Parasite and Fungi","floor":25,"turns":2},{"damage":0,"enemies":"Snecko","floor":29,"turns":3},{"damage":0,"enemies":"Centurion and Healer","floor":31,"turns":2},{"damage":62,"enemies":"Automaton","floor":33,"turns":10}],"seed_played":"6301356023204343829","potions_obtained":[{"floor":3,"key":"Flashbang"},{"floor":5,"key":"Ancient Potion"},{"floor":7,"key":"DistilledChaos"},{"floor":19,"key":"Milkshake"},{"floor":23,"key":"Block Potion"},{"floor":25,"key":"DuplicationPotion"}],"is_trial":true,"path_per_floor":["M","M","M","?","M","R","M","R","T","$","R","?","R","E","R","B",null,"M","M","AVR","M","?","E","R","M","T","R","?","M","$","M","R","B"],"character_chosen":"HIEROPHANT","items_purchased":["hierophant:OrnateBuckler","Question Card"],"campfire_rested":1,"item_purchase_floors":[10,30],"current_hp_per_floor":[75,73,68,65,50,50,47,69,69,69,69,51,51,51,51,53,75,70,68,68,67,67,58,58,58,58,58,58,58,58,58,58,0,0],"gold":141,"neow_bonus":"","is_daily":false,"chose_seed":false,"campfire_upgraded":7,"win_rate":0.0,"timestamp":1614069900,"path_taken":["M","M","M","?","M","R","M","R","T","$","R","?","R","E","R","BOSS","M","M","AVR","M","?","E","R","M","T","R","?","?","?","?","R","BOSS"],"items_purchased_type":["Card","Relic"],"build_version":"2020-12-22","purchased_purges":0,"victory":false,"max_hp_per_floor":[75,75,75,75,75,75,75,75,75,75,75,75,75,75,75,75,75,75,75,75,75,75,75,75,75,75,75,75,75,75,75,75,75,75],"card_choices":[{"not_picked":["hierophant:Shelter","hierophant:HammerAndAnvil","Replay:Undeath\u0027s Touch"],"picked":"hierophant:OrnateBuckler","floor":12},{"not_picked":["hierophant:Sermon","hierophant:SolarFlare","Feel No Pain"],"picked":"hierophant:Zeal","floor":12},{"not_picked":["hierophant:MorningPrayer","hierophant:Sermon","Evolve"],"picked":"hierophant:PassingBell","floor":14},{"not_picked":["hierophant:Levitation","hierophant:MintersHammer","Corruption"],"picked":"hierophant:DivineIntervention","floor":16},{"not_picked":["hierophant:Alms+1","hierophant:FieryStrike","Life Link"],"picked":"hierophant:Doubloon","floor":23}],"player_experience":395318,"relics_obtained":[{"floor":1,"key":"Mercury Hourglass"},{"floor":2,"key":"hubris:DisguiseKit"},{"floor":3,"key":"Nunchaku"},{"floor":5,"key":"Centennial Puzzle"},{"floor":7,"key":"infinitespire:Beetle Shell"},{"floor":9,"key":"Replay:WaspNest"},{"floor":12,"key":"hubris:MobiusCoin"},{"floor":14,"key":"infinitespire:Broken Mirror"},{"floor":18,"key":"InkBottle"},{"floor":19,"key":"infinitespire:Midas Blood"},{"floor":21,"key":"Oddly Smooth Stone"},{"floor":23,"key":"Gremlin Horn"},{"floor":25,"key":"Bag of Preparation"},{"floor":26,"key":"Matryoshka"},{"floor":29,"key":"ReplayTheSpireMod:Shallot"},{"floor":31,"key":"Replay:Wax Seal"}],"event_choices":[{"damage_healed":0,"gold_gain":0,"player_choice":"Success","damage_taken":3,"relics_obtained":["Vajra"],"max_hp_gain":0,"max_hp_loss":0,"event_name":"Scrap Ooze","floor":4,"gold_loss":0},{"damage_healed":0,"gold_gain":0,"player_choice":"Simplicity","damage_taken":0,"max_hp_gain":0,"max_hp_loss":0,"event_name":"Back to Basics","floor":22,"gold_loss":0,"cards_upgraded":["hierophant:Strike_Hierophant","hierophant:Strike_Hierophant","hierophant:Strike_Hierophant","hierophant:Strike_Hierophant","hierophant:Defend_Hierophant","hierophant:Defend_Hierophant","hierophant:Defend_Hierophant","hierophant:Defend_Hierophant"]},{"damage_healed":0,"gold_gain":0,"player_choice":"Forge","damage_taken":0,"max_hp_gain":0,"max_hp_loss":0,"event_name":"Accursed Blacksmith","floor":28,"gold_loss":0,"cards_upgraded":["hierophant:OrnateBuckler"]}],"is_beta":false,"boss_relics":[{"not_picked":["hubris:Stopwatch","hubris:VirtuousBlindfold","Pandora\u0027s Box"]}],"items_purged_floors":[],"is_endless":false,"potions_floor_spawned":[3,5,7,19,23,25,29,31],"killed_by":"Automaton","ascension_level":0}}