{"host":"c64dsqyrqv0ei9yn","time":1614099157,"event":{"mods":["Act Like it!","Arknights","BaseMod","Bestiary","CapriCore","Chen","Colored Map","Colored Powertips","Curses Come First","Hermit","Koishi","LagranYue(ùfäiòNÅEåé)","MarisaÅiñ∂âJÅ@ñÇóùçπÅj","Minty Spire (QoL Compilation)","Prisma Mod","Random Character Button","ReimuÅiîé??öÎÅj","RemiliaÅiÂQïƒ‰ª?Åj","StSLib","The Administrix","The Alterego","The Immortal","The Marked","The Saiyan","The Senshi","The Servant 0.9.4","The Wild Card","TheSwordswoman","Waifu the Spire","WarShipGirlsR/??è≠èóR mod","slay the spire mod where everything is the same but ironclad has a cowboy hat"],"gold_per_floor":[219,98,98,111,126,126,151,151,151,151,167,200,214,289,289,388,388,388,388,373,36,36,36,36,36,36,36,36,36,36,36,36,36,36,36,36,36,36,36,36,36,36,36,36,36,36,36,36,36,36,36],"floor_reached":50,"language":"ENG","playtime":3888,"items_purged":[],"score":511,"play_id":"da495e26-4e76-4c3f-b5f7-d8b00bb1da22","local_time":"20210223165237","is_ascension_mode":false,"campfire_choices":[{"data":"Chen:Sidestep","floor":6,"key":"SMITH"},{"floor":8,"key":"REST"},{"data":"Chen:ResistTemptation","floor":10,"key":"SMITH"},{"floor":15,"key":"REST"},{"data":"Chen:SurpriseAttack","floor":23,"key":"SMITH"},{"data":"Chen:GlitterPoke","floor":25,"key":"SMITH"},{"data":"Chen:PhoenixWings","floor":29,"key":"SMITH"},{"data":"Chen:Instinct","floor":32,"key":"SMITH"},{"data":"Chen:Kimontonkou","floor":40,"key":"SMITH"},{"data":"Chen:Knockout","floor":42,"key":"SMITH"},{"data":"Chen:CatPunch","floor":45,"key":"SMITH"},{"data":"Chen:Sneak","floor":49,"key":"SMITH"}],"circlet_count":0,"master_deck":["Chen:Strike+1","Chen:Strike","Chen:Strike+1","Chen:Strike","Chen:Defend","Chen:Defend","Chen:Defend","Chen:Defend","Chen:PounceTurnTail+1","Chen:GlitterPoke+1","Chen:Salvo","Chen:ResistTemptation+1","Chen:Sidestep+1","Chen:CatPunch+1","Chen:Sneak+1","Chen:Instinct+1","Chen:Frivolous+1","Chen:SurpriseAttack+1","Chen:Knockout+1","Chen:PhoenixWings+1","Chen:Spray+1","Chen:Fadeout","Chen:Barrier+1","Chen:Nimbleness+1","Chen:Instinct+1","Chen:Kimontonkou+1","Chen:Flit+1"],"relics":["Chen:Catnip","Frozen Egg 2","Vajra","Ectoplasm","Thread and Needle","FossilizedHelix","Toxic Egg 2","Pear","Matryoshka","Bag of Preparation","Busted Crown","Potion Belt","StoneCalendar"],"acts_visited":["Exordium","TheCity","TheBeyond"],"potions_floor_usage":[33,50,50,50],"damage_taken":[{"damage":3,"enemies":"Jaw Worm","floor":1,"turns":4},{"damage":0,"enemies":"2 Louse","floor":4,"turns":2},{"damage":0,"enemies":"Cultist","floor":5,"turns":2},{"damage":25,"enemies":"Lagavulin","floor":7,"turns":7},{"damage":1,"enemies":"2 Fungi Beasts","floor":11,"turns":3},{"damage":9,"enemies":"Gremlin Nob","floor":12,"turns":3},{"damage":0,"enemies":"Red Slaver","floor":13,"turns":2},{"damage":19,"enemies":"Hexaghost","floor":16,"turns":9},{"damage":0,"enemies":"3 Byrds","floor":18,"turns":3},{"damage":0,"enemies":"2 Thieves","floor":20,"turns":2},{"damage":9,"enemies":"Gremlin Leader","floor":24,"turns":5},{"damage":0,"enemies":"Slavers","floor":27,"turns":5},{"damage":0,"enemies":"Centurion and Healer","floor":31,"turns":4},{"damage":22,"enemies":"Collector","floor":33,"turns":11},{"damage":0,"enemies":"3 Darklings","floor":35,"turns":4},{"damage":0,"enemies":"Orb Walker","floor":36,"turns":2},{"damage":9,"enemies":"Transient","floor":37,"turns":5},{"damage":0,"enemies":"4 Shapes","floor":44,"turns":2},{"damage":0,"enemies":"3 Darklings","floor":46,"turns":3},{"damage":72,"enemies":"Time Eater","floor":50,"turns":10}],"seed_played":"-8274352155282809125","potions_obtained":[{"floor":5,"key":"SmokeBomb"},{"floor":11,"key":"Dexterity Potion"},{"floor":12,"key":"SmokeBomb"},{"floor":24,"key":"MagicPotion:ReiMu"},{"floor":33,"key":"ColorlessPotion"},{"floor":44,"key":"Block Potion"}],"is_trial":false,"path_per_floor":["M","$","?","M","M","R","E","R","T","R","M","E","M","?","R","B",null,"M","?","M","$","T","R","E","R","T","E","?","R","$","M","R","B",null,"M","M","M","?","$","R","?","R","T","M","R","M","?","$","R","B"],"character_chosen":"CHEN","items_purchased":["Chen:ResistTemptation","Chen:Sidestep","Chen:CatPunch","FossilizedHelix","Chen:Fadeout"],"campfire_rested":2,"item_purchase_floors":[2,2,2,21,21],"current_hp_per_floor":[67,67,53,53,53,53,28,49,49,49,48,39,39,28,49,30,70,70,70,70,70,70,70,71,71,71,71,71,71,71,71,71,49,80,80,80,71,71,71,71,71,71,71,71,71,71,71,71,71,0,0],"gold":36,"neow_bonus":"HUNDRED_GOLD","is_daily":false,"chose_seed":false,"campfire_upgraded":10,"win_rate":0.0,"timestamp":1614099157,"path_taken":["M","$","?","M","M","R","E","R","T","R","M","E","M","?","R","BOSS","M","?","M","$","?","R","E","R","T","E","?","R","$","M","R","BOSS","M","M","M","?","$","R","?","R","T","M","R","M","?","$","R","BOSS"],"items_purchased_type":["Card","Card","Card","Relic","Card"],"build_version":"2020-12-22","purchased_purges":0,"victory":false,"max_hp_per_floor":[70,70,70,70,70,70,70,70,70,70,70,70,70,70,70,70,70,70,70,70,70,70,70,80,80,80,80,80,80,80,80,80,80,80,80,80,80,80,80,80,80,80,80,80,80,80,80,80,80,80,80],"card_choices":[{"not_picked":["Chen:RecklessLeap","Chen:Spray"],"picked":"Chen:Salvo","floor":1},{"not_picked":["Chen:CatPunch","Chen:PentagramFlight"],"picked":"Chen:Sneak","floor":4},{"not_picked":["Chen:RecklessLeap","Chen:Unpredictable","Chen:Honk"],"picked":"SKIP","floor":5},{"not_picked":["Chen:Unpredictable","Chen:Honk"],"picked":"Chen:Instinct","floor":7},{"not_picked":["Chen:Mixup","Chen:Honk"],"picked":"Chen:Frivolous+1","floor":11},{"not_picked":["Chen:SelfControl+1","Chen:Adaptability"],"picked":"Chen:SurpriseAttack","floor":12},{"not_picked":["Chen:Shot","Chen:Sneak"],"picked":"Chen:Knockout","floor":13},{"not_picked":["Chen:Kimontonkou","Chen:Gash"],"picked":"Chen:PhoenixWings","floor":16},{"not_picked":["Chen:CatPunch","Chen:PentagramFlight","Chen:Panic+1"],"picked":"SKIP","floor":18},{"not_picked":["Chen:Excitement","Chen:Instinct"],"picked":"Chen:Spray+1","floor":20},{"not_picked":["Chen:Unpredictable+1","Chen:Honk+1"],"picked":"Chen:Barrier+1","floor":24},{"not_picked":["Chen:Deceitful+1","Chen:Impale"],"picked":"Chen:Nimbleness+1","floor":27},{"not_picked":["Chen:Mixup","Chen:Tear+1"],"picked":"Chen:Instinct+1","floor":31},{"not_picked":["Chen:Stability+1","Chen:Possession+1"],"picked":"Chen:Kimontonkou","floor":33},{"not_picked":["Chen:Spray+1"],"picked":"SKIP","floor":35},{"not_picked":[],"picked":"Chen:Flit+1","floor":36},{"not_picked":["Chen:Rush+1"],"picked":"SKIP","floor":37},{"not_picked":["Chen:Sweep"],"picked":"SKIP","floor":44},{"not_picked":["Chen:Spray"],"picked":"SKIP","floor":46}],"player_experience":169259,"relics_obtained":[{"floor":9,"key":"Frozen Egg 2"},{"floor":12,"key":"Vajra"},{"floor":22,"key":"Toxic Egg 2"},{"floor":24,"key":"Pear"},{"floor":26,"key":"Matryoshka"},{"floor":27,"key":"Bag of Preparation"},{"floor":43,"key":"Potion Belt"},{"floor":43,"key":"StoneCalendar"}],"event_choices":[{"damage_healed":0,"gold_gain":0,"player_choice":"Entered Light","damage_taken":14,"max_hp_gain":0,"max_hp_loss":0,"event_name":"Shining Light","floor":3,"gold_loss":0,"cards_upgraded":["Chen:Strike","Chen:Strike"]},{"damage_healed":0,"gold_gain":75,"player_choice":"Gather Gold","damage_taken":11,"max_hp_gain":0,"max_hp_loss":0,"event_name":"World of Goop","floor":14,"gold_loss":0},{"damage_healed":0,"gold_gain":0,"player_choice":"Gave Potion","damage_taken":0,"relics_obtained":["Thread and Needle"],"max_hp_gain":0,"max_hp_loss":0,"event_name":"WeMeetAgain","floor":19,"gold_loss":0},{"damage_healed":0,"gold_gain":0,"player_choice":"Upgraded","damage_taken":0,"max_hp_gain":0,"max_hp_loss":0,"event_name":"Upgrade Shrine","floor":28,"gold_loss":0,"cards_upgraded":["Chen:PounceTurnTail"]},{"damage_healed":0,"gold_gain":0,"player_choice":"Ignored","damage_taken":0,"max_hp_gain":0,"max_hp_loss":0,"event_name":"Tomb of Lord Red Mask","floor":38,"gold_loss":0},{"cards_removed":["Chen:Strike"],"damage_healed":0,"gold_gain":0,"player_choice":"Removed Attack","damage_taken":0,"max_hp_gain":0,"max_hp_loss":0,"event_name":"Falling","floor":41,"gold_loss":0},{"damage_healed":0,"gold_gain":0,"player_choice":"Ignored","damage_taken":0,"max_hp_gain":0,"max_hp_loss":0,"event_name":"Transmorgrifier","floor":47,"gold_loss":0}],"is_beta":false,"boss_relics":[{"not_picked":["LagranYue:ContractPerformanceRelic","Coffee Dripper"],"picked":"Ectoplasm"},{"not_picked":["Astrolabe","Tiny House"],"picked":"Busted Crown"}],"items_purged_floors":[],"is_endless":false,"potions_floor_spawned":[5,11,12,16,24,31,33,35,44],"killed_by":"Time Eater","ascension_level":0}}