{"host":"pjjzz70vl4t83ifx","time":1614043140,"event":{"mods":["AchievementEnabler","BaseMod","Card Forge","Colored Map","Colored Powertips","Highlight Path","Infinite Spire","Minty Spire (QoL Compilation)","Permanent Neow","Practice Mode","Rare Cards Sparkle","Relic Stats","StSLib","Synergy Search"],"gold_per_floor":[115,115,133,151,167,193,193,225,225,78,78,96,171,171,171,242,242,253,253,270,39,39,39,51,63,63,63,90,90,117,127,127,199,199,209,219,219,238,238,272,272,286,366,366,380,380,390,61,61,61],"floor_reached":51,"language":"ENG","playtime":1896,"items_purged":["Shame","Strike_R+1","Writhe"],"score":1243,"play_id":"4f6b73cd-1d6f-4cb4-bbe2-36633bf584ad","local_time":"20210222171900","is_ascension_mode":true,"campfire_choices":[{"data":"Inflame","floor":11,"key":"SMITH"},{"floor":15,"key":"REST"},{"data":"Reaper","floor":23,"key":"SMITH"},{"data":"infinitespire:Collect","floor":32,"key":"SMITH"},{"data":"Pommel Strike","floor":44,"key":"SMITH"},{"data":"Bash","floor":46,"key":"SMITH"},{"data":"Pummel","floor":49,"key":"SMITH"}],"circlet_count":0,"master_deck":["AscendersBane","Strike_R+1","Strike_R+1","Strike_R+1","Defend_R+1","Defend_R+1","Defend_R+1","Bash+1","Pummel+1","Shockwave+1","Inflame+1","Reaper+1","Cleave","Berserk+1","Thunderclap","Spot Weakness+1","Inflame+1","Flash of Steel","infinitespire:Collect+1","Pommel Strike+1","Sword Boomerang+1","Twin Strike+1","Metallicize+1","Metallicize+1","Heavy Blade+1","Inflame+1"],"relics":["Burning Blood","Hammer of Thor","Seething Fire","Anvil of the Gods","Ornamental Fan","Frozen Egg 2","Letter Opener","Happy Flower","Oddly Smooth Stone","Coffee Dripper","Magic Flower","Juzu Bracelet","Chemical X","Cursed Key","infinitespire:Bottled Soul","Pear","Black Star","War Paint","InkBottle","Sundial","Akabeko"],"acts_visited":["Exordium","TheCity","TheBeyond"],"potions_floor_usage":[6,16,18,25,28,33,40,50,50],"damage_taken":[{"damage":6,"enemies":"Cultist","floor":1,"turns":4},{"damage":10,"enemies":"Small Slimes","floor":3,"turns":3},{"damage":9,"enemies":"Jaw Worm","floor":4,"turns":4},{"damage":22,"enemies":"3 Louse","floor":5,"turns":5},{"damage":12,"enemies":"Gremlin Nob","floor":6,"turns":3},{"damage":31,"enemies":"3 Sentries","floor":8,"turns":8},{"damage":0,"enemies":"Large Slime","floor":12,"turns":6},{"damage":33,"enemies":"Slime Boss","floor":16,"turns":11},{"damage":24,"enemies":"Spheric Guardian","floor":18,"turns":6},{"damage":21,"enemies":"2 Thieves","floor":20,"turns":4},{"damage":15,"enemies":"Cultist and Chosen","floor":24,"turns":4},{"damage":39,"enemies":"Sentry and Sphere","floor":25,"turns":4},{"damage":15,"enemies":"Slavers","floor":28,"turns":3},{"damage":26,"enemies":"Book of Stabbing","floor":30,"turns":4},{"damage":4,"enemies":"Chosen and Byrds","floor":31,"turns":3},{"damage":20,"enemies":"Collector","floor":33,"turns":5},{"damage":0,"enemies":"Orb Walker","floor":35,"turns":2},{"damage":7,"enemies":"3 Darklings","floor":36,"turns":2},{"damage":0,"enemies":"Transient","floor":38,"turns":5},{"damage":6,"enemies":"Giant Head","floor":40,"turns":6},{"damage":35,"enemies":"Spire Growth","floor":42,"turns":4},{"damage":47,"enemies":"Jaw Worm Horde","floor":45,"turns":4},{"damage":48,"enemies":"Sphere and 2 Shapes","floor":47,"turns":3},{"damage":85,"enemies":"infinitespire:MassOfShapes","floor":50,"turns":7}],"seed_played":"-8725120442296826546","potions_obtained":[{"floor":3,"key":"AttackPotion"},{"floor":8,"key":"EssenceOfSteel"},{"floor":12,"key":"SmokeBomb"},{"floor":16,"key":"Block Potion"},{"floor":24,"key":"SneckoOil"},{"floor":25,"key":"Strength Potion"},{"floor":28,"key":"SteroidPotion"},{"floor":35,"key":"ElixirPotion"},{"floor":37,"key":"Energy Potion"},{"floor":37,"key":"Block Potion"},{"floor":38,"key":"Strength Potion"},{"floor":45,"key":"FearPotion"},{"floor":47,"key":"Block Potion"}],"is_trial":false,"path_per_floor":["M","?","M","M","M","E","?","E","T","$","R","M","?","?","R","B",null,"M","?","M","$","?","R","M","M","T","AVR","E","$","E","M","R","B",null,"M","M","?","M","?","E","?","M","T","R","M","R","M","$","R","B",null],"character_chosen":"IRONCLAD","items_purchased":["Happy Flower","Inflame+1","Flash of Steel","Inflame+1","Akabeko"],"campfire_rested":1,"item_purchase_floors":[10,21,21,48,48],"current_hp_per_floor":[75,75,71,68,52,46,46,21,21,21,21,34,23,20,44,26,68,50,50,59,59,59,59,76,52,52,52,76,76,92,92,92,92,92,92,92,92,92,92,92,92,92,92,92,78,78,81,81,81,72],"gold":61,"neow_bonus":"TEN_PERCENT_HP_BONUS","is_daily":false,"chose_seed":false,"campfire_upgraded":6,"win_rate":0.0,"timestamp":1614043140,"path_taken":["M","?","M","M","M","E","?","E","T","$","R","M","?","?","R","BOSS","M","?","M","$","?","R","M","M","T","AVR","E","?","E","M","R","BOSS","M","M","?","M","?","E","?","M","T","R","M","R","M","?","R","BOSS"],"items_purchased_type":["Relic","Card","Card","Card","Relic"],"build_version":"2020-12-22","purchased_purges":3,"victory":true,"max_hp_per_floor":[82,82,82,82,82,82,82,82,82,82,82,82,82,82,82,82,82,82,82,82,82,82,82,82,82,82,82,82,82,92,92,92,92,92,92,92,92,92,92,92,92,92,92,92,92,92,92,92,92,92],"relic_stats":{"Happy Flower":[27],"counters":[24,110],"Magic Flower":[49],"Juzu Bracelet":1,"Letter Opener":[59],"War Paint":["Shockwave"],"Cursed Key":1,"Burning Blood":136,"Ornamental Fan":[144],"Sundial":[0],"Black Star":1,"Chemical X":[0],"obtain_stats":[{"Pear":30,"Happy Flower":10,"Oddly Smooth Stone":14,"Magic Flower":19,"Hammer of Thor":0,"Juzu Bracelet":26,"Seething Fire":0,"Letter Opener":9,"Frozen Egg 2":8,"War Paint":40,"Cursed Key":27,"Burning Blood":0,"Akabeko":48,"Anvil of the Gods":0,"Ornamental Fan":6,"infinitespire:Bottled Soul":28,"Sundial":43,"Coffee Dripper":17,"Black Star":34,"Chemical X":27,"InkBottle":40},{"Pear":14,"Happy Flower":6,"Oddly Smooth Stone":7,"Magic Flower":9,"Hammer of Thor":0,"Juzu Bracelet":12,"Seething Fire":0,"Letter Opener":6,"Frozen Egg 2":6,"War Paint":20,"Cursed Key":12,"Burning Blood":0,"Akabeko":23,"Anvil of the Gods":0,"Ornamental Fan":5,"infinitespire:Bottled Soul":13,"Sundial":21,"Coffee Dripper":8,"Black Star":16,"Chemical X":12,"InkBottle":20},{"Pear":69,"Happy Flower":27,"Oddly Smooth Stone":33,"Magic Flower":50,"Hammer of Thor":0,"Juzu Bracelet":62,"Seething Fire":0,"Letter Opener":27,"Frozen Egg 2":27,"War Paint":92,"Cursed Key":62,"Burning Blood":0,"Akabeko":103,"Anvil of the Gods":0,"Ornamental Fan":19,"infinitespire:Bottled Soul":65,"Sundial":96,"Coffee Dripper":44,"Black Star":77,"Chemical X":62,"InkBottle":92}],"InkBottle":[8]},"card_choices":[{"not_picked":["Body Slam","Sword Boomerang"],"picked":"Pummel","floor":1},{"not_picked":["Clothesline","Iron Wave","Perfected Strike"],"picked":"SKIP","floor":3},{"not_picked":["Clothesline","Searing Blow"],"picked":"Shockwave","floor":4},{"not_picked":["Twin Strike","Dual Wield"],"picked":"Inflame","floor":5},{"not_picked":["Warcry","Shrug It Off","Dual Wield"],"picked":"SKIP","floor":6},{"not_picked":["infinitespire:OneForAll","Body Slam"],"picked":"Reaper","floor":8},{"not_picked":["Power Through","Sword Boomerang"],"picked":"Cleave","floor":12},{"not_picked":["Juggernaut+1","Immolate"],"picked":"Berserk+1","floor":16},{"not_picked":["Wild Strike","Rage"],"picked":"Thunderclap","floor":18},{"not_picked":["Thunderclap","Iron Wave"],"picked":"Spot Weakness+1","floor":20},{"not_picked":["Flame Barrier","Hemokinesis","Brutality+1"],"picked":"SKIP","floor":24},{"not_picked":["Headbutt","Dual Wield","Pommel Strike"],"picked":"SKIP","floor":25},{"not_picked":["Juggernaut+1","Perfected Strike+1"],"picked":"Intimidate+1","floor":28},{"not_picked":["Carnage","Reckless Charge"],"picked":"Pommel Strike","floor":30},{"not_picked":["Armaments","Warcry"],"picked":"Sword Boomerang+1","floor":31},{"not_picked":["Dual Wield","Perfected Strike"],"picked":"Twin Strike+1","floor":35},{"not_picked":["Whirlwind+1","Wild Strike"],"picked":"Metallicize+1","floor":36},{"not_picked":["Warcry+1","Headbutt+1"],"picked":"Metallicize+1","floor":38},{"not_picked":["Flame Barrier","Thunderclap"],"picked":"Heavy Blade+1","floor":40},{"not_picked":["Burning Pact","Clothesline+1","Iron Wave"],"picked":"SKIP","floor":42},{"not_picked":["Pommel Strike","Shockwave","Entrench"],"picked":"SKIP","floor":45},{"not_picked":["Iron Wave+1","Warcry","Second Wind+1"],"picked":"SKIP","floor":47}],"player_experience":265187,"relics_obtained":[{"floor":6,"key":"Ornamental Fan"},{"floor":8,"key":"Frozen Egg 2"},{"floor":9,"key":"Letter Opener"},{"floor":26,"key":"Juzu Bracelet"},{"floor":28,"key":"infinitespire:Bottled Soul"},{"floor":30,"key":"Pear"},{"floor":40,"key":"War Paint"},{"floor":40,"key":"InkBottle"},{"floor":43,"key":"Sundial"}],"event_choices":[{"damage_healed":0,"gold_gain":0,"player_choice":"Ignored","damage_taken":0,"max_hp_gain":0,"max_hp_loss":0,"event_name":"Liars Game","floor":7,"gold_loss":0},{"damage_healed":0,"gold_gain":75,"player_choice":"Gather Gold","damage_taken":11,"max_hp_gain":0,"max_hp_loss":0,"event_name":"World of Goop","floor":13,"gold_loss":0},{"damage_healed":0,"gold_gain":0,"player_choice":"Success","damage_taken":3,"relics_obtained":["Oddly Smooth Stone"],"max_hp_gain":0,"max_hp_loss":0,"event_name":"Scrap Ooze","floor":14,"gold_loss":0},{"damage_healed":0,"gold_gain":0,"player_choice":"Stole Relic","damage_taken":0,"relics_obtained":["Magic Flower"],"max_hp_gain":0,"max_hp_loss":0,"event_name":"Addict","floor":19,"gold_loss":0,"cards_obtained":["Shame"]},{"damage_healed":0,"gold_gain":0,"player_choice":"Simplicity","damage_taken":0,"max_hp_gain":0,"max_hp_loss":0,"event_name":"Back to Basics","floor":22,"gold_loss":0,"cards_upgraded":["Strike_R","Strike_R","Strike_R","Strike_R","Strike_R","Defend_R","Defend_R","Defend_R","Defend_R"]},{"damage_healed":0,"gold_gain":0,"player_choice":"Got Potions","damage_taken":0,"max_hp_gain":0,"max_hp_loss":0,"event_name":"Lab","floor":37,"gold_loss":0},{"cards_removed":["Intimidate"],"damage_healed":0,"gold_gain":0,"player_choice":"Removed Skill","damage_taken":0,"max_hp_gain":0,"max_hp_loss":0,"event_name":"Falling","floor":39,"gold_loss":0},{"cards_removed":["Defend_R"],"damage_healed":0,"gold_gain":0,"player_choice":"Purged","damage_taken":0,"max_hp_gain":0,"max_hp_loss":0,"event_name":"Purifier","floor":41,"gold_loss":0}],"is_beta":false,"boss_relics":[{"not_picked":["Fusion Hammer","Tiny House"],"picked":"Coffee Dripper"},{"not_picked":["Black Blood","Runic Dome"],"picked":"Black Star"}],"items_purged_floors":[21,27,48],"is_endless":false,"potions_floor_spawned":[3,8,12,16,24,25,28,35,38,45,47],"ascension_level":14}}