{"host":"e14va605tljgvqtz","time":1614102099,"event":{"mods":["BaseMod","Colored Map","Highlight Path","Minty Spire (QoL Compilation)","Relic Stats"],"gold_per_floor":[118,131,149,168,179,179,198,232,282,282,301,301,332,349,349,448,448,458,477,489,518,532,532,308,321,348,362,397,14,14,29,29,128,128,146,156,256,271,284,317,331,331,331,358,378,406,189,200,200,200,200,200,48,79,79,79],"floor_reached":55,"language":"ENG","playtime":5361,"items_purged":["Phantasmal Killer","Phantasmal Killer","Skewer"],"score":1129,"play_id":"f173e696-d992-4ce3-af4c-b10b5b4aac42","local_time":"20210223094139","is_ascension_mode":true,"campfire_choices":[{"data":"Blade Dance","floor":6,"key":"SMITH"},{"floor":12,"key":"REST"},{"data":"Deadly Poison","floor":15,"key":"SMITH"},{"floor":23,"key":"REST"},{"data":"Footwork","floor":30,"key":"SMITH"},{"floor":32,"key":"REST"},{"floor":49,"key":"RECALL"},{"floor":52,"key":"REST"}],"circlet_count":0,"master_deck":["Survivor","Neutralize","Bane","Blade Dance+1","Footwork","Predator","Quick Slash","Deadly Poison+1","Backstab","PiercingWail","Corpse Explosion","Escape Plan","Blade Dance","Calculated Gamble","Dagger Throw","Leg Sweep","Blade Dance","Flying Knee","Doppelganger","Backflip","Escape Plan","Noxious Fumes","Leg Sweep+1","Deflect","Footwork+1","PiercingWail+1","Calculated Gamble+1","Acrobatics","Footwork","Master of Strategy","Venomology","Escape Plan+1","Blur+1","Backflip","Backflip","Madness","Madness","Catalyst+1","Catalyst","Footwork","Well Laid Plans","Noxious Fumes+1"],"relics":["Ring of the Snake","Bird Faced Urn","Smiling Mask","Strawberry","Pandora\u0027s Box","Red Mask","DollysMirror","Lantern","Mercury Hourglass","Fusion Hammer","Bag of Marbles","PreservedInsect","Anchor","HornCleat"],"acts_visited":["Exordium","TheCity","TheBeyond","TheEnding"],"potions_floor_usage":[8,16,16,16,16,21,28,33,33,36,36,39,40,40,41,45,45,46,50,50,50,55,55,55,55],"damage_taken":[{"damage":0,"enemies":"Cultist","floor":1,"turns":3},{"damage":0,"enemies":"Small Slimes","floor":2,"turns":3},{"damage":0,"enemies":"2 Louse","floor":3,"turns":3},{"damage":14,"enemies":"Lots of Slimes","floor":4,"turns":5},{"damage":13,"enemies":"Large Slime","floor":5,"turns":7},{"damage":0,"enemies":"Exordium Wildlife","floor":7,"turns":5},{"damage":18,"enemies":"Lagavulin","floor":8,"turns":9},{"damage":0,"enemies":"Blue Slaver","floor":11,"turns":3},{"damage":12,"enemies":"Gremlin Nob","floor":13,"turns":3},{"damage":5,"enemies":"2 Fungi Beasts","floor":14,"turns":3},{"damage":37,"enemies":"Hexaghost","floor":16,"turns":10},{"damage":11,"enemies":"Spheric Guardian","floor":18,"turns":5},{"damage":12,"enemies":"3 Byrds","floor":19,"turns":2},{"damage":10,"enemies":"Cultist and Chosen","floor":20,"turns":4},{"damage":3,"enemies":"Masked Bandits","floor":21,"turns":3},{"damage":13,"enemies":"Snecko","floor":22,"turns":4},{"damage":10,"enemies":"Sentry and Sphere","floor":25,"turns":5},{"damage":1,"enemies":"Shelled Parasite and Fungi","floor":27,"turns":8},{"damage":16,"enemies":"Slavers","floor":28,"turns":4},{"damage":10,"enemies":"Cultist and Chosen","floor":31,"turns":5},{"damage":42,"enemies":"Automaton","floor":33,"turns":13},{"damage":1,"enemies":"3 Shapes","floor":35,"turns":5},{"damage":2,"enemies":"Orb Walker","floor":36,"turns":4},{"damage":0,"enemies":"4 Shapes","floor":38,"turns":3},{"damage":0,"enemies":"Maw","floor":39,"turns":8},{"damage":37,"enemies":"Giant Head","floor":40,"turns":10},{"damage":0,"enemies":"3 Darklings","floor":41,"turns":4},{"damage":2,"enemies":"Jaw Worm Horde","floor":45,"turns":6},{"damage":15,"enemies":"Reptomancer","floor":46,"turns":5},{"damage":7,"enemies":"4 Shapes","floor":48,"turns":5},{"damage":21,"enemies":"Donu and Deca","floor":50,"turns":5},{"damage":15,"enemies":"Shield and Spear","floor":54,"turns":8},{"damage":93,"enemies":"The Heart","floor":55,"turns":9}],"seed_played":"831183327869338230","potions_obtained":[{"floor":2,"key":"Ancient Potion"},{"floor":5,"key":"Regen Potion"},{"floor":8,"key":"EntropicBrew"},{"floor":13,"key":"PowerPotion"},{"floor":16,"key":"Fire Potion"},{"floor":19,"key":"GamblersBrew"},{"floor":28,"key":"CunningPotion"},{"floor":35,"key":"Regen Potion"},{"floor":38,"key":"PowerPotion"},{"floor":40,"key":"Explosive Potion"},{"floor":45,"key":"Energy Potion"},{"floor":54,"key":"LiquidBronze"}],"is_trial":false,"path_per_floor":["M","M","M","M","M","R","M","E","T","?","M","R","E","M","R","B",null,"M","M","M","?","M","R","$","M","T","M","E","$","R","M","R","B",null,"M","M","?","M","M","E","M","?","T","T","M","E","$","M","R","B",null,"R","$","E","B"],"character_chosen":"THE_SILENT","items_purchased":["Deflect","DollysMirror","Footwork","LiquidMemories","Master of Strategy","Catalyst","Poison Potion","Footwork","Well Laid Plans","Regen Potion"],"campfire_rested":4,"item_purchase_floors":[24,24,29,29,29,47,47,47,53,53],"current_hp_per_floor":[63,63,63,49,36,36,36,33,33,33,33,54,49,44,44,11,61,52,40,30,27,18,41,41,31,31,34,24,24,24,20,43,9,60,67,73,73,77,77,44,50,40,40,40,77,62,62,65,65,52,71,77,77,66,0,0],"gold":79,"neow_bonus":"THREE_CARDS","is_daily":false,"chose_seed":false,"campfire_upgraded":3,"win_rate":0.0,"timestamp":1614102099,"path_taken":["M","M","M","M","?","R","M","E","T","?","M","R","E","M","R","BOSS","M","M","?","?","M","R","$","M","T","M","E","$","R","M","R","BOSS","M","M","?","M","?","E","M","?","T","?","M","E","$","M","R","BOSS","R","$","E","BOSS"],"items_purchased_type":["Card","Relic","Card","Potion","Card","Card","Potion","Card","Card","Potion"],"build_version":"2020-12-22","purchased_purges":3,"victory":false,"max_hp_per_floor":[70,70,70,70,70,70,70,70,70,70,70,70,77,77,77,77,77,77,77,77,77,77,77,77,77,77,77,77,77,77,77,77,77,77,77,77,77,77,77,77,77,77,77,77,77,77,77,77,77,77,77,77,77,77,77,77],"relic_stats":{"counters":[33,179],"Bird Faced Urn":[106],"Pandora\u0027s Box":["Phantasmal Killer","Escape Plan","Blade Dance","Calculated Gamble","Dagger Throw","Leg Sweep","Blade Dance","Flying Knee","Phantasmal Killer","Doppelganger"],"PreservedInsect":139,"Smiling Mask":150,"obtain_stats":[{"Lantern":26,"PreservedInsect":44,"Smiling Mask":9,"Mercury Hourglass":28,"Anchor":46,"HornCleat":54,"DollysMirror":24,"Bird Faced Urn":8,"Strawberry":13,"Pandora\u0027s Box":17,"Fusion Hammer":34,"Red Mask":21,"Bag of Marbles":40,"Ring of the Snake":0},{"Lantern":17,"PreservedInsect":27,"Smiling Mask":7,"Mercury Hourglass":19,"Anchor":29,"HornCleat":32,"DollysMirror":16,"Bird Faced Urn":7,"Strawberry":9,"Pandora\u0027s Box":11,"Fusion Hammer":21,"Red Mask":15,"Bag of Marbles":26,"Ring of the Snake":0},{"Lantern":77,"PreservedInsect":141,"Smiling Mask":35,"Mercury Hourglass":89,"Anchor":152,"HornCleat":170,"DollysMirror":72,"Bird Faced Urn":35,"Strawberry":41,"Pandora\u0027s Box":54,"Fusion Hammer":107,"Red Mask":68,"Bag of Marbles":137,"Ring of the Snake":0}],"Ring of the Snake":[66],"Mercury Hourglass":[365]},"card_choices":[{"not_picked":["Endless Agony","Prepared"],"picked":"Bane","floor":0},{"not_picked":["Cloak And Dagger","Dagger Spray"],"picked":"Blade Dance","floor":1},{"not_picked":["Endless Agony","Reflex"],"picked":"Footwork","floor":2},{"not_picked":["Flechettes","Flying Knee"],"picked":"Predator","floor":3},{"not_picked":["Expertise","Underhanded Strike","Acrobatics"],"picked":"SKIP","floor":4},{"not_picked":["Accuracy","Envenom"],"picked":"Quick Slash","floor":5},{"not_picked":["Sucker Punch","Underhanded Strike"],"picked":"Deadly Poison","floor":7},{"not_picked":["Calculated Gamble","Prepared"],"picked":"Backstab","floor":8},{"not_picked":["Outmaneuver","Blur"],"picked":"Skewer","floor":11},{"not_picked":["Caltrops","Quick Slash"],"picked":"PiercingWail","floor":13},{"not_picked":["Skewer","Choke","Dagger Spray"],"picked":"SKIP","floor":14},{"not_picked":["Doppelganger","Envenom"],"picked":"Corpse Explosion","floor":16},{"not_picked":["Slice","Bane"],"picked":"Backflip","floor":18},{"not_picked":["Quick Slash+1","Poisoned Stab"],"picked":"Escape Plan","floor":19},{"not_picked":["Underhanded Strike","Bane+1","Flechettes"],"picked":"SKIP","floor":20},{"not_picked":["Flying Knee","Outmaneuver"],"picked":"Noxious Fumes","floor":21},{"not_picked":["Unload","Dagger Spray"],"picked":"Leg Sweep+1","floor":22},{"not_picked":["Flying Knee","Outmaneuver"],"picked":"PiercingWail+1","floor":25},{"not_picked":["Crippling Poison","Prepared"],"picked":"Calculated Gamble+1","floor":27},{"not_picked":["Storm of Steel","Slice+1"],"picked":"Acrobatics","floor":28},{"not_picked":["Acrobatics","Dagger Spray+1","Blade Dance"],"picked":"SKIP","floor":31},{"not_picked":["Tools of the Trade","Malaise"],"picked":"Venomology","floor":33},{"not_picked":["Crippling Poison+1","Heel Hook+1"],"picked":"Escape Plan+1","floor":35},{"not_picked":["Outmaneuver+1","Quick Slash","Terror"],"picked":"SKIP","floor":36},{"not_picked":["Dagger Spray","Bane"],"picked":"Blur+1","floor":38},{"not_picked":["Sucker Punch+1","Blade Dance","Bane+1"],"picked":"SKIP","floor":39},{"not_picked":["All Out Attack","Prepared"],"picked":"Backflip","floor":40},{"not_picked":["Choke+1","Accuracy+1"],"picked":"Backflip","floor":41},{"not_picked":["Sucker Punch+1","Choke+1","A Thousand Cuts"],"picked":"SKIP","floor":45},{"not_picked":["Tactician","Eviscerate+1"],"picked":"Catalyst+1","floor":46},{"not_picked":["Outmaneuver+1","Bane","Dagger Throw+1"],"picked":"SKIP","floor":48},{"not_picked":["Flying Knee+1","Acrobatics+1"],"picked":"Noxious Fumes+1","floor":54}],"player_experience":335034,"relics_obtained":[{"floor":8,"key":"Bird Faced Urn"},{"floor":9,"key":"Smiling Mask"},{"floor":13,"key":"Strawberry"},{"floor":21,"key":"Red Mask"},{"floor":26,"key":"Lantern"},{"floor":28,"key":"Mercury Hourglass"},{"floor":40,"key":"Bag of Marbles"},{"floor":44,"key":"PreservedInsect"},{"floor":46,"key":"Anchor"},{"floor":54,"key":"HornCleat"}],"event_choices":[{"damage_healed":0,"gold_gain":0,"player_choice":"Bought 0 Potions","damage_taken":0,"max_hp_gain":0,"max_hp_loss":0,"event_name":"The Woman in Blue","floor":10,"gold_loss":0},{"damage_healed":0,"gold_gain":0,"player_choice":"Fought Bandits","damage_taken":0,"max_hp_gain":0,"max_hp_loss":0,"event_name":"Masked Bandits","floor":21,"gold_loss":0},{"damage_healed":0,"gold_gain":100,"player_choice":"Pray","damage_taken":0,"max_hp_gain":0,"max_hp_loss":0,"event_name":"Golden Shrine","floor":37,"gold_loss":0},{"damage_healed":0,"gold_gain":0,"player_choice":"Embrace Madness","damage_taken":10,"max_hp_gain":0,"max_hp_loss":0,"event_name":"Winding Halls","floor":42,"gold_loss":0,"cards_obtained":["Madness","Madness"]}],"is_beta":false,"boss_relics":[{"not_picked":["Cursed Key","Philosopher\u0027s Stone"],"picked":"Pandora\u0027s Box"},{"not_picked":["Busted Crown","Velvet Choker"],"picked":"Fusion Hammer"}],"items_purged_floors":[24,29,47],"is_endless":false,"potions_floor_spawned":[2,5,8,13,14,16,18,19,20,28,35,38,40,45,54],"killed_by":"The Heart","ascension_level":9}}