{"host":"of8gj1gadsx6jhxl","time":1614115965,"event":{"mods":["BaseMod","Bestiary","Colored Map","Minty Spire (QoL Compilation)","Reliquary","Shop Mod","StSLib"],"gold_per_floor":[109,34,48,64,78,78,92,110,136,155,155,175,232,253,253,348,348,363,363,100,113,129,129,143,178,178,178,211,161,181,201,201,298,298,315,315,325,17,27,27,27,27,76,76,76,76],"floor_reached":45,"language":"ENG","playtime":5265,"items_purged":["Strike_P"],"score":524,"play_id":"3790bac9-6012-4c6f-99c8-b2d275f4f0c6","local_time":"20210223163245","is_ascension_mode":true,"campfire_choices":[{"data":"WindmillStrike","floor":6,"key":"SMITH"},{"floor":11,"key":"REST"},{"floor":15,"key":"REST"},{"data":"Prepared","floor":23,"key":"SMITH"},{"floor":27,"key":"REST"},{"floor":32,"key":"REST"},{"floor":40,"key":"RECALL"},{"floor":44,"key":"DIG"}],"circlet_count":0,"master_deck":["Defend_P","Defend_P","Defend_P","Defend_P","Eruption+1","Vigilance","WindmillStrike+1","Meditate","SandsOfTime+1","Perseverance+1","FlurryOfBlows+1","FlurryOfBlows+1","DeusExMachina+1","Worship","ReachHeaven","Prepared+1","Consecrate+1","Footwork+1","Discovery","Inflame","True Grit+1"],"relics":["Busted Crown","Orichalcum","Odd Mushroom","Astrolabe","PrismaticShard","Bronze Scales","Mercury Hourglass","reliquary:Spinner","reliquary:ThirdArm","Shovel","Whetstone","Happy Flower"],"acts_visited":["Exordium","TheCity","TheBeyond"],"potions_floor_usage":[5,22,25,39],"damage_taken":[{"damage":0,"enemies":"Cultist","floor":1,"turns":2},{"damage":0,"enemies":"Small Slimes","floor":3,"turns":3},{"damage":0,"enemies":"Jaw Worm","floor":4,"turns":3},{"damage":16,"enemies":"Large Slime","floor":5,"turns":5},{"damage":11,"enemies":"Lots of Slimes","floor":7,"turns":4},{"damage":21,"enemies":"Exordium Thugs","floor":8,"turns":4},{"damage":7,"enemies":"Red Slaver","floor":10,"turns":5},{"damage":4,"enemies":"3 Louse","floor":12,"turns":3},{"damage":8,"enemies":"The Mushroom Lair","floor":14,"turns":4},{"damage":3,"enemies":"The Guardian","floor":16,"turns":11},{"damage":0,"enemies":"Spheric Guardian","floor":18,"turns":3},{"damage":0,"enemies":"Chosen","floor":21,"turns":3},{"damage":11,"enemies":"Snake Plant","floor":22,"turns":4},{"damage":0,"enemies":"Centurion and Healer","floor":24,"turns":4},{"damage":33,"enemies":"Slavers","floor":25,"turns":6},{"damage":31,"enemies":"Gremlin Leader","floor":28,"turns":6},{"damage":1,"enemies":"Cultist and Chosen","floor":30,"turns":3},{"damage":0,"enemies":"Chosen and Byrds","floor":31,"turns":4},{"damage":0,"enemies":"Automaton","floor":33,"turns":6},{"damage":18,"enemies":"3 Shapes","floor":35,"turns":5},{"damage":9,"enemies":"3 Darklings","floor":37,"turns":5},{"damage":25,"enemies":"4 Shapes","floor":39,"turns":5},{"damage":36,"enemies":"Transient","floor":45,"turns":3}],"seed_played":"-6413955537430774714","potions_obtained":[{"floor":1,"key":"Explosive Potion"},{"floor":5,"key":"Ancient Potion"},{"floor":14,"key":"BlessingOfTheForge"},{"floor":16,"key":"CultistPotion"},{"floor":31,"key":"Regen Potion"},{"floor":39,"key":"Dexterity Potion"}],"is_trial":false,"path_per_floor":["M","$","M","M","M","R","M","M","T","M","R","M","?","?","R","B",null,"M","?","$","M","M","R","M","E","T","R","E","?","M","M","R","B",null,"M","?","M","$","M","R","?","?","T","R","M"],"character_chosen":"WATCHER","items_purchased":["Worship","PrismaticShard","ReachHeaven","Shovel"],"campfire_rested":4,"item_purchase_floors":[20,20,20,38],"current_hp_per_floor":[72,72,72,72,56,56,45,24,24,17,38,34,34,26,47,44,72,72,72,72,72,61,61,61,28,28,49,18,18,17,17,38,38,72,54,54,45,45,32,32,32,32,32,32,0,0],"gold":76,"neow_bonus":"BOSS_RELIC","is_daily":false,"chose_seed":false,"campfire_upgraded":2,"win_rate":0.0,"timestamp":1614115965,"path_taken":["M","?","M","M","?","R","M","M","T","M","R","M","?","?","R","BOSS","M","?","$","?","M","R","M","E","T","R","E","?","M","M","R","BOSS","M","?","M","$","M","R","?","?","T","R","M"],"items_purchased_type":["Card","Relic","Card","Relic"],"build_version":"2020-12-22","purchased_purges":1,"victory":false,"max_hp_per_floor":[72,72,72,72,72,72,72,72,72,72,72,72,72,72,72,72,72,72,72,72,72,72,72,72,72,72,72,72,72,72,72,72,72,72,72,72,72,72,72,72,72,72,72,72,72,72],"card_choices":[{"not_picked":[],"picked":"WindmillStrike","floor":1},{"not_picked":["PathToVictory"],"picked":"SKIP","floor":3},{"not_picked":["ClearTheMind"],"picked":"SKIP","floor":4},{"not_picked":[],"picked":"Meditate","floor":5},{"not_picked":["CutThroughFate"],"picked":"SKIP","floor":7},{"not_picked":["CutThroughFate"],"picked":"SKIP","floor":8},{"not_picked":[],"picked":"Prostrate","floor":10},{"not_picked":[],"picked":"SandsOfTime","floor":12},{"not_picked":[],"picked":"Perseverance","floor":14},{"not_picked":["FlyingSleeves"],"picked":"SKIP","floor":18},{"not_picked":["Indignation"],"picked":"SKIP","floor":21},{"not_picked":[],"picked":"Prepared","floor":22},{"not_picked":["Go for the Eyes"],"picked":"SKIP","floor":24},{"not_picked":[],"picked":"Consecrate+1","floor":25},{"not_picked":[],"picked":"Footwork","floor":28},{"not_picked":["Clash"],"picked":"SKIP","floor":30},{"not_picked":["Perfected Strike"],"picked":"SKIP","floor":31},{"not_picked":["Twin Strike+1"],"picked":"SKIP","floor":35},{"not_picked":[],"picked":"Discovery","floor":36},{"not_picked":[],"picked":"Inflame","floor":37},{"not_picked":[],"picked":"True Grit+1","floor":39}],"player_experience":130274,"relics_obtained":[{"floor":9,"key":"Orichalcum"},{"floor":14,"key":"Odd Mushroom"},{"floor":25,"key":"Bronze Scales"},{"floor":26,"key":"Mercury Hourglass"},{"floor":28,"key":"reliquary:Spinner"},{"floor":43,"key":"Whetstone"},{"floor":44,"key":"Happy Flower"}],"event_choices":[{"damage_healed":0,"gold_gain":57,"player_choice":"Gained Gold","damage_taken":0,"max_hp_gain":0,"max_hp_loss":0,"event_name":"Golden Wing","floor":13,"gold_loss":0},{"damage_healed":0,"gold_gain":0,"player_choice":"Fought Mushrooms","damage_taken":0,"max_hp_gain":0,"max_hp_loss":0,"event_name":"Mushrooms","floor":14,"gold_loss":0},{"damage_healed":0,"gold_gain":0,"player_choice":"Forge","damage_taken":0,"max_hp_gain":0,"max_hp_loss":0,"event_name":"Accursed Blacksmith","floor":19,"gold_loss":0,"cards_upgraded":["Perseverance"]},{"damage_healed":0,"gold_gain":0,"player_choice":"Bet on Owner","damage_taken":0,"max_hp_gain":0,"max_hp_loss":0,"event_name":"The Joust","floor":29,"gold_loss":50},{"damage_healed":0,"gold_gain":0,"player_choice":"Memory 1","damage_taken":0,"max_hp_gain":0,"max_hp_loss":0,"event_name":"SensoryStone","floor":36,"gold_loss":0},{"cards_removed":["Prostrate"],"damage_healed":0,"gold_gain":0,"player_choice":"Removed Skill","damage_taken":0,"max_hp_gain":0,"max_hp_loss":0,"event_name":"Falling","floor":41,"gold_loss":0},{"damage_healed":0,"gold_gain":0,"player_choice":"Upgraded","damage_taken":0,"max_hp_gain":0,"max_hp_loss":0,"event_name":"Upgrade Shrine","floor":42,"gold_loss":0,"cards_upgraded":["Footwork"]}],"is_beta":false,"boss_relics":[{"not_picked":["Sozu","Ectoplasm"],"picked":"Astrolabe"},{"not_picked":["Empty Cage","Runic Pyramid"],"picked":"reliquary:ThirdArm"}],"items_purged_floors":[2],"is_endless":false,"potions_floor_spawned":[1,5,14,16,18,31,39],"killed_by":"Transient","ascension_level":1}}