{"host":"g907ck67u7c3hrs6","time":1614054318,"event":{"mods":["BaseMod","Colored Map","DeckTracker","Force Act Four","Highlight Path","Keyboard Shortcuts","Minty Spire (QoL Compilation)","Permanent Neow","Say the Spire","SuperFastMode"],"gold_per_floor":[114,128,146,163,174,207,207,235,235,262,277,277,303,337,337,416,416,432,444,359,299,349,383,383,409,409,409,26,26,56,84,84,163,163,177,193,193,193,207,207,242,275,275,305,337,367,225,275,275,275,275,275,275,24,50,50],"floor_reached":57,"language":"KOR","playtime":2552,"items_purged":["Noxious Fumes","PiercingWail"],"score":4174,"play_id":"c8a07418-5413-4a77-baa8-5bcfd77b7ff2","local_time":"20210223132518","daily_mods":["SealedDeck","Heirloom","Time Dilation","Flight","DeadlyEvents","Elite Swarm"],"is_ascension_mode":true,"campfire_choices":[{"data":"Tactician","floor":7,"key":"SMITH"},{"data":"Reflex","floor":12,"key":"SMITH"},{"data":"Concentrate","floor":15,"key":"SMITH"},{"data":"Acrobatics","floor":24,"key":"SMITH"},{"data":"Acrobatics","floor":27,"key":"SMITH"},{"data":"Malaise","floor":29,"key":"SMITH"},{"data":"Leg Sweep","floor":32,"key":"PURGE"},{"data":"Eviscerate","floor":40,"key":"SMITH"},{"floor":49,"key":"RECALL"},{"data":"Master of Strategy","floor":53,"key":"SMITH"}],"circlet_count":0,"master_deck":["AscendersBane","Acrobatics+1","Acrobatics+1","Backflip+1","Backflip+1","Reflex+1","Tactician+1","Concentrate+1","A Thousand Cuts+1","After Image+1","Malaise+1","Wraith Form v2+1","Acrobatics+1","Master of Strategy+1","Eviscerate+1","Wraith Form v2+1","Wraith Form v2+1","Blur","Footwork+1","Footwork+1"],"relics":["Ring of the Snake","The Specimen","Eternal Feather","Frozen Egg 2","Dead Branch","The Courier","Ginger","Coffee Dripper","Kunai","Prayer Wheel","Whetstone","Happy Flower","Gambling Chip","Bag of Preparation","Peace Pipe","Tingsha","Black Star","Bag of Marbles","Ancient Tea Set","Omamori","Mummified Hand","Molten Egg 2","Dream Catcher","Art of War","Shuriken","Incense Burner","Oddly Smooth Stone","Unceasing Top","Snake Skull","War Paint","Du-Vu Doll","Pocketwatch"],"acts_visited":["Exordium","TheCity","TheBeyond","TheEnding"],"potions_floor_usage":[44,56],"damage_taken":[{"damage":0,"enemies":"2 Louse","floor":1,"turns":1},{"damage":0,"enemies":"Small Slimes","floor":2,"turns":1},{"damage":0,"enemies":"Cultist","floor":3,"turns":1},{"damage":0,"enemies":"Blue Slaver","floor":4,"turns":1},{"damage":0,"enemies":"Large Slime","floor":5,"turns":1},{"damage":0,"enemies":"3 Sentries","floor":6,"turns":3},{"damage":0,"enemies":"Gremlin Nob","floor":8,"turns":1},{"damage":0,"enemies":"3 Sentries","floor":10,"turns":1},{"damage":0,"enemies":"Gremlin Gang","floor":11,"turns":1},{"damage":0,"enemies":"Gremlin Nob","floor":13,"turns":1},{"damage":0,"enemies":"Lagavulin","floor":14,"turns":2},{"damage":0,"enemies":"Slime Boss","floor":16,"turns":1},{"damage":0,"enemies":"Chosen","floor":18,"turns":1},{"damage":0,"enemies":"3 Byrds","floor":19,"turns":1},{"damage":0,"enemies":"Gremlin Leader","floor":23,"turns":1},{"damage":18,"enemies":"Slavers","floor":25,"turns":5},{"damage":0,"enemies":"Gremlin Leader","floor":30,"turns":1},{"damage":0,"enemies":"Book of Stabbing","floor":31,"turns":1},{"damage":0,"enemies":"Champ","floor":33,"turns":1},{"damage":0,"enemies":"3 Shapes","floor":35,"turns":1},{"damage":0,"enemies":"3 Darklings","floor":36,"turns":1},{"damage":0,"enemies":"4 Shapes","floor":39,"turns":1},{"damage":0,"enemies":"Giant Head","floor":41,"turns":1},{"damage":0,"enemies":"Reptomancer","floor":42,"turns":1},{"damage":0,"enemies":"Giant Head","floor":44,"turns":1},{"damage":0,"enemies":"Reptomancer","floor":45,"turns":1},{"damage":0,"enemies":"Giant Head","floor":46,"turns":1},{"damage":0,"enemies":"Time Eater","floor":50,"turns":3},{"damage":0,"enemies":"Awakened One","floor":51,"turns":2},{"damage":0,"enemies":"Shield and Spear","floor":55,"turns":1},{"damage":3,"enemies":"The Heart","floor":56,"turns":6}],"seed_played":"5085899554273953552","potions_obtained":[{"floor":3,"key":"LiquidBronze"},{"floor":8,"key":"DuplicationPotion"},{"floor":35,"key":"DuplicationPotion"},{"floor":44,"key":"Fruit Juice"}],"is_trial":true,"path_per_floor":["M","M","M","M","M","E","R","E","T","E","M","R","E","E","R","B",null,"M","M","?","$","?","E","R","E","T","R","$","R","E","E","R","B",null,"M","M","?","?","M","R","E","E","T","E","E","E","$","T","R","B","B",null,"R","$","E","B",null],"character_chosen":"THE_SILENT","items_purchased":["Gambling Chip","Bag of Preparation","Blur","Footwork+1","Footwork+1","War Paint"],"campfire_rested":0,"item_purchase_floors":[28,28,47,54,54,54],"current_hp_per_floor":[59,59,59,59,59,59,65,65,65,65,65,66,66,66,66,66,66,66,66,66,66,66,66,66,48,48,57,57,66,66,66,66,66,66,66,66,66,56,56,65,65,65,65,70,70,70,70,70,71,71,71,71,71,71,71,68],"gold":50,"neow_bonus":"","is_daily":false,"chose_seed":false,"campfire_upgraded":8,"win_rate":0.0,"timestamp":1614054318,"path_taken":["M","M","M","M","M","E","R","E","T","E","M","R","E","E","R","BOSS","M","M","?","$","?","E","R","E","T","R","$","R","E","E","R","BOSS","M","M","?","?","?","R","E","E","T","E","?","E","$","?","R","BOSS","BOSS","R","$","E","BOSS"],"items_purchased_type":["Relic","Relic","Card","Card","Card","Relic"],"build_version":"2020-12-22","purchased_purges":2,"victory":true,"max_hp_per_floor":[66,66,66,66,66,66,66,66,66,66,66,66,66,66,66,66,66,66,66,66,66,66,66,66,66,66,66,66,66,66,66,66,66,66,66,66,66,66,66,66,66,66,66,71,71,71,71,71,71,71,71,71,71,71,71,71],"card_choices":[{"not_picked":["Backflip","Prepared","Dodge and Roll"],"picked":"SKIP","floor":1},{"not_picked":["Bouncing Flask","Sucker Punch"],"picked":"Concentrate","floor":2},{"not_picked":["Deflect","Cloak And Dagger","Tactician"],"picked":"SKIP","floor":3},{"not_picked":["Well Laid Plans","Dagger Spray","Acrobatics"],"picked":"SKIP","floor":4},{"not_picked":["Sucker Punch","Bane","Backflip"],"picked":"SKIP","floor":5},{"not_picked":["Phantasmal Killer","Venomology","Wraith Form v2"],"picked":"SKIP","floor":6},{"not_picked":["Night Terror","Burst","Bullet Time"],"picked":"SKIP","floor":8},{"not_picked":["Venomology","Die Die Die","Night Terror"],"picked":"SKIP","floor":10},{"not_picked":["Poisoned Stab","Flying Knee","Riddle With Holes"],"picked":"SKIP","floor":11},{"not_picked":["Bullet Time","Glass Knife"],"picked":"A Thousand Cuts+1","floor":13},{"not_picked":["Bullet Time","Burst","Phantasmal Killer"],"picked":"SKIP","floor":14},{"not_picked":["Night Terror","Doppelganger"],"picked":"After Image+1","floor":16},{"not_picked":["Caltrops+1","Slice","Acrobatics"],"picked":"SKIP","floor":18},{"not_picked":["Leg Sweep","Blade Dance+1","Deflect"],"picked":"SKIP","floor":19},{"not_picked":["Leg Sweep","Blade Dance+1","Deflect"],"picked":"SKIP","floor":19},{"not_picked":["Doppelganger","Storm of Steel"],"picked":"Malaise","floor":23},{"not_picked":["Envenom+1","Venomology"],"picked":"Wraith Form v2+1","floor":25},{"not_picked":["A Thousand Cuts+1","Unload","Storm of Steel"],"picked":"SKIP","floor":30},{"not_picked":["Unload","Phantasmal Killer","Burst"],"picked":"SKIP","floor":31},{"not_picked":["Backflip","Dagger Throw+1"],"picked":"Acrobatics+1","floor":35},{"not_picked":["Slice+1","Flying Knee","Predator+1"],"picked":"SKIP","floor":35},{"not_picked":["Dagger Throw+1","Cloak And Dagger","Dodge and Roll"],"picked":"SKIP","floor":36},{"not_picked":["All Out Attack","Dodge and Roll+1","Dagger Spray"],"picked":"SKIP","floor":36},{"not_picked":["Forethought","Panache+1"],"picked":"Master of Strategy","floor":38},{"not_picked":["Deadly Poison+1","Flechettes"],"picked":"Eviscerate","floor":39},{"not_picked":["Bane","Backflip","Slice"],"picked":"SKIP","floor":39},{"not_picked":["Phantasmal Killer","Doppelganger","A Thousand Cuts+1"],"picked":"SKIP","floor":41},{"not_picked":["Phantasmal Killer","Grand Finale"],"picked":"Wraith Form v2+1","floor":42},{"not_picked":["Burst","Glass Knife+1"],"picked":"Wraith Form v2+1","floor":44},{"not_picked":["Phantasmal Killer","Storm of Steel","Corpse Explosion"],"picked":"SKIP","floor":45},{"not_picked":["Phantasmal Killer","Storm of Steel","Doppelganger"],"picked":"SKIP","floor":46},{"not_picked":["Unload+1","A Thousand Cuts+1","Wraith Form v2+1"],"picked":"SKIP","floor":55}],"player_experience":346387,"relics_obtained":[{"floor":6,"key":"Eternal Feather"},{"floor":8,"key":"Frozen Egg 2"},{"floor":10,"key":"Dead Branch"},{"floor":13,"key":"The Courier"},{"floor":14,"key":"Ginger"},{"floor":23,"key":"Prayer Wheel"},{"floor":25,"key":"Whetstone"},{"floor":26,"key":"Happy Flower"},{"floor":30,"key":"Peace Pipe"},{"floor":31,"key":"Tingsha"},{"floor":41,"key":"Bag of Marbles"},{"floor":41,"key":"Ancient Tea Set"},{"floor":42,"key":"Omamori"},{"floor":42,"key":"Mummified Hand"},{"floor":43,"key":"Molten Egg 2"},{"floor":44,"key":"Dream Catcher"},{"floor":44,"key":"Art of War"},{"floor":45,"key":"Shuriken"},{"floor":45,"key":"Incense Burner"},{"floor":46,"key":"Oddly Smooth Stone"},{"floor":46,"key":"Unceasing Top"},{"floor":48,"key":"Snake Skull"},{"floor":55,"key":"Du-Vu Doll"},{"floor":55,"key":"Pocketwatch"}],"event_choices":[{"damage_healed":0,"gold_gain":0,"player_choice":"Obtained Relic","damage_taken":0,"relics_obtained":["Kunai"],"max_hp_gain":0,"max_hp_loss":0,"event_name":"Addict","floor":20,"gold_loss":85},{"damage_healed":0,"gold_gain":50,"player_choice":"Stole From Cult","damage_taken":0,"max_hp_gain":0,"max_hp_loss":0,"event_name":"Nest","floor":22,"gold_loss":0},{"cards_removed":["Dagger Throw"],"damage_healed":0,"gold_gain":0,"player_choice":"Removed Attack","damage_taken":0,"max_hp_gain":0,"max_hp_loss":0,"event_name":"Falling","floor":37,"gold_loss":0},{"damage_healed":0,"gold_gain":0,"player_choice":"Memory 3","damage_taken":10,"max_hp_gain":0,"max_hp_loss":0,"event_name":"SensoryStone","floor":38,"gold_loss":0}],"is_beta":false,"boss_relics":[{"not_picked":["WristBlade","SacredBark"],"picked":"Coffee Dripper"},{"not_picked":["Busted Crown","Runic Dome"],"picked":"Black Star"}],"items_purged_floors":[21,47],"is_endless":false,"potions_floor_spawned":[3,8,10,11,23,30,33,35,36,39,44],"ascension_level":20}}