{"host":"1a8lb11wemezctea","time":1614122358,"event":{"mods":["BaseMod","Colored Powertips","Highlight Path","Minty Spire (QoL Compilation)"],"gold_per_floor":[119,119,131,145,1,1,33,33,33,33,43,58,8,43,43,117,117,127,127,127,52,65,91,91,91,171,187,205,222,222,234,234,234,234],"floor_reached":33,"language":"ENG","playtime":2170,"items_purged":["Strike_G"],"score":485,"play_id":"9d8c8b81-477a-497e-9a4e-445cc33e8670","local_time":"20210223181918","is_ascension_mode":true,"campfire_choices":[{"data":"Distraction","floor":6,"key":"SMITH"},{"floor":8,"key":"REST"},{"data":"Well Laid Plans","floor":15,"key":"SMITH"},{"data":"Burst","floor":25,"key":"SMITH"},{"floor":30,"key":"REST"},{"floor":32,"key":"REST"}],"circlet_count":0,"master_deck":["AscendersBane","Strike_G+1","Strike_G+1","Strike_G+1","Defend_G+1","Defend_G+1","Defend_G+1","Defend_G+1","Defend_G+1","Survivor","Neutralize","Riddle With Holes","Burst+1","Distraction+1","Blade Dance","Slice","Dagger Throw","Well Laid Plans+1","Predator","Bullet Time","Poisoned Stab+1","Backstab","Accuracy","Escape Plan+1","Dodge and Roll","Blade Dance","Dagger Spray+1"],"relics":["Ring of the Snake","Pen Nib","Bottled Tornado","SacredBark","Dream Catcher","Nloth\u0027s Gift","Question Card"],"acts_visited":["Exordium","TheCity"],"potions_floor_usage":[7,14,14,16,22,23,29,33],"damage_taken":[{"damage":1,"enemies":"Cultist","floor":1,"turns":5},{"damage":0,"enemies":"Jaw Worm","floor":3,"turns":4},{"damage":0,"enemies":"2 Louse","floor":4,"turns":2},{"damage":29,"enemies":"Gremlin Nob","floor":7,"turns":5},{"damage":1,"enemies":"2 Fungi Beasts","floor":11,"turns":4},{"damage":0,"enemies":"Gremlin Gang","floor":12,"turns":4},{"damage":17,"enemies":"3 Sentries","floor":14,"turns":7},{"damage":15,"enemies":"The Guardian","floor":16,"turns":10},{"damage":7,"enemies":"Chosen","floor":18,"turns":4},{"damage":1,"enemies":"Shell Parasite","floor":22,"turns":3},{"damage":10,"enemies":"Gremlin Leader","floor":23,"turns":5},{"damage":12,"enemies":"Chosen and Byrds","floor":27,"turns":6},{"damage":25,"enemies":"Cultist and Chosen","floor":28,"turns":7},{"damage":0,"enemies":"Snake Plant","floor":29,"turns":5},{"damage":14,"enemies":"Sentry and Sphere","floor":31,"turns":6},{"damage":48,"enemies":"Collector","floor":33,"turns":6}],"seed_played":"-3650275019743307782","potions_obtained":[{"floor":4,"key":"Weak Potion"},{"floor":11,"key":"ColorlessPotion"},{"floor":14,"key":"Strength Potion"},{"floor":16,"key":"SteroidPotion"},{"floor":22,"key":"ColorlessPotion"},{"floor":28,"key":"Dexterity Potion"},{"floor":31,"key":"BlessingOfTheForge"}],"is_trial":false,"path_per_floor":["M","?","M","M","$","R","E","R","T","$","M","M","$","E","R","B",null,"M","?","?","?","M","E","?","R","T","M","M","M","R","M","R","B"],"character_chosen":"THE_SILENT","items_purchased":["Slice","Dagger Throw","Strength Potion"],"campfire_rested":3,"item_purchase_floors":[5,5,13],"current_hp_per_floor":[58,58,58,58,58,58,29,48,48,48,47,47,47,32,32,19,54,49,49,49,49,50,42,42,42,42,30,5,5,24,10,29,0,0],"gold":234,"neow_bonus":"RANDOM_COMMON_RELIC","is_daily":false,"chose_seed":false,"campfire_upgraded":3,"win_rate":0.0,"timestamp":1614122358,"path_taken":["M","?","?","M","$","R","E","R","T","$","M","M","$","E","R","BOSS","M","?","?","?","M","E","?","R","T","?","?","M","R","M","R","BOSS"],"items_purchased_type":["Card","Card","Potion"],"build_version":"2020-12-22","purchased_purges":1,"victory":false,"max_hp_per_floor":[66,66,66,66,66,66,66,66,66,66,66,66,66,66,66,66,66,66,66,66,66,66,66,66,66,66,66,66,66,66,66,66,66,66],"card_choices":[{"not_picked":["Sucker Punch","Blur"],"picked":"Riddle With Holes","floor":1},{"not_picked":["Slice","Dash"],"picked":"Distraction","floor":3},{"not_picked":["Dagger Throw","Poisoned Stab"],"picked":"Blade Dance","floor":4},{"not_picked":["Bouncing Flask","Bane","Underhanded Strike"],"picked":"SKIP","floor":7},{"not_picked":["Setup","Deadly Poison"],"picked":"Well Laid Plans","floor":11},{"not_picked":["Dodge and Roll","Noxious Fumes"],"picked":"Predator","floor":12},{"not_picked":["Acrobatics","Choke"],"picked":"Quick Slash","floor":14},{"not_picked":["Malaise","Unload"],"picked":"Bullet Time","floor":16},{"not_picked":["Poisoned Stab","Bouncing Flask","Dagger Throw"],"picked":"SKIP","floor":18},{"not_picked":["Dodge and Roll","Tactician"],"picked":"Poisoned Stab+1","floor":22},{"not_picked":["Outmaneuver","Burst"],"picked":"Backstab","floor":23},{"not_picked":["Cloak And Dagger","Dagger Spray","A Thousand Cuts"],"picked":"Accuracy","floor":27},{"not_picked":["Flying Knee+1","Cloak And Dagger","A Thousand Cuts"],"picked":"Escape Plan+1","floor":28},{"not_picked":["Outmaneuver","Backstab","Concentrate"],"picked":"Dodge and Roll","floor":29},{"not_picked":["Flying Knee+1","Escape Plan","Deadly Poison"],"picked":"Blade Dance","floor":31},{"not_picked":["Envenom","Blade Dance","Deflect"],"picked":"Dagger Spray+1","floor":32}],"player_experience":320111,"relics_obtained":[{"floor":7,"key":"Bird Faced Urn"},{"floor":14,"key":"Bottled Tornado"},{"floor":23,"key":"Dream Catcher"},{"floor":26,"key":"Question Card"}],"event_choices":[{"damage_healed":0,"gold_gain":0,"cards_transformed":["Strike_G"],"player_choice":"Transformed","damage_taken":0,"max_hp_gain":0,"max_hp_loss":0,"event_name":"Transmorgrifier","floor":2,"gold_loss":0,"cards_obtained":["Burst"]},{"damage_healed":0,"gold_gain":0,"player_choice":"Simplicity","damage_taken":0,"max_hp_gain":0,"max_hp_loss":0,"event_name":"Back to Basics","floor":19,"gold_loss":0,"cards_upgraded":["Strike_G","Strike_G","Strike_G","Defend_G","Defend_G","Defend_G","Defend_G","Defend_G"]},{"damage_healed":0,"gold_gain":0,"player_choice":"Ignored","damage_taken":0,"max_hp_gain":0,"max_hp_loss":0,"event_name":"Vampires","floor":20,"gold_loss":0},{"cards_removed":["Quick Slash"],"damage_healed":0,"gold_gain":0,"player_choice":"Gave Gold","damage_taken":0,"max_hp_gain":0,"max_hp_loss":0,"event_name":"Beggar","floor":21,"gold_loss":75},{"damage_healed":0,"gold_gain":0,"player_choice":"Traded Relic","damage_taken":0,"relics_obtained":["Nloth\u0027s Gift"],"max_hp_gain":0,"max_hp_loss":0,"event_name":"N\u0027loth","floor":24,"relics_lost":["Bird Faced Urn"],"gold_loss":0}],"is_beta":false,"boss_relics":[{"not_picked":["Runic Pyramid","Philosopher\u0027s Stone"],"picked":"SacredBark"}],"items_purged_floors":[5],"is_endless":false,"potions_floor_spawned":[4,11,14,16,22,28,31],"killed_by":"Collector","ascension_level":15}}