{"host":"eaiphzh066bwqdh7","time":1614040676,"event":{"mods":["AchievementEnabler","Aspiration","BaseMod","Bestiary","Better Note","Better Third Choice","Colored Powertips","Curses Come First","GifTheSpireLib","Halation","Highlight Path","Hubris","Infinite Spire","Minty Spire (QoL Compilation)","Quick Restart","Reliquary","Replay The Spire","StSLib","Stuff the Spire"],"gold_per_floor":[112,112,37,37,52,52,70,70,95,95,110,126,126,145,145,246,246,261,360,378,378,378,378,396,396,396,428,428,458,208,208,208,306,306,326,338,338,338,36,64,64,64,64,79,79,12,28,40,40,40,40],"floor_reached":50,"language":"ENG","playtime":1785,"items_purged":["Bash","StuffTheSpire:CuriosityCurse","Strike_R"],"score":866,"play_id":"623504aa-0986-4ba6-bdae-c79d25d53ee2","local_time":"20210222193756","is_ascension_mode":true,"campfire_choices":[{"floor":6,"key":"REST"},{"floor":8,"key":"REST"},{"data":"infinitespire:TheBestDefense","floor":10,"key":"SMITH"},{"data":"Bludgeon","floor":13,"key":"SMITH"},{"data":"Hemokinesis","floor":15,"key":"SMITH"},{"floor":23,"key":"REST"},{"floor":25,"key":"REST"},{"floor":28,"key":"REST"},{"floor":32,"key":"REST"},{"floor":41,"key":"REST"},{"floor":45,"key":"REST"},{"floor":49,"key":"REST"}],"circlet_count":0,"master_deck":["Strike_R","Strike_R","Strike_R+1","Defend_R","Defend_R","Defend_R+1","Bludgeon+1","Infernal Blade","infinitespire:TheBestDefense+1","Flex","Armaments","Flex","Hemokinesis+1","Juggernaut","Spreading Infection","Fiend Fire","Discovery","hubris:Fate","Battle Trance+1","StuffTheSpire:Incineration+1","Flex+1","Armaments+1","Hemogenesis","infinitespire:TheBestDefense+1","Reaper","Perfected Strike+1","hubris:InfiniteBlow+2","Madness","Limit Break","ReplayTheSpireMod:Stacked","Parasite"],"relics":["Burning Blood","hubris:KleinBottle","hubris:EvacipatedBox","FaceOfCleric","Bag of Marbles","ReplayTheSpireMod:SealedPack","Lantern","Replay:Accelerometer","Replay:Towering Pillar of Hats","Red Mask","Simple Rune","Empty Cage","Replay:Arrowhead","Strawberry","Pen Nib","aspiration:FetidBarrel","Singing Bowl","Juzu Bracelet"],"acts_visited":["Exordium","TheCity","TheBeyond"],"potions_floor_usage":[16,20,33,33,40,40,50],"damage_taken":[{"damage":1,"enemies":"Cultist","floor":1,"turns":3},{"damage":1,"enemies":"Jaw Worm","floor":5,"turns":3},{"damage":9,"enemies":"2 Louse","floor":7,"turns":3},{"damage":2,"enemies":"Blue Slaver","floor":11,"turns":4},{"damage":0,"enemies":"Large Slime","floor":12,"turns":4},{"damage":20,"enemies":"3 Louse","floor":14,"turns":5},{"damage":41,"enemies":"Slime Boss","floor":16,"turns":8},{"damage":31,"enemies":"Chosen","floor":18,"turns":4},{"damage":19,"enemies":"Shell Parasite","floor":20,"turns":3},{"damage":19,"enemies":"Sentry and Sphere","floor":24,"turns":4},{"damage":14,"enemies":"Replay:Snechameleon","floor":27,"turns":4},{"damage":28,"enemies":"Masked Bandits","floor":29,"turns":4},{"damage":99,"enemies":"Pondfish","floor":33,"turns":13},{"damage":24,"enemies":"3 Shapes","floor":35,"turns":2},{"damage":0,"enemies":"Orb Walker","floor":36,"turns":4},{"damage":80,"enemies":"Nightmare","floor":40,"turns":8},{"damage":0,"enemies":"Writhing Mass","floor":44,"turns":2},{"damage":50,"enemies":"Sphere and 2 Shapes","floor":47,"turns":4},{"damage":80,"enemies":"4 Shapes","floor":48,"turns":4},{"damage":64,"enemies":"Time Eater","floor":50,"turns":7}],"seed_played":"-4599710052397367202","potions_obtained":[{"floor":5,"key":"PowerPotion"},{"floor":11,"key":"BloodPotion"},{"floor":12,"key":"SteroidPotion"},{"floor":18,"key":"Explosive Potion"},{"floor":27,"key":"Toxic Potion"},{"floor":36,"key":"ColorlessPotion"},{"floor":44,"key":"AttackPotion"}],"is_trial":false,"path_per_floor":["M","$","$","?","M","R","M","R","T","R","M","M","R","M","R","B",null,"M","?","M","?","?","R","M","R","T","E","R","?","$","?","R","B",null,"M","M","AVR","?","$","NM","R","?","T","M","R","?","M","M","R","B"],"character_chosen":"IRONCLAD","items_purchased":["hubris:KleinBottle","hubris:EvacipatedBox","Simple Rune","Strawberry","Pen Nib"],"campfire_rested":9,"item_purchase_floors":[2,2,30,39,39],"current_hp_per_floor":[61,23,23,23,29,53,51,75,75,75,80,84,84,71,71,37,74,50,50,38,38,21,48,36,64,64,57,85,64,64,64,92,19,78,61,78,78,78,85,30,62,62,62,71,104,104,91,20,54,0,0],"gold":40,"neow_bonus":"THREE_RARE_CARDS","is_daily":false,"chose_seed":false,"campfire_upgraded":3,"win_rate":0.0,"timestamp":1614040676,"path_taken":["M","?","$","?","M","R","M","R","T","R","?","M","R","M","R","BOSS","M","?","M","?","?","R","M","R","T","E","R","?","$","?","R","BOSS","M","M","AVR","?","$","NM","R","?","T","?","R","?","M","M","R","BOSS"],"items_purchased_type":["Relic","Relic","Relic","Relic","Relic"],"build_version":"2020-12-22","purchased_purges":3,"victory":false,"max_hp_per_floor":[80,80,80,80,81,81,82,82,82,82,83,84,84,85,85,86,86,87,87,88,88,93,93,94,94,94,95,95,96,96,96,96,97,97,98,99,99,99,106,107,107,107,107,110,110,110,113,116,116,116,116],"card_choices":[{"not_picked":["Corruption","Fiend Fire"],"picked":"Bludgeon","floor":0},{"not_picked":["Run Through","Clothesline"],"picked":"Infernal Blade","floor":1},{"not_picked":["infinitespire:SealOfDarkness+","infinitespire:Menacing"],"picked":"infinitespire:TheBestDefense","floor":2},{"not_picked":["ReplayTheSpireMod:Corrosion Curse","Run Through"],"picked":"Flex","floor":5},{"not_picked":["Run Through","hubris:SharpeningStone"],"picked":"Armaments","floor":7},{"not_picked":["Reckless Charge","StuffTheSpire:Slingshot"],"picked":"Flex","floor":11},{"not_picked":["Clothesline","Entrench","Shrug It Off"],"picked":"SKIP","floor":12},{"not_picked":["Headbutt","Uppercut"],"picked":"Hemokinesis","floor":14},{"not_picked":["Hemogenesis","Barricade"],"picked":"Juggernaut","floor":16},{"not_picked":["m_Survivalism","hubris:MerchantsHand"],"picked":"Eruption","floor":17},{"not_picked":["Eclipse","Demonic Infusion"],"picked":"Fiend Fire","floor":17},{"not_picked":["Blind","Survey Options"],"picked":"Discovery","floor":17},{"not_picked":["ReplayTheSpireMod:Echoes of Time","infinitespire:FutureSight"],"picked":"hubris:Fate","floor":17},{"not_picked":["Flex","Massacre+1"],"picked":"Battle Trance+1","floor":18},{"not_picked":["Body Slam+1","Pommel Strike+1"],"picked":"StuffTheSpire:Incineration+1","floor":20},{"not_picked":["Sword Boomerang","Cleave"],"picked":"Flex+1","floor":24},{"not_picked":["Dropkick+1","Run Through"],"picked":"Armaments+1","floor":27},{"not_picked":["Flex+1","Perfected Strike"],"picked":"Hemogenesis","floor":29},{"not_picked":["Offering","Immolate"],"picked":"Reaper","floor":33},{"not_picked":["Twin Strike+1","Second Wind+1","Cleave+1"],"picked":"SKIP","floor":35},{"not_picked":["Run Through","Twin Strike"],"picked":"Perfected Strike+1","floor":36},{"not_picked":["Replay:Parry","Blind"],"picked":"Madness","floor":38},{"not_picked":["Pummel+1","Replay:Undeath\u0027s Touch+1"],"picked":"Limit Break","floor":40},{"not_picked":["Warcry","Ghostly Armor","Pommel Strike"],"picked":"Singing Bowl","floor":44},{"not_picked":["Headbutt+1","Pommel Strike+1","Armaments"],"picked":"Singing Bowl","floor":47},{"not_picked":["Havoc","Wild Strike+1","StuffTheSpire:RockThrow+1"],"picked":"Singing Bowl","floor":48}],"player_experience":345910,"relics_obtained":[{"floor":9,"key":"Bag of Marbles"},{"floor":26,"key":"Replay:Accelerometer"},{"floor":27,"key":"Replay:Towering Pillar of Hats"},{"floor":29,"key":"Red Mask"},{"floor":40,"key":"aspiration:FetidBarrel"},{"floor":43,"key":"Singing Bowl"}],"event_choices":[{"damage_healed":0,"gold_gain":0,"player_choice":"Trade","damage_taken":0,"relics_obtained":["FaceOfCleric"],"max_hp_gain":0,"max_hp_loss":0,"event_name":"FaceTrader","floor":4,"gold_loss":0},{"damage_healed":0,"gold_gain":99,"player_choice":"Steal","damage_taken":0,"max_hp_gain":0,"max_hp_loss":0,"event_name":"betterThird:BetterNest","floor":19,"gold_loss":0},{"damage_healed":0,"gold_gain":0,"player_choice":"Shed Blood","damage_taken":22,"max_hp_gain":5,"max_hp_loss":0,"event_name":"Forgotten Altar","floor":22,"gold_loss":0},{"damage_healed":0,"gold_gain":0,"player_choice":"Fought Bandits","damage_taken":0,"max_hp_gain":0,"max_hp_loss":0,"event_name":"Masked Bandits","floor":29,"gold_loss":0},{"damage_healed":0,"gold_gain":0,"player_choice":"Copied","damage_taken":0,"max_hp_gain":0,"max_hp_loss":0,"event_name":"Duplicator","floor":31,"gold_loss":0,"cards_obtained":["infinitespire:TheBestDefense"]},{"damage_healed":0,"gold_gain":0,"player_choice":"Memory 1","damage_taken":0,"max_hp_gain":0,"max_hp_loss":0,"event_name":"SensoryStone","floor":38,"gold_loss":0},{"damage_healed":0,"gold_gain":0,"cards_transformed":["Eruption"],"player_choice":"Transformed","damage_taken":0,"max_hp_gain":0,"max_hp_loss":0,"event_name":"Transmorgrifier","floor":42,"gold_loss":0,"cards_obtained":["ReplayTheSpireMod:Stacked"]},{"damage_healed":0,"gold_gain":0,"player_choice":"Paid Gold","damage_taken":0,"relics_obtained":["Juzu Bracelet"],"max_hp_gain":0,"max_hp_loss":0,"event_name":"WeMeetAgain","floor":46,"gold_loss":67}],"is_beta":false,"boss_relics":[{"not_picked":["Ring of Chaos","Runic Pyramid","Replay:Bronze Core"],"picked":"ReplayTheSpireMod:SealedPack"},{"not_picked":["halation:Prosthetics","Fusion Hammer","reliquary:RedCape"],"picked":"Empty Cage"}],"items_purged_floors":[3,30,37],"is_endless":false,"potions_floor_spawned":[5,11,12,18,27,36,44],"killed_by":"Time Eater","ascension_level":5}}