{"host":"lsq35p0sdkx2xifo","time":1614081220,"event":{"mods":["AchievementEnabler","BaseMod","Highlight Path","Minty Spire (QoL Compilation)","StSLib"],"gold_per_floor":[10,26,26,42,54,89,100,100,100,100,100],"floor_reached":10,"language":"ENG","playtime":367,"items_purged":[],"score":140,"play_id":"ae75c72f-d021-45be-a3eb-b3f98689db93","local_time":"20210223035340","is_ascension_mode":true,"campfire_choices":[],"circlet_count":0,"master_deck":["AscendersBane","Strike_R","Strike_R","Strike_R","Strike_R","Strike_R","Defend_R","Defend_R","Defend_R","Defend_R","Bash","Juggernaut","Blood for Blood","Cleave","Pain","Rage","Body Slam","Rage","Shrug It Off"],"relics":["Burning Blood","WarpedTongs","Toy Ornithopter","Torii"],"acts_visited":["Exordium"],"potions_floor_usage":[5,7],"damage_taken":[{"damage":9,"enemies":"Jaw Worm","floor":1,"turns":5},{"damage":7,"enemies":"Cultist","floor":2,"turns":4},{"damage":12,"enemies":"2 Louse","floor":4,"turns":3},{"damage":12,"enemies":"2 Fungi Beasts","floor":5,"turns":3},{"damage":35,"enemies":"3 Sentries","floor":6,"turns":6},{"damage":14,"enemies":"Looter","floor":7,"turns":4},{"damage":34,"enemies":"Gremlin Nob","floor":10,"turns":3}],"seed_played":"7605888233359452880","potions_obtained":[{"floor":4,"key":"Energy Potion"},{"floor":6,"key":"Fruit Juice"}],"is_trial":false,"path_per_floor":["M","M","?","M","M","E","M","?","T","E"],"character_chosen":"IRONCLAD","items_purchased":[],"campfire_rested":0,"item_purchase_floors":[],"current_hp_per_floor":[65,64,64,58,52,23,25,25,25,0,0],"gold":100,"neow_bonus":"THREE_RARE_CARDS","is_daily":false,"chose_seed":false,"campfire_upgraded":0,"win_rate":0.0,"timestamp":1614081220,"path_taken":["M","M","?","?","M","E","M","?","T","E"],"items_purchased_type":[],"build_version":"2020-12-22","purchased_purges":0,"victory":false,"max_hp_per_floor":[75,75,75,75,75,75,80,80,80,80,80],"card_choices":[{"not_picked":["Fiend Fire","Reaper"],"picked":"Juggernaut","floor":0},{"not_picked":["Armaments","Sever Soul"],"picked":"Blood for Blood","floor":1},{"not_picked":["Clash","Pommel Strike"],"picked":"Cleave","floor":2},{"not_picked":["Pummel","Clothesline"],"picked":"Rage","floor":4},{"not_picked":["Cleave","Wild Strike"],"picked":"Body Slam","floor":5},{"not_picked":["Thunderclap","Dual Wield"],"picked":"Rage","floor":6},{"not_picked":["True Grit","Havoc"],"picked":"Shrug It Off","floor":7}],"player_experience":1305136,"relics_obtained":[{"floor":6,"key":"Toy Ornithopter"},{"floor":9,"key":"Torii"}],"event_choices":[{"damage_healed":0,"gold_gain":0,"player_choice":"Rummage","damage_taken":0,"relics_obtained":["WarpedTongs"],"max_hp_gain":0,"max_hp_loss":0,"event_name":"Accursed Blacksmith","floor":3,"gold_loss":0,"cards_obtained":["Pain"]},{"damage_healed":0,"gold_gain":0,"player_choice":"Ignored","damage_taken":0,"max_hp_gain":0,"max_hp_loss":0,"event_name":"Shining Light","floor":8,"gold_loss":0}],"is_beta":false,"boss_relics":[],"items_purged_floors":[],"is_endless":false,"potions_floor_spawned":[4,6],"killed_by":"Gremlin Nob","ascension_level":20}}