{"host":"3vooxnyv2lwdr2a7","time":1614076738,"event":{"mods":["BaseMod","Marisa£®ÏF”Í°°ƒß¿Ì…≥£©","Minty Spire (QoL Compilation)","Remilia£®¿Ÿ√◊¿Ú—«£©","Shapeshifter Mod","StSLib","The Cursed","The Servant 0.9.4","Youmu£®ªÍ∆«—˝√Œ£©"],"gold_per_floor":[117,145,174,174,207,207,266,278,314,385,440,452,41,41,41],"floor_reached":14,"language":"ZHS","playtime":612,"items_purged":[],"score":110,"play_id":"f11739fa-0cfa-4315-a9d8-ad83bb2af59e","local_time":"20210223183858","is_ascension_mode":true,"campfire_choices":[{"data":"UltimateShortwave","floor":6,"key":"SMITH"},{"floor":8,"key":"REST"},{"data":"OortCloud","floor":12,"key":"SMITH"}],"circlet_count":0,"master_deck":["Strike_MRS","Strike_MRS","Strike_MRS","Strike_MRS","Defend_MRS","Defend_MRS","Defend_MRS","Defend_MRS","MasterSpark","UpSweep","UltimateShortwave+1","WitchOfGreed","AsteroidBelt","OortCloud+1","LuminesStrike","GalacticHalo","GravityBeat","MagicAbsorber","ChargingUp","AsteroidBelt"],"relics":["MiniHakkero","Golden Idol","MawBank","Potion Belt","Boot","Blue Candle"],"acts_visited":["Exordium"],"potions_floor_usage":[10,10,10,10,11,14,14],"damage_taken":[{"damage":0,"enemies":"Small Slimes","floor":1,"turns":3},{"damage":4,"enemies":"Jaw Worm","floor":2,"turns":3},{"damage":6,"enemies":"Cultist","floor":3,"turns":3},{"damage":0,"enemies":"Looter","floor":5,"turns":4},{"damage":32,"enemies":"Gremlin Nob","floor":7,"turns":5},{"damage":5,"enemies":"3 Sentries","floor":10,"turns":7},{"damage":14,"enemies":"Exordium Thugs","floor":11,"turns":6},{"damage":32,"enemies":"Gremlin Nob","floor":14,"turns":4}],"seed_played":"5842112425150507147","potions_obtained":[{"floor":1,"key":"BlessingOfTheForge"},{"floor":2,"key":"EntropicBrew"},{"floor":3,"key":"AttackPotion"},{"floor":3,"key":"FairyPotion"},{"floor":5,"key":"LiquidBronze"},{"floor":5,"key":"Explosive Potion"},{"floor":10,"key":"Fruit Juice"},{"floor":11,"key":"DistilledChaos"},{"floor":11,"key":"Regen Potion"}],"is_trial":false,"path_per_floor":["M","M","M","?","M","R","E","R","T","E","M","R","$","E"],"character_chosen":"MARISA","items_purchased":["Blue Candle","LiquidBronze","ChargingUp","AsteroidBelt"],"campfire_rested":1,"item_purchase_floors":[13,13,13,13],"current_hp_per_floor":[68,64,58,41,41,41,9,29,29,24,15,15,15,0,0],"gold":41,"neow_bonus":"THREE_RARE_CARDS","is_daily":false,"chose_seed":false,"campfire_upgraded":2,"win_rate":0.0,"timestamp":1614076738,"path_taken":["M","M","M","?","M","R","E","R","T","E","M","R","$","E"],"items_purchased_type":["Relic","Potion","Card","Card"],"build_version":"2020-12-22","purchased_purges":0,"victory":false,"max_hp_per_floor":[68,68,68,68,68,68,68,68,68,68,73,73,73,73,73],"card_choices":[{"not_picked":["BigCrunch","BinaryStars"],"picked":"UltimateShortwave","floor":0},{"not_picked":["Occultation","GasGiant"],"picked":"WitchOfGreed","floor":1},{"not_picked":["OneTimeOff","MysteriousBeam"],"picked":"AsteroidBelt","floor":2},{"not_picked":["AsteroidBelt","UnstableBomb"],"picked":"OortCloud","floor":3},{"not_picked":["NonDirectionalLaser","Acceleration"],"picked":"LuminesStrike","floor":5},{"not_picked":["SuperPerseids","NonDirectionalLaser"],"picked":"GalacticHalo","floor":7},{"not_picked":["LuminesStrike","Orbital"],"picked":"GravityBeat","floor":10},{"not_picked":["LuminesStrike","UnstableBomb"],"picked":"MagicAbsorber","floor":11}],"player_experience":943547,"relics_obtained":[{"floor":7,"key":"MawBank"},{"floor":9,"key":"Potion Belt"},{"floor":10,"key":"Boot"}],"event_choices":[{"damage_healed":0,"gold_gain":0,"player_choice":"Take Damage","damage_taken":17,"relics_obtained":["Golden Idol"],"max_hp_gain":0,"max_hp_loss":0,"event_name":"Golden Idol","floor":4,"gold_loss":0}],"is_beta":false,"boss_relics":[],"items_purged_floors":[],"is_endless":false,"potions_floor_spawned":[1,3,5,11],"killed_by":"Gremlin Nob","ascension_level":2}}