{"host":"yaxsefyig1et0yi2","time":1614063545,"event":{"mods":["Aspiration","BaseMod","BetterRewards","Colored Powertips","Conspire","Displayed Cursed Tome","Downfall","Halation","Hubris","Infinite Spire","Jorbs\u0027s Wanderer Trilogy","Minty Spire (QoL Compilation)","Quick Restart","RatMod","Replay The Spire","Reworked Bosses","Spikes Relics","StSLib","The Jungle","The Marked"],"gold_per_floor":[111,111,121,132,143,173,173,173,173,191,191,201,201,218,218,315,315,330,344,359,379,463,463,463,463],"floor_reached":24,"language":"ENG","playtime":1412,"items_purged":[],"score":202,"play_id":"618318a7-1c0a-4280-8775-a13fcb2f98f7","local_time":"20210223015905","is_ascension_mode":false,"campfire_choices":[{"data":"theMarked:StartUp","floor":8,"key":"SMITH"},{"data":"theMarked:Reabsorb","floor":11,"key":"SMITH"},{"floor":15,"key":"REST"},{"data":"theMarked:Determination","floor":23,"key":"SMITH"}],"circlet_count":0,"master_deck":["theMarked:Strike","theMarked:Strike","theMarked:Strike","theMarked:Strike","theMarked:Strike","theMarked:Defend","theMarked:Defend","theMarked:Defend","theMarked:Defend","theMarked:Improvise","theMarked:TwofoldDefense","theMarked:RogueSparks","theMarked:StartUp+1","theMarked:Reabsorb+1","theMarked:BanishingWave+1","theMarked:TwofoldDefense","theMarked:BiggerThanFate","theMarked:BanishingStrike","theMarked:Determination+1","theMarked:Frustration","theMarked:Parkour","theMarked:Parkour","theMarked:Parkour","theMarked:WardOff"],"relics":["theMarked:ArtifactOfAir","Strawberry","Bag of Preparation","ShockBauble","CosmicIsotope"],"acts_visited":["Exordium","TheCity"],"potions_floor_usage":[16],"damage_taken":[{"damage":5,"enemies":"Small Slimes","floor":1,"turns":4},{"damage":6,"enemies":"Jaw Worm","floor":3,"turns":4},{"damage":2,"enemies":"2 Louse","floor":4,"turns":3},{"damage":4,"enemies":"2 Fungi Beasts","floor":5,"turns":4},{"damage":35,"enemies":"Lagavulin","floor":6,"turns":7},{"damage":6,"enemies":"Looter","floor":10,"turns":3},{"damage":12,"enemies":"Large Slime","floor":12,"turns":7},{"damage":0,"enemies":"Gremlin Gang","floor":14,"turns":1},{"damage":22,"enemies":"The Guardian","floor":16,"turns":16},{"damage":5,"enemies":"Spheric Guardian","floor":18,"turns":5},{"damage":0,"enemies":"Chosen","floor":19,"turns":5},{"damage":23,"enemies":"3 Cultists","floor":20,"turns":4},{"damage":28,"enemies":"Chosen and Byrds","floor":21,"turns":5},{"damage":20,"enemies":"Book of Stabbing","floor":24,"turns":5}],"seed_played":"6836745208671566516","potions_obtained":[{"floor":5,"key":"Swift Potion"},{"floor":10,"key":"PowerPotion"},{"floor":12,"key":"FearPotion"},{"floor":21,"key":"FairyPotion"}],"is_trial":false,"path_per_floor":["M","?","M","M","M","E","?","R","T","M","R","M","?","M","R","B",null,"M","M","M","M","?","R","E"],"character_chosen":"THE_DEFAULT","items_purchased":[],"campfire_rested":1,"item_purchase_floors":[],"current_hp_per_floor":[67,74,68,66,62,27,27,27,27,21,21,9,9,9,32,10,79,74,74,51,23,23,23,3,3],"gold":463,"neow_bonus":"REMOVE_CARD","is_daily":false,"chose_seed":false,"campfire_upgraded":3,"win_rate":0.0,"timestamp":1614063545,"path_taken":["M","?","M","M","M","E","?","R","T","M","R","M","?","M","R","BOSS","M","M","M","M","?","R","E"],"items_purchased_type":[],"build_version":"2020-12-22","purchased_purges":0,"victory":false,"max_hp_per_floor":[72,79,79,79,79,79,79,79,79,79,79,79,79,79,79,79,79,79,79,79,79,79,79,79,79],"card_choices":[{"not_picked":["theMarked:ElectricStrings","theMarked:BanishingStrike"],"picked":"theMarked:Improvise","floor":1},{"not_picked":["theMarked:Parry","theMarked:BanishingStrike","theMarked:PowerFlow"],"picked":"SKIP","floor":3},{"not_picked":["theMarked:Maelstrom","theMarked:EternalStudent"],"picked":"theMarked:TwofoldDefense","floor":4},{"not_picked":["theMarked:Indomitable","theMarked:Frustration"],"picked":"theMarked:RogueSparks","floor":5},{"not_picked":["theMarked:GodGivenPower","theMarked:Memento"],"picked":"theMarked:StartUp","floor":6},{"not_picked":["theMarked:AttractMetal","theMarked:KeepCalmAndFight"],"picked":"theMarked:Reabsorb","floor":10},{"not_picked":["theMarked:ChainLightning","theMarked:HeightenedSenses"],"picked":"theMarked:BanishingWave","floor":12},{"not_picked":["theMarked:Panic","theMarked:OneWithTheBlade"],"picked":"theMarked:TwofoldDefense","floor":14},{"not_picked":["theMarked:FavorableWinds","theMarked:EternalStudent"],"picked":"theMarked:BiggerThanFate","floor":16},{"not_picked":["theMarked:MysticalArsenal","theMarked:WardOff+1"],"picked":"theMarked:BanishingStrike","floor":18},{"not_picked":["theMarked:ChainLightning","theMarked:Parry+1"],"picked":"theMarked:Determination","floor":19},{"not_picked":["theMarked:ElectricStrings","theMarked:Memento"],"picked":"theMarked:Frustration","floor":20},{"not_picked":["theMarked:WardOff","theMarked:RepellingDischarge"],"picked":"theMarked:Parkour","floor":21},{"not_picked":["theMarked:Maelstrom+1","theMarked:Improvise"],"picked":"theMarked:Parkour","floor":22},{"not_picked":["theMarked:RepellingDischarge","theMarked:EmpowerWeapon+1"],"picked":"theMarked:Parkour","floor":22},{"not_picked":["theMarked:Improvise","theMarked:ContemptForTheProud"],"picked":"theMarked:WardOff","floor":22}],"player_experience":271434,"relics_obtained":[{"floor":2,"key":"Strawberry"},{"floor":6,"key":"Bag of Preparation"},{"floor":9,"key":"ShockBauble"}],"event_choices":[{"damage_healed":0,"gold_gain":0,"player_choice":"Grow","damage_taken":0,"max_hp_gain":0,"max_hp_loss":0,"event_name":"Living Wall","floor":13,"gold_loss":0,"cards_upgraded":["theMarked:BanishingWave"]}],"is_beta":false,"boss_relics":[{"not_picked":["aspiration:FutureDiary","hubris:BlackHole"],"picked":"CosmicIsotope"}],"items_purged_floors":[],"is_endless":false,"potions_floor_spawned":[5,10,12,14,21],"killed_by":"Book of Stabbing","ascension_level":0}}