{"host":"lr7e131drr5jge75","time":1614116403,"event":{"mods":["BaseMod","BetterRewards","Minty Spire (QoL Compilation)","Permanent Neow","Quick Restart","StSLib"],"gold_per_floor":[109,126,145,155,155,120,138,138,138,138,164,164,135,147,147,245,245,265,265,265,180,180,180,195,195,271,271,286,211,225,235,235,338,338,349,349,104,123,138,188,199,199,199,218,218,218,218,218],"floor_reached":47,"language":"ENG","playtime":3022,"items_purged":["Writhe"],"score":427,"play_id":"89b76e84-4784-434b-ba68-8dd837cef971","local_time":"20210223134003","is_ascension_mode":false,"campfire_choices":[{"floor":10,"key":"REST"},{"floor":12,"key":"REST"},{"floor":15,"key":"REST"},{"data":"Crescendo","floor":23,"key":"SMITH"},{"data":"FollowUp","floor":25,"key":"SMITH"},{"data":"CarveReality","floor":27,"key":"SMITH"},{"floor":32,"key":"REST"},{"floor":42,"key":"REST"},{"floor":46,"key":"REST"}],"circlet_count":0,"master_deck":["Strike_P+1","Strike_P+1","Strike_P+1","Strike_P+1","Defend_P+1","Defend_P+1","Defend_P+1","Eruption+1","Vigilance","ClearTheMind+1","FollowUp+1","Crescendo+1","CarveReality+1","BattleHymn+1","DeusExMachina","Devotion+1","Worship+1"],"relics":["PureWater","Centennial Puzzle","Frozen Egg 2","Pear","VioletLotus","Letter Opener","Dead Branch","Ornamental Fan","Empty Cage","HandDrill","Thread and Needle","Bottled Tornado"],"acts_visited":["Exordium","TheCity","TheBeyond"],"potions_floor_usage":[7,16,16,18,47],"damage_taken":[{"damage":7,"enemies":"Jaw Worm","floor":1,"turns":3},{"damage":0,"enemies":"2 Louse","floor":2,"turns":4},{"damage":1,"enemies":"Small Slimes","floor":3,"turns":3},{"damage":0,"enemies":"2 Fungi Beasts","floor":4,"turns":3},{"damage":27,"enemies":"Exordium Thugs","floor":7,"turns":6},{"damage":20,"enemies":"Gremlin Nob","floor":11,"turns":4},{"damage":7,"enemies":"Looter","floor":14,"turns":2},{"damage":16,"enemies":"The Guardian","floor":16,"turns":7},{"damage":3,"enemies":"3 Byrds","floor":18,"turns":4},{"damage":12,"enemies":"Shell Parasite","floor":24,"turns":2},{"damage":12,"enemies":"Centurion and Healer","floor":28,"turns":4},{"damage":0,"enemies":"Shelled Parasite and Fungi","floor":30,"turns":2},{"damage":7,"enemies":"Snecko","floor":31,"turns":3},{"damage":117,"enemies":"Collector","floor":33,"turns":7},{"damage":4,"enemies":"3 Shapes","floor":35,"turns":3},{"damage":7,"enemies":"Orb Walker","floor":38,"turns":2},{"damage":4,"enemies":"Transient","floor":39,"turns":5},{"damage":20,"enemies":"Mind Bloom Boss Battle","floor":40,"turns":4},{"damage":43,"enemies":"Maw","floor":41,"turns":5},{"damage":24,"enemies":"Jaw Worm Horde","floor":44,"turns":2},{"damage":49,"enemies":"Reptomancer","floor":47,"turns":3}],"seed_played":"-1292987872598435279","potions_obtained":[{"floor":2,"key":"FearPotion"},{"floor":11,"key":"Strength Potion"},{"floor":14,"key":"Dexterity Potion"},{"floor":16,"key":"AttackPotion"},{"floor":18,"key":"FairyPotion"},{"floor":33,"key":"SteroidPotion"}],"is_trial":false,"path_per_floor":["M","M","M","M","?","?","M","?","T","R","E","R","?","M","R","B",null,"M","?","?","?","?","R","M","R","T","R","M","$","M","M","R","B",null,"M","?","$","M","M","?","M","R","T","M","?","R","E"],"character_chosen":"WATCHER","items_purchased":["HandDrill","SteroidPotion","SteroidPotion"],"campfire_rested":6,"item_purchase_floors":[37,37,37],"current_hp_per_floor":[65,65,64,64,64,72,45,20,20,41,31,55,55,48,72,56,82,79,79,79,79,79,79,67,67,67,67,55,55,55,48,72,24,82,78,78,78,71,67,47,4,27,27,3,3,26,0,0],"gold":218,"neow_bonus":"UPGRADE_CARD","is_daily":false,"chose_seed":false,"campfire_upgraded":3,"win_rate":0.0,"timestamp":1614116403,"path_taken":["M","M","M","M","?","?","M","?","T","R","E","R","?","M","R","BOSS","M","?","?","?","?","R","?","R","T","R","M","$","M","M","R","BOSS","M","?","$","M","M","?","M","R","T","M","?","R","E"],"items_purchased_type":["Relic","Potion","Potion"],"build_version":"2020-12-22","purchased_purges":1,"victory":false,"max_hp_per_floor":[72,72,72,72,72,72,72,72,72,72,82,82,82,82,82,82,82,82,82,82,82,82,82,82,82,82,82,82,82,82,82,82,82,82,82,78,78,78,78,78,78,78,78,78,78,78,78,78],"card_choices":[{"not_picked":["EmptyFist","FlyingSleeves"],"picked":"ClearTheMind","floor":1},{"not_picked":["CrushJoints","JustLucky"],"picked":"EmptyBody","floor":2},{"not_picked":["WaveOfTheHand","SashWhip"],"picked":"FollowUp","floor":3},{"not_picked":["Conclude","DeceiveReality","ClearTheMind"],"picked":"SKIP","floor":4},{"not_picked":["Adaptation","Weave"],"picked":"Crescendo","floor":7},{"not_picked":["DeceiveReality","ClearTheMind"],"picked":"CarveReality","floor":11},{"not_picked":["Indignation","WreathOfFlame"],"picked":"BattleHymn+1","floor":14},{"not_picked":["ConjureBlade","Omniscience"],"picked":"DeusExMachina","floor":16},{"not_picked":["ReachHeaven","Prostrate+1","EmptyBody"],"picked":"SKIP","floor":18},{"not_picked":["Consecrate","Protect","Perseverance"],"picked":"SKIP","floor":24},{"not_picked":["Perseverance","ClearTheMind","Fasting2+1"],"picked":"SKIP","floor":28},{"not_picked":["Halt+1","Prostrate","CrushJoints"],"picked":"SKIP","floor":30},{"not_picked":["Meditate","CrushJoints","ThirdEye+1"],"picked":"SKIP","floor":31},{"not_picked":["Omniscience","Blasphemy"],"picked":"Devotion+1","floor":33},{"not_picked":["ClearTheMind","JustLucky+1","FlyingSleeves"],"picked":"SKIP","floor":35},{"not_picked":["SandsOfTime+1","Crescendo","SashWhip"],"picked":"SKIP","floor":38},{"not_picked":["ClearTheMind","Evaluate+1","CutThroughFate"],"picked":"SKIP","floor":39},{"not_picked":["CrushJoints+1","Wallop","ThirdEye"],"picked":"SKIP","floor":41},{"not_picked":["SashWhip+1","Wallop"],"picked":"Worship+1","floor":44}],"player_experience":34561,"relics_obtained":[{"floor":9,"key":"Frozen Egg 2"},{"floor":11,"key":"Pear"},{"floor":26,"key":"Ornamental Fan"},{"floor":40,"key":"Thread and Needle"},{"floor":43,"key":"Bottled Tornado"}],"event_choices":[{"damage_healed":0,"gold_gain":0,"player_choice":"Grow","damage_taken":0,"max_hp_gain":0,"max_hp_loss":0,"event_name":"Living Wall","floor":5,"gold_loss":0,"cards_upgraded":["ClearTheMind"]},{"damage_healed":18,"gold_gain":0,"player_choice":"Healed","damage_taken":0,"max_hp_gain":0,"max_hp_loss":0,"event_name":"The Cleric","floor":6,"gold_loss":35},{"damage_healed":0,"gold_gain":0,"player_choice":"Success","damage_taken":25,"relics_obtained":["Centennial Puzzle"],"max_hp_gain":0,"max_hp_loss":0,"event_name":"Scrap Ooze","floor":8,"gold_loss":0},{"damage_healed":0,"gold_gain":0,"player_choice":"Left Gold","damage_taken":0,"max_hp_gain":0,"max_hp_loss":0,"event_name":"World of Goop","floor":13,"gold_loss":29},{"damage_healed":0,"gold_gain":0,"player_choice":"Opened","damage_taken":0,"relics_obtained":["Letter Opener"],"max_hp_gain":0,"max_hp_loss":0,"event_name":"The Mausoleum","floor":19,"gold_loss":0,"cards_obtained":["Writhe"]},{"damage_healed":0,"gold_gain":0,"player_choice":"Simplicity","damage_taken":0,"max_hp_gain":0,"max_hp_loss":0,"event_name":"Back to Basics","floor":20,"gold_loss":0,"cards_upgraded":["Strike_P","Strike_P","Strike_P","Strike_P","Defend_P","Defend_P","Defend_P","Defend_P"]},{"damage_healed":0,"gold_gain":0,"player_choice":"Obtained Relic","damage_taken":0,"relics_obtained":["Dead Branch"],"max_hp_gain":0,"max_hp_loss":0,"event_name":"Addict","floor":21,"gold_loss":85},{"damage_healed":0,"gold_gain":0,"player_choice":"Ignored","damage_taken":0,"max_hp_gain":0,"max_hp_loss":0,"event_name":"Vampires","floor":22,"gold_loss":0},{"damage_healed":0,"gold_gain":0,"player_choice":"Max HP","damage_taken":0,"max_hp_gain":0,"max_hp_loss":4,"event_name":"Winding Halls","floor":36,"gold_loss":0},{"damage_healed":0,"gold_gain":0,"player_choice":"Fight","damage_taken":0,"max_hp_gain":0,"max_hp_loss":0,"event_name":"MindBloom","floor":40,"gold_loss":0},{"damage_healed":0,"gold_gain":0,"player_choice":"Ignored","damage_taken":0,"max_hp_gain":0,"max_hp_loss":0,"event_name":"Mysterious Sphere","floor":45,"gold_loss":0}],"is_beta":false,"boss_relics":[{"not_picked":["Philosopher\u0027s Stone","Sozu"],"picked":"VioletLotus"},{"not_picked":["Coffee Dripper","Astrolabe"],"picked":"Empty Cage"}],"items_purged_floors":[29],"is_endless":false,"potions_floor_spawned":[2,11,14,16,18,33,39,41,44],"killed_by":"Reptomancer","ascension_level":0}}