{"host":"dg9bmj64xsaxvoc5","time":1614062587,"event":{"mods":["AchievementEnabler","BaseMod","Highlight Path","Minty Spire (QoL Compilation)","Quick Restart","Relic Stats"],"gold_per_floor":[110,32,45,112,129,129,129,129,129,129,142,242,258,269,269,369,369,384,396,52,87,19,19,19,19,19,38,38,57,11,22,22,118,118,135,135,152,7,7,33,33,33,108,108,108],"floor_reached":44,"language":"ENG","playtime":806,"items_purged":["Defend_R"],"score":425,"play_id":"4a84a2aa-c6d5-4c56-9abe-a3f69e04070a","local_time":"20210223014307","is_ascension_mode":false,"campfire_choices":[{"data":"Spot Weakness","floor":6,"key":"SMITH"},{"data":"Defend_R","floor":8,"key":"SMITH"},{"data":"Defend_R","floor":10,"key":"SMITH"},{"data":"Inflame","floor":15,"key":"SMITH"},{"data":"Reaper","floor":23,"key":"SMITH"},{"data":"Infernal Blade","floor":32,"key":"SMITH"},{"data":"Infernal Blade","floor":41,"key":"SMITH"}],"circlet_count":0,"master_deck":["Strike_R+1","Strike_R+1","Strike_R+1","Strike_R+1","Strike_R+1","Defend_R+1","Defend_R+1","Defend_R+1","Bash+1","Cleave+1","Spot Weakness+1","Clash+1","Pommel Strike+1","Inflame+1","Reaper+1","Dropkick+1","Flex+1","Headbutt+1","Cleave+1","Hemokinesis+1","Intimidate+1","Cleave+1","Heavy Blade+1","Infernal Blade+1","Bludgeon+1","Shrug It Off+1","Infernal Blade+1","Inflame","Thunderclap+1"],"relics":["Burning Blood","NeowsBlessing","White Beast Statue","Coffee Dripper","Toy Ornithopter","Red Mask","Pen Nib","MealTicket","Black Star","Mark of the Bloom","Blood Vial","Strawberry","Spirit Poop","Shuriken"],"acts_visited":["Exordium","TheCity","TheBeyond"],"potions_floor_usage":[14,16,16,18,29,33,33,33,40,40,40],"damage_taken":[{"damage":0,"enemies":"Cultist","floor":1,"turns":1},{"damage":0,"enemies":"Small Slimes","floor":3,"turns":1},{"damage":0,"enemies":"Jaw Worm","floor":5,"turns":1},{"damage":6,"enemies":"3 Louse","floor":11,"turns":2},{"damage":0,"enemies":"Red Slaver","floor":13,"turns":3},{"damage":0,"enemies":"Looter","floor":14,"turns":2},{"damage":52,"enemies":"Hexaghost","floor":16,"turns":7},{"damage":12,"enemies":"Shell Parasite","floor":18,"turns":4},{"damage":2,"enemies":"Spheric Guardian","floor":19,"turns":3},{"damage":9,"enemies":"Masked Bandits","floor":21,"turns":3},{"damage":30,"enemies":"Snake Plant","floor":27,"turns":3},{"damage":18,"enemies":"Centurion and Healer","floor":29,"turns":4},{"damage":0,"enemies":"Sentry and Sphere","floor":31,"turns":3},{"damage":70,"enemies":"Automaton","floor":33,"turns":8},{"damage":13,"enemies":"3 Darklings","floor":35,"turns":2},{"damage":11,"enemies":"Orb Walker","floor":37,"turns":2},{"damage":53,"enemies":"Giant Head","floor":40,"turns":7},{"damage":13,"enemies":"4 Shapes","floor":44,"turns":3}],"seed_played":"1273301196120083039","potions_obtained":[{"floor":3,"key":"Fire Potion"},{"floor":11,"key":"ElixirPotion"},{"floor":13,"key":"Energy Potion"},{"floor":14,"key":"PowerPotion"},{"floor":16,"key":"BlessingOfTheForge"},{"floor":18,"key":"Strength Potion"},{"floor":19,"key":"ColorlessPotion"},{"floor":27,"key":"BloodPotion"},{"floor":29,"key":"Dexterity Potion"},{"floor":31,"key":"Block Potion"},{"floor":33,"key":"PowerPotion"},{"floor":35,"key":"FearPotion"},{"floor":37,"key":"Energy Potion"},{"floor":40,"key":"Dexterity Potion"}],"is_trial":false,"path_per_floor":["M","$","M","?","M","R","?","R","T","R","M","?","M","M","R","B",null,"M","M","$","?","$","R","?","?","T","M","$","M","$","M","R","B",null,"M","?","M","$","?","E","R","?","T","M"],"character_chosen":"IRONCLAD","items_purchased":["Spot Weakness","Flex","Headbutt","Cleave","Toy Ornithopter","Intimidate","Heavy Blade","Infernal Blade","Inflame"],"campfire_rested":0,"item_purchase_floors":[2,20,20,20,20,22,30,38,38],"current_hp_per_floor":[80,80,80,80,80,80,80,80,80,80,80,80,80,80,80,34,80,80,80,80,80,80,80,80,80,80,62,77,77,80,80,80,52,80,73,73,62,62,62,9,9,9,9,0,0],"gold":108,"neow_bonus":"THREE_ENEMY_KILL","is_daily":false,"chose_seed":false,"campfire_upgraded":7,"win_rate":0.0,"timestamp":1614062587,"path_taken":["M","$","?","?","M","R","?","R","T","R","M","?","M","M","R","BOSS","M","M","$","?","$","R","?","?","T","M","?","M","$","M","R","BOSS","M","?","M","$","?","E","R","?","T","?"],"items_purchased_type":["Card","Card","Card","Card","Relic","Card","Card","Card","Card"],"build_version":"2020-12-22","purchased_purges":1,"victory":false,"max_hp_per_floor":[80,80,80,80,80,80,80,80,80,80,80,80,80,80,80,80,80,80,80,80,80,80,80,80,80,80,80,80,80,80,80,80,80,80,80,80,80,80,76,83,83,83,83,83,83],"relic_stats":{"Blood Vial":0,"Mark of the Bloom":83,"counters":[18,59],"Shuriken":[1],"MealTicket":18,"Pen Nib":[7],"Black Star":1,"obtain_stats":[{"Mark of the Bloom":36,"NeowsBlessing":0,"Spirit Poop":42,"Pen Nib":25,"Burning Blood":0,"White Beast Statue":9,"Blood Vial":40,"Shuriken":43,"Strawberry":40,"MealTicket":26,"Coffee Dripper":17,"Red Mask":21,"Black Star":34,"Toy Ornithopter":20},{"Mark of the Bloom":15,"NeowsBlessing":0,"Spirit Poop":17,"Pen Nib":10,"Burning Blood":0,"White Beast Statue":3,"Blood Vial":17,"Shuriken":17,"Strawberry":17,"MealTicket":10,"Coffee Dripper":7,"Red Mask":10,"Black Star":14,"Toy Ornithopter":9},{"Mark of the Bloom":47,"NeowsBlessing":0,"Spirit Poop":56,"Pen Nib":27,"Burning Blood":0,"White Beast Statue":3,"Blood Vial":56,"Shuriken":56,"Strawberry":56,"MealTicket":27,"Coffee Dripper":17,"Red Mask":27,"Black Star":45,"Toy Ornithopter":24}],"Burning Blood":41,"Toy Ornithopter":15},"card_choices":[{"not_picked":["Perfected Strike","True Grit"],"picked":"Cleave","floor":1},{"not_picked":["Shockwave","Blood for Blood"],"picked":"Clash","floor":3},{"not_picked":["Rage","Ghostly Armor"],"picked":"Pommel Strike","floor":5},{"not_picked":["Armaments","Pommel Strike","Wild Strike"],"picked":"SKIP","floor":11},{"not_picked":["Intimidate","Whirlwind","True Grit"],"picked":"SKIP","floor":13},{"not_picked":["Second Wind","Armaments"],"picked":"Inflame","floor":14},{"not_picked":["Feed","Fiend Fire"],"picked":"Reaper","floor":16},{"not_picked":["Warcry","Sword Boomerang+1"],"picked":"Dropkick","floor":18},{"not_picked":["True Grit","Second Wind","Sword Boomerang"],"picked":"SKIP","floor":19},{"not_picked":["Feel No Pain","Wild Strike"],"picked":"Hemokinesis","floor":21},{"not_picked":["Reckless Charge","Second Wind","Warcry"],"picked":"SKIP","floor":27},{"not_picked":["True Grit","Iron Wave","Reckless Charge+1"],"picked":"SKIP","floor":29},{"not_picked":["Flex","Heavy Blade"],"picked":"Infernal Blade","floor":31},{"not_picked":["Barricade","Fiend Fire"],"picked":"Bludgeon","floor":33},{"not_picked":["Dark Embrace+1","Sword Boomerang"],"picked":"Shrug It Off+1","floor":35},{"not_picked":["Blood for Blood+1","Headbutt","Armaments+1"],"picked":"SKIP","floor":37},{"not_picked":["Demon Form","Cleave+1"],"picked":"Thunderclap+1","floor":40}],"player_experience":12359,"relics_obtained":[{"floor":9,"key":"White Beast Statue"},{"floor":21,"key":"Red Mask"},{"floor":26,"key":"MealTicket"},{"floor":40,"key":"Blood Vial"},{"floor":40,"key":"Strawberry"},{"floor":43,"key":"Shuriken"}],"event_choices":[{"damage_healed":0,"gold_gain":67,"player_choice":"Gained Gold","damage_taken":0,"max_hp_gain":0,"max_hp_loss":0,"event_name":"Golden Wing","floor":4,"gold_loss":0},{"damage_healed":0,"gold_gain":0,"player_choice":"Grow","damage_taken":0,"max_hp_gain":0,"max_hp_loss":0,"event_name":"Living Wall","floor":7,"gold_loss":0,"cards_upgraded":["Cleave"]},{"damage_healed":0,"gold_gain":100,"player_choice":"Pray","damage_taken":0,"max_hp_gain":0,"max_hp_loss":0,"event_name":"Golden Shrine","floor":12,"gold_loss":0},{"damage_healed":0,"gold_gain":0,"player_choice":"Fought Bandits","damage_taken":0,"max_hp_gain":0,"max_hp_loss":0,"event_name":"Masked Bandits","floor":21,"gold_loss":0},{"damage_healed":0,"gold_gain":0,"player_choice":"Read","damage_taken":0,"max_hp_gain":0,"max_hp_loss":0,"event_name":"The Library","floor":24,"gold_loss":0,"cards_obtained":["Cleave"]},{"damage_healed":0,"gold_gain":0,"player_choice":"Stole Relic","damage_taken":0,"relics_obtained":["Pen Nib"],"max_hp_gain":0,"max_hp_loss":0,"event_name":"Addict","floor":25,"gold_loss":0,"cards_obtained":["Shame"]},{"damage_healed":0,"gold_gain":0,"player_choice":"Upgrade","damage_taken":0,"relics_obtained":["Mark of the Bloom"],"max_hp_gain":0,"max_hp_loss":0,"event_name":"MindBloom","floor":36,"gold_loss":0,"cards_upgraded":["Strike_R","Strike_R","Strike_R","Strike_R","Strike_R","Defend_R","Bash","Clash","Pommel Strike","Dropkick","Flex","Headbutt","Cleave","Hemokinesis","Intimidate","Cleave","Heavy Blade","Bludgeon"]},{"damage_healed":0,"gold_gain":0,"player_choice":"Max HP","damage_taken":0,"max_hp_gain":0,"max_hp_loss":4,"event_name":"Winding Halls","floor":39,"gold_loss":0},{"cards_removed":["Shame"],"damage_healed":0,"gold_gain":0,"player_choice":"Offered Curse","damage_taken":0,"relics_obtained":["Spirit Poop"],"max_hp_gain":0,"max_hp_loss":0,"event_name":"Bonfire Elementals","floor":42,"gold_loss":0}],"is_beta":false,"boss_relics":[{"not_picked":["Astrolabe","Velvet Choker"],"picked":"Coffee Dripper"},{"not_picked":["Tiny House","Runic Pyramid"],"picked":"Black Star"}],"items_purged_floors":[20],"is_endless":false,"potions_floor_spawned":[3,11,13,14,16,18,19,21,27,29,31,33,35,37,40],"killed_by":"4 Shapes","ascension_level":0}}