{"host":"2pffx5rqbod9ds0c","time":1614057502,"event":{"mods":["BaseMod","Better Altar","Better Match","Better Note","Better Sensory Stone","Better Skull","Better Third Choice","Bossed Relics","Custom Start","Hubris","MarisaÅiñ∂âJÅ@ñÇóùçπÅj","Minty Spire (QoL Compilation)","Quick Restart","Relic Stats","Spicy Shops","StSLib"],"gold_per_floor":[111,64,81,81,96,125,125,154,154,154,171,171,171,185,185,259,259,232,249,266,266,266,266],"floor_reached":22,"language":"ENG","playtime":790,"items_purged":[],"score":392,"play_id":"42b25b3f-c011-47d1-88a2-4f88c62ccdf9","local_time":"20210222211822","is_ascension_mode":true,"campfire_choices":[{"data":"Sword Boomerang","floor":12.0,"key":"SMITH"},{"data":"True Grit","floor":15.0,"key":"SMITH"}],"circlet_count":0,"master_deck":["AscendersBane","Strike_R","Strike_R","Strike_R","Strike_R","Defend_R","Defend_R+1","Defend_R+1","Defend_R","Bash+1","Madness","True Grit+1","Sword Boomerang+1","Spot Weakness","Exhume","Limit Break+1"],"relics":["Burning Blood","betterThird:SlimedRelic","War Paint","Mummified Hand","hubris:CrystalStatue","hubris:SphereOfDissonance","Astrolabe"],"acts_visited":["Exordium","TheCity"],"potions_floor_usage":[18,20],"damage_taken":[{"damage":19.0,"enemies":"Small Slimes","floor":1.0,"turns":5.0},{"damage":6.0,"enemies":"2 Louse","floor":3.0,"turns":4.0},{"damage":1.0,"enemies":"Cultist","floor":5.0,"turns":5.0},{"damage":24.0,"enemies":"3 Sentries","floor":6.0,"turns":10.0},{"damage":18.0,"enemies":"Lagavulin","floor":8.0,"turns":5.0},{"damage":3.0,"enemies":"Looter","floor":11.0,"turns":2.0},{"damage":13.0,"enemies":"Large Slime","floor":14.0,"turns":4.0},{"damage":4.0,"enemies":"Hexaghost","floor":16.0,"turns":8.0},{"damage":23,"enemies":"2 Thieves","floor":18,"turns":4},{"damage":18,"enemies":"Shell Parasite","floor":19,"turns":5},{"damage":40,"enemies":"Snecko","floor":20,"turns":8},{"damage":21,"enemies":"Shelled Parasite and Fungi","floor":22,"turns":1}],"seed_played":"2876187475087405097","potions_obtained":[{"floor":1.0,"key":"SpeedPotion"},{"floor":6.0,"key":"LiquidMemories"},{"floor":8.0,"key":"Regen Potion"},{"floor":11.0,"key":"ElixirPotion"},{"floor":18,"key":"SteroidPotion"}],"is_trial":false,"path_per_floor":["M","?","M","?","M","E","?","E","T","?","M","R","?","M","R","B",null,"M","M","M","?","M"],"character_chosen":"IRONCLAD","items_purchased":[],"campfire_rested":0,"item_purchase_floors":[],"current_hp_per_floor":[55,44,44,25,30,12,37,25,25,25,28,28,28,21,21,23,62,59,47,13,13,0,0],"gold":266,"neow_bonus":"RANDOM_COLORLESS","is_daily":false,"chose_seed":false,"campfire_upgraded":2,"win_rate":0.0,"timestamp":1614057502,"path_taken":["M","?","M","?","?","E","?","E","T","?","M","R","?","M","R","BOSS","M","M","?","?","?"],"items_purchased_type":[],"build_version":"2020-12-22","purchased_purges":0,"victory":false,"max_hp_per_floor":[75,75,75,75,75,75,75,75,75,75,75,75,75,75,75,75,75,75,75,75,75,75,75],"relic_stats":{"counters":[12,61],"Mummified Hand":[0],"Astrolabe":[],"War Paint":["Defend_R","Defend_R"],"obtain_stats":[{"hubris:CrystalStatue":8,"Mummified Hand":6,"betterThird:SlimedRelic":2,"Astrolabe":17,"hubris:SphereOfDissonance":9,"War Paint":4,"Burning Blood":0},{"hubris:CrystalStatue":5,"Mummified Hand":4,"betterThird:SlimedRelic":1,"Astrolabe":8,"hubris:SphereOfDissonance":5,"War Paint":2,"Burning Blood":0},{"hubris:CrystalStatue":29,"Mummified Hand":24,"betterThird:SlimedRelic":5,"Astrolabe":43,"hubris:SphereOfDissonance":29,"War Paint":9,"Burning Blood":0}],"Burning Blood":66},"card_choices":[{"not_picked":["Swift Strike","PanicButton"],"picked":"Madness","floor":0.0},{"not_picked":["Thunderclap","Pommel Strike"],"picked":"True Grit","floor":1.0},{"not_picked":["Twin Strike","Infernal Blade"],"picked":"Sword Boomerang","floor":3.0},{"not_picked":["Heavy Blade","Iron Wave"],"picked":"Spot Weakness","floor":5.0},{"not_picked":["True Grit","hubris:ReadiedAction","Sword Boomerang"],"picked":"SKIP","floor":6.0},{"not_picked":["Anger","Thunderclap"],"picked":"Exhume","floor":8.0},{"not_picked":["Warcry","Pommel Strike","Anger"],"picked":"SKIP","floor":11.0},{"not_picked":["Rage","Havoc","Warcry"],"picked":"SKIP","floor":14.0},{"not_picked":["Exhume","Impervious"],"picked":"Limit Break","floor":16.0},{"not_picked":["Flex","Infernal Blade","Pommel Strike"],"picked":"SKIP","floor":18},{"not_picked":["Twin Strike","Pommel Strike","hubris:CleavingFinish+1"],"picked":"SKIP","floor":19},{"not_picked":["Power Through","Sentinel","Warcry"],"picked":"SKIP","floor":20}],"player_experience":875414,"relics_obtained":[{"floor":6.0,"key":"Mummified Hand"},{"floor":8.0,"key":"hubris:CrystalStatue"},{"floor":9.0,"key":"hubris:SphereOfDissonance"}],"event_choices":[{"damage_healed":0.0,"max_hp_gain":0.0,"max_hp_loss":0.0,"gold_gain":0.0,"event_name":"betterThird:BetterGoop","player_choice":"Slimed","floor":2.0,"gold_loss":47.0,"damage_taken":11.0},{"damage_healed":0.0,"max_hp_gain":0.0,"max_hp_loss":0.0,"gold_gain":0.0,"event_name":"betterSkull:BetterSkull","player_choice":"RE ","floor":4.0,"gold_loss":0.0,"damage_taken":21.0,"cards_upgraded":[],"relics_obtained":["War Paint"]},{"damage_healed":25.0,"max_hp_gain":0.0,"max_hp_loss":0.0,"gold_gain":0.0,"event_name":"Big Fish","player_choice":"Banana","floor":7.0,"gold_loss":0.0,"damage_taken":0.0},{"damage_healed":0.0,"max_hp_gain":0.0,"max_hp_loss":0.0,"gold_gain":0.0,"event_name":"Living Wall","player_choice":"Grow","floor":10.0,"gold_loss":0.0,"damage_taken":0.0,"cards_upgraded":["Bash"]},{"cards_removed":["Strike_R"],"damage_healed":0.0,"max_hp_gain":0.0,"max_hp_loss":0.0,"gold_gain":0.0,"event_name":"Bonfire Elementals","player_choice":"Offered Basic","floor":13.0,"gold_loss":0.0,"damage_taken":0.0},{"damage_healed":0,"gold_gain":0,"player_choice":"Upgraded","damage_taken":0,"max_hp_gain":0,"max_hp_loss":0,"event_name":"Upgrade Shrine","floor":21,"gold_loss":0,"cards_upgraded":["Limit Break"]}],"is_beta":false,"boss_relics":[{"not_picked":["Runic Dome","SacredBark"],"picked":"Astrolabe"}],"items_purged_floors":[],"is_endless":false,"potions_floor_spawned":[1,6,8,11,18],"killed_by":"Shelled Parasite and Fungi","ascension_level":20}}