{"host":"2qv44oxt58ptq59r","time":1614107730,"event":{"mods":["AchievementEnabler","BaseMod","Colored Powertips","Highlight Path","Minty Spire (QoL Compilation)","Permanent Neow","StSLib"],"gold_per_floor":[117,136,148,165,176,206,206,236,236,266,266,280,292,326,326,430,430,443,443,443,27,37,37,55,70,70,70,80,80,92,103,103,103,103],"floor_reached":33,"language":"ENG","playtime":5095,"items_purged":[],"score":369,"play_id":"0b411bee-2246-42ff-9001-ac425b2f4223","local_time":"20210223191530","is_ascension_mode":true,"campfire_choices":[{"floor":7.0,"key":"REST"},{"floor":15.0,"key":"REST"},{"floor":23,"key":"RECALL"},{"floor":27,"key":"REST"},{"floor":29,"key":"REST"},{"floor":32,"key":"REST"}],"circlet_count":0,"master_deck":["Strike_G","Strike_G","Strike_G","Strike_G","Strike_G","Defend_G","Defend_G","Defend_G","Defend_G","Defend_G","Survivor","Neutralize+1","Flying Knee","Poisoned Stab","Dagger Spray","Crippling Poison","Dodge and Roll","Leg Sweep","Slice","Cloak And Dagger","Bane","Dash","Bullet Time","CurseOfTheBell","Infinite Blades","Panache","Finisher","Blade Dance","Noxious Fumes","Catalyst","Dodge and Roll+1","Bane","Accuracy"],"relics":["Ring of the Snake","The Specimen","The Courier","StrikeDummy","Pantograph","Calling Bell","Strawberry","White Beast Statue","Torii","MutagenicStrength","Blue Candle","Thread and Needle"],"acts_visited":["Exordium","TheCity"],"potions_floor_usage":[22,22,30,30,33,33,33],"damage_taken":[{"damage":0.0,"enemies":"2 Louse","floor":1.0,"turns":4.0},{"damage":0.0,"enemies":"Jaw Worm","floor":2.0,"turns":4.0},{"damage":3.0,"enemies":"Small Slimes","floor":3.0,"turns":4.0},{"damage":4.0,"enemies":"Blue Slaver","floor":4.0,"turns":3.0},{"damage":6.0,"enemies":"Looter","floor":5.0,"turns":3.0},{"damage":21.0,"enemies":"3 Sentries","floor":6.0,"turns":10.0},{"damage":13.0,"enemies":"Gremlin Nob","floor":8.0,"turns":4.0},{"damage":7.0,"enemies":"Exordium Thugs","floor":12.0,"turns":5.0},{"damage":5.0,"enemies":"Red Slaver","floor":13.0,"turns":6.0},{"damage":17.0,"enemies":"3 Sentries","floor":14.0,"turns":8.0},{"damage":27.0,"enemies":"The Guardian","floor":16.0,"turns":10.0},{"damage":20.0,"enemies":"Spheric Guardian","floor":18.0,"turns":5.0},{"damage":3,"enemies":"Shell Parasite","floor":22,"turns":5},{"damage":18,"enemies":"Snecko","floor":24,"turns":6},{"damage":26,"enemies":"Chosen and Byrds","floor":25,"turns":5},{"damage":14,"enemies":"Snake Plant","floor":28,"turns":6},{"damage":0,"enemies":"Centurion and Healer","floor":30,"turns":5},{"damage":0,"enemies":"Shelled Parasite and Fungi","floor":31,"turns":4},{"damage":94,"enemies":"Champ","floor":33,"turns":12}],"seed_played":"-5553879978864087093","potions_obtained":[{"floor":1.0,"key":"Fire Potion"},{"floor":6.0,"key":"Strength Potion"},{"floor":8.0,"key":"Swift Potion"},{"floor":12.0,"key":"Strength Potion"},{"floor":18.0,"key":"AttackPotion"},{"floor":22,"key":"Fruit Juice"},{"floor":24,"key":"Dexterity Potion"},{"floor":25,"key":"LiquidBronze"},{"floor":28,"key":"Swift Potion"},{"floor":30,"key":"Block Potion"},{"floor":31,"key":"CunningPotion"}],"is_trial":false,"path_per_floor":["M","M","M","M","M","E","R","E","T","?","T","M","M","E","R","B",null,"M","?","?","$","M","R","M","M","T","R","M","R","M","M","R","B"],"character_chosen":"THE_SILENT","items_purchased":["Infinite Blades","Panache","Blue Candle","Finisher"],"campfire_rested":5,"item_purchase_floors":[21,21,21,21],"current_hp_per_floor":[63,63,60,56,50,29,50,37,37,37,37,30,25,8,29,27,66,46,46,46,46,48,48,30,4,4,28,14,38,38,38,62,0,0],"gold":103,"neow_bonus":"UPGRADE_CARD","is_daily":false,"chose_seed":false,"campfire_upgraded":0,"win_rate":0.0,"timestamp":1614107730,"path_taken":["M","M","M","M","M","E","R","E","T","?","?","M","M","E","R","BOSS","M","?","?","$","M","R","M","M","T","R","M","R","M","M","R","BOSS"],"items_purchased_type":["Card","Card","Relic","Card"],"build_version":"2020-12-22","purchased_purges":0,"victory":false,"max_hp_per_floor":[70,70,70,70,70,70,70,70,70,70,70,70,70,70,70,70,77,77,77,77,77,82,82,82,82,82,82,82,82,82,82,82,82,82],"card_choices":[{"not_picked":["Dagger Spray","Outmaneuver"],"picked":"Flying Knee","floor":1.0},{"not_picked":["Dodge and Roll","Finisher"],"picked":"Poisoned Stab","floor":2.0},{"not_picked":["Dagger Throw","Flying Knee"],"picked":"Dagger Spray","floor":3.0},{"not_picked":["Flying Knee","Finisher"],"picked":"Crippling Poison","floor":4.0},{"not_picked":["Underhanded Strike","Backflip"],"picked":"Dodge and Roll","floor":5.0},{"not_picked":["Bouncing Flask","Doppelganger"],"picked":"Leg Sweep","floor":6.0},{"not_picked":["Quick Slash","Underhanded Strike"],"picked":"Slice","floor":8.0},{"not_picked":["Underhanded Strike","Distraction"],"picked":"Cloak And Dagger","floor":12.0},{"not_picked":["Footwork","Leg Sweep"],"picked":"Bane","floor":13.0},{"not_picked":["Dagger Throw","Grand Finale"],"picked":"Dash","floor":14.0},{"not_picked":["Die Die Die","Venomology"],"picked":"Bullet Time","floor":16.0},{"not_picked":["Backflip","Cloak And Dagger","Dagger Spray"],"picked":"SKIP","floor":18.0},{"not_picked":["Outmaneuver","Deadly Poison"],"picked":"Blade Dance","floor":22},{"not_picked":["Slice+1","Dodge and Roll"],"picked":"Noxious Fumes","floor":24},{"not_picked":["Dash","Slice"],"picked":"Catalyst","floor":25},{"not_picked":["Masterful Stab","Deflect"],"picked":"Dodge and Roll+1","floor":28},{"not_picked":["Expertise+1","Choke"],"picked":"Bane","floor":30},{"not_picked":["Blur+1","Slice"],"picked":"Accuracy","floor":31}],"player_experience":5809714,"relics_obtained":[{"floor":6.0,"key":"The Specimen"},{"floor":8.0,"key":"The Courier"},{"floor":11.0,"key":"StrikeDummy"},{"floor":14.0,"key":"Pantograph"},{"floor":17.0,"key":"Strawberry"},{"floor":17.0,"key":"White Beast Statue"},{"floor":17.0,"key":"Torii"},{"floor":26,"key":"Thread and Needle"}],"event_choices":[{"damage_healed":0.0,"max_hp_gain":0.0,"max_hp_loss":0.0,"gold_gain":30.0,"event_name":"Dead Adventurer","player_choice":"Searched \u00272\u0027 times","floor":10.0,"gold_loss":0.0,"damage_taken":0.0},{"damage_healed":0.0,"max_hp_gain":0.0,"max_hp_loss":0.0,"gold_gain":0.0,"event_name":"Drug Dealer","player_choice":"Inject Mutagens","floor":19.0,"gold_loss":0.0,"damage_taken":0.0,"relics_obtained":["MutagenicStrength"]},{"damage_healed":0.0,"max_hp_gain":0.0,"max_hp_loss":0.0,"gold_gain":0.0,"event_name":"Ghosts","player_choice":"Ignored","floor":20.0,"gold_loss":0.0,"damage_taken":0.0}],"is_beta":false,"boss_relics":[{"not_picked":["Tiny House","Runic Pyramid"],"picked":"Calling Bell"}],"items_purged_floors":[],"is_endless":false,"potions_floor_spawned":[1,6,8,12,18,22,24,25,28,30,31],"killed_by":"Champ","ascension_level":7}}