{"host":"f7jml7vkwn3tj7tu","time":1614063303,"event":{"mods":["BaseMod","Block Reminder","Minty Spire (QoL Compilation)","Relic Stats","Slay-I"],"gold_per_floor":[119,119,137,150,164,193,193,193,193,193,211,211,30,60,60,157,157,176,196,206,206,206,206,206],"floor_reached":23,"language":"ENG","playtime":1448,"items_purged":[],"score":231,"play_id":"7d660254-0485-4be1-8c31-5afef6fec9aa","local_time":"20210223015503","is_ascension_mode":true,"campfire_choices":[{"data":"Neutralize","floor":10,"key":"SMITH"},{"data":"Dodge and Roll","floor":12,"key":"SMITH"},{"data":"Quick Slash","floor":15,"key":"SMITH"}],"circlet_count":0,"master_deck":["Strike_G","Strike_G","Strike_G","Strike_G","Defend_G","Defend_G","Defend_G","Defend_G","Survivor","Neutralize+1","Dodge and Roll+1","Quick Slash+1","Well Laid Plans","Crippling Poison","Terror","Die Die Die","Footwork","Blade Dance","PiercingWail+1","Shame"],"relics":["Ring of the Snake","NeowsBlessing","The Courier","Meat on the Bone","Strange Spoon","Blood Vial","Black Star","Nilry\u0027s Codex","Singing Bowl"],"acts_visited":["Exordium","TheCity"],"potions_floor_usage":[16,23],"damage_taken":[{"damage":0,"enemies":"Small Slimes","floor":1,"turns":1},{"damage":0,"enemies":"Cultist","floor":3,"turns":1},{"damage":0,"enemies":"2 Louse","floor":4,"turns":1},{"damage":0,"enemies":"Exordium Wildlife","floor":5,"turns":5},{"damage":41,"enemies":"3 Sentries","floor":6,"turns":17},{"damage":0,"enemies":"3 Louse","floor":11,"turns":5},{"damage":16,"enemies":"Lagavulin","floor":14,"turns":8},{"damage":30,"enemies":"Hexaghost","floor":16,"turns":14},{"damage":11,"enemies":"3 Byrds","floor":18,"turns":6},{"damage":5,"enemies":"Shell Parasite","floor":19,"turns":11},{"damage":11,"enemies":"Centurion and Healer","floor":20,"turns":9},{"damage":33,"enemies":"Slavers","floor":23,"turns":3}],"seed_played":"-6498386477917785684","potions_obtained":[{"floor":3,"key":"FearPotion"},{"floor":5,"key":"AttackPotion"},{"floor":6,"key":"SpeedPotion"},{"floor":16,"key":"Poison Potion"}],"is_trial":false,"path_per_floor":["M","?","M","M","M","E","?","$","T","R","M","R","$","E","R","B",null,"M","M","M","?","?","E"],"character_chosen":"THE_SILENT","items_purchased":["Strange Spoon","Terror"],"campfire_rested":0,"item_purchase_floors":[13,13],"current_hp_per_floor":[70,70,70,70,70,29,22,22,22,22,34,34,34,30,30,14,70,59,56,47,31,31,0,0],"gold":206,"neow_bonus":"THREE_ENEMY_KILL","is_daily":false,"chose_seed":false,"campfire_upgraded":3,"win_rate":0.0,"timestamp":1614063303,"path_taken":["M","?","?","M","M","E","?","$","T","R","M","R","$","E","R","BOSS","M","M","M","?","?","E"],"items_purchased_type":["Relic","Card"],"build_version":"2020-12-22","purchased_purges":0,"victory":false,"max_hp_per_floor":[70,70,70,70,70,70,70,70,70,70,70,70,70,70,70,70,70,70,70,70,70,70,70,70],"relic_stats":{"Blood Vial":8,"Strange Spoon":[16],"Singing Bowl":0,"counters":[12,81],"Black Star":0,"obtain_stats":[{"Blood Vial":14,"Strange Spoon":13,"NeowsBlessing":0,"Singing Bowl":22,"Nilry\u0027s Codex":21,"The Courier":6,"Black Star":17,"Ring of the Snake":0,"Meat on the Bone":9},{"Blood Vial":7,"Strange Spoon":6,"NeowsBlessing":0,"Singing Bowl":11,"Nilry\u0027s Codex":11,"The Courier":5,"Black Star":8,"Ring of the Snake":0,"Meat on the Bone":5},{"Blood Vial":38,"Strange Spoon":30,"NeowsBlessing":0,"Singing Bowl":78,"Nilry\u0027s Codex":78,"The Courier":25,"Black Star":52,"Ring of the Snake":0,"Meat on the Bone":25}],"Ring of the Snake":[24],"Meat on the Bone":36},"card_choices":[{"not_picked":["Flechettes","Underhanded Strike"],"picked":"Dodge and Roll","floor":1},{"not_picked":["Eviscerate","Prepared","Deadly Poison"],"picked":"SKIP","floor":3},{"not_picked":["Slice","Escape Plan"],"picked":"Quick Slash","floor":4},{"not_picked":["Bouncing Flask","Deadly Poison","Backflip"],"picked":"SKIP","floor":5},{"not_picked":["Deadly Poison","Bouncing Flask"],"picked":"Well Laid Plans","floor":6},{"not_picked":["Backflip","Eviscerate"],"picked":"Crippling Poison","floor":11},{"not_picked":["Endless Agony","Distraction","Flying Knee"],"picked":"SKIP","floor":14},{"not_picked":["Burst","Unload"],"picked":"Die Die Die","floor":16},{"not_picked":["Quick Slash","Blade Dance"],"picked":"Footwork","floor":18},{"not_picked":["Deadly Poison","Sucker Punch+1"],"picked":"Blade Dance","floor":19},{"not_picked":["Noxious Fumes","Dodge and Roll"],"picked":"PiercingWail+1","floor":20}],"player_experience":613069,"relics_obtained":[{"floor":6,"key":"The Courier"},{"floor":9,"key":"Meat on the Bone"},{"floor":14,"key":"Blood Vial"},{"floor":21,"key":"Nilry\u0027s Codex"}],"event_choices":[{"cards_removed":["Strike_G"],"damage_healed":0,"gold_gain":0,"player_choice":"Offered Basic","damage_taken":0,"max_hp_gain":0,"max_hp_loss":0,"event_name":"Bonfire Elementals","floor":2,"gold_loss":0},{"cards_removed":["Defend_G"],"damage_healed":0,"gold_gain":0,"player_choice":"Card Removal","damage_taken":7,"max_hp_gain":0,"max_hp_loss":0,"event_name":"Golden Wing","floor":7,"gold_loss":0},{"damage_healed":0,"gold_gain":0,"player_choice":"Obtained Book","damage_taken":16,"max_hp_gain":0,"max_hp_loss":0,"event_name":"Cursed Tome","floor":21,"gold_loss":0},{"damage_healed":0,"gold_gain":0,"player_choice":"Stole Relic","damage_taken":0,"relics_obtained":["Singing Bowl"],"max_hp_gain":0,"max_hp_loss":0,"event_name":"Addict","floor":22,"gold_loss":0,"cards_obtained":["Shame"]}],"is_beta":false,"boss_relics":[{"not_picked":["Runic Dome","Philosopher\u0027s Stone"],"picked":"Black Star"}],"items_purged_floors":[],"is_endless":false,"potions_floor_spawned":[3,5,6,16,20],"killed_by":"Slavers","ascension_level":3}}