{"host":"prxrhpgaxnj4om9r","time":1614065014,"event":{"mods":["AchievementEnabler","BaseMod","Colored Map","DeckTracker","Minty Spire (QoL Compilation)"],"gold_per_floor":[116,116,134,151,151,151,195,211,211,211,211,230,274,289,289,412,412,430,430,443,518,532,532,555,598,598,598,598],"floor_reached":27,"language":"KOR","playtime":986,"items_purged":[],"score":319,"play_id":"956af027-c2d9-4a61-8d22-20ecb69d96b8","local_time":"20210223162334","is_ascension_mode":true,"campfire_choices":[{"data":"Flex","floor":6.0,"key":"SMITH"},{"floor":11.0,"key":"REST"},{"floor":15.0,"key":"REST"},{"floor":23.0,"key":"REST"}],"circlet_count":0,"master_deck":["Strike_R","Strike_R","Strike_R","Strike_R","Strike_R","Defend_R","Defend_R","Defend_R","Defend_R","Bash","Flex+1","Sword Boomerang","Evolve","Injury","Sever Soul","Clash","Rampage","Spot Weakness","Cleave","Immolate","Disarm","Clothesline","Twin Strike","Fire Breathing","Dark Embrace"],"relics":["Burning Blood","Golden Idol","Vajra","Bottled Flame","Thread and Needle","Eternal Feather","Snecko Eye","Enchiridion","Gremlin Horn","Boot"],"acts_visited":["Exordium","TheCity"],"potions_floor_usage":[25],"damage_taken":[{"damage":6.0,"enemies":"Cultist","floor":1.0,"turns":3.0},{"damage":7.0,"enemies":"Jaw Worm","floor":3.0,"turns":3.0},{"damage":16.0,"enemies":"Small Slimes","floor":4.0,"turns":3.0},{"damage":45.0,"enemies":"3 Sentries","floor":7.0,"turns":7.0},{"damage":11.0,"enemies":"Looter","floor":8.0,"turns":2.0},{"damage":9.0,"enemies":"Blue Slaver","floor":12.0,"turns":3.0},{"damage":23.0,"enemies":"Lagavulin","floor":13.0,"turns":5.0},{"damage":5.0,"enemies":"Gremlin Gang","floor":14.0,"turns":3.0},{"damage":45.0,"enemies":"Slime Boss","floor":16.0,"turns":9.0},{"damage":22.0,"enemies":"2 Thieves","floor":18.0,"turns":3.0},{"damage":7.0,"enemies":"Spheric Guardian","floor":20.0,"turns":3.0},{"damage":24.0,"enemies":"Centurion and Healer","floor":22.0,"turns":4.0},{"damage":8.0,"enemies":"Cultist and Chosen","floor":24.0,"turns":4.0},{"damage":29,"enemies":"Book of Stabbing","floor":25,"turns":5},{"damage":25,"enemies":"Snake Plant","floor":27,"turns":2}],"seed_played":"-2433842976333724401","potions_obtained":[{"floor":1.0,"key":"CultistPotion"},{"floor":8.0,"key":"AttackPotion"},{"floor":14.0,"key":"Swift Potion"},{"floor":16.0,"key":"ElixirPotion"},{"floor":22.0,"key":"Block Potion"}],"is_trial":false,"path_per_floor":["M","?","M","M","?","R","E","M","T","?","R","M","E","M","R","B",null,"M","?","M","?","M","R","M","E","T","M"],"character_chosen":"IRONCLAD","items_purchased":[],"campfire_rested":3,"item_purchase_floors":[],"current_hp_per_floor":[80,80,79,69,69,69,30,25,25,13,39,36,19,20,55,16,70,54,38,37,29,11,49,47,24,24,0,0],"gold":598,"neow_bonus":"TEN_PERCENT_HP_BONUS","is_daily":false,"chose_seed":false,"campfire_upgraded":1,"win_rate":0.0,"timestamp":1614065014,"path_taken":["M","?","M","M","?","R","E","M","T","?","R","M","E","M","R","BOSS","M","?","M","?","?","R","M","E","T","M"],"items_purchased_type":[],"build_version":"2020-12-22","purchased_purges":0,"victory":false,"max_hp_per_floor":[88,88,88,88,88,88,88,88,88,88,88,88,88,88,88,88,88,88,88,88,88,88,88,88,88,88,88,88],"card_choices":[{"not_picked":["Flame Barrier","Body Slam"],"picked":"Flex","floor":1.0},{"not_picked":["Rupture","Clash"],"picked":"Sword Boomerang","floor":3.0},{"not_picked":["Rage","Warcry"],"picked":"Evolve","floor":4.0},{"not_picked":["Dropkick","Flex"],"picked":"Sever Soul","floor":7.0},{"not_picked":["Ghostly Armor","Heavy Blade"],"picked":"Clash","floor":8.0},{"not_picked":["Headbutt","Intimidate"],"picked":"Rampage","floor":12.0},{"not_picked":["Inflame","Corruption"],"picked":"Spot Weakness","floor":13.0},{"not_picked":["Body Slam","Seeing Red"],"picked":"Cleave","floor":14.0},{"not_picked":["Juggernaut","Fiend Fire"],"picked":"Immolate","floor":16.0},{"not_picked":["Bloodletting","Armaments"],"picked":"Disarm","floor":18.0},{"not_picked":["Spot Weakness+1","Feel No Pain"],"picked":"Clothesline","floor":20.0},{"not_picked":["Armaments","Clash+1"],"picked":"Twin Strike","floor":22.0},{"not_picked":["Warcry","Clothesline"],"picked":"Fire Breathing","floor":24.0},{"not_picked":["Sword Boomerang","Cleave"],"picked":"Dark Embrace","floor":25}],"player_experience":603970,"relics_obtained":[{"floor":7.0,"key":"Vajra"},{"floor":9.0,"key":"Bottled Flame"},{"floor":13.0,"key":"Eternal Feather"},{"floor":19.0,"key":"Enchiridion"},{"floor":25,"key":"Gremlin Horn"},{"floor":26,"key":"Boot"}],"event_choices":[{"damage_healed":0.0,"max_hp_gain":0.0,"max_hp_loss":0.0,"gold_gain":0.0,"event_name":"The Cleric","player_choice":"Leave","floor":2.0,"gold_loss":0.0,"damage_taken":0.0},{"damage_healed":0.0,"max_hp_gain":0.0,"max_hp_loss":0.0,"gold_gain":0.0,"event_name":"Golden Idol","player_choice":"Take Wound","floor":5.0,"gold_loss":0.0,"damage_taken":0.0,"relics_obtained":["Golden Idol"],"cards_obtained":["Injury"]},{"damage_healed":0.0,"max_hp_gain":0.0,"max_hp_loss":0.0,"gold_gain":0.0,"event_name":"Scrap Ooze","player_choice":"Success","floor":10.0,"gold_loss":0.0,"damage_taken":12.0,"relics_obtained":["Thread and Needle"]},{"damage_healed":0.0,"max_hp_gain":0.0,"max_hp_loss":0.0,"gold_gain":0.0,"event_name":"Cursed Tome","player_choice":"Obtained Book","floor":19.0,"gold_loss":0.0,"damage_taken":16.0},{"damage_healed":0.0,"max_hp_gain":0.0,"max_hp_loss":0.0,"gold_gain":75.0,"event_name":"FaceTrader","player_choice":"Touch","floor":21.0,"gold_loss":0.0,"damage_taken":8.0}],"is_beta":false,"boss_relics":[{"not_picked":["Philosopher\u0027s Stone","Tiny House"],"picked":"Snecko Eye"}],"items_purged_floors":[],"is_endless":false,"potions_floor_spawned":[1,8,14,16,22],"killed_by":"Snake Plant","ascension_level":6}}