{"host":"pjjzz70vl4t83ifx","time":1614045162,"event":{"mods":["AchievementEnabler","BaseMod","Card Forge","Colored Map","Colored Powertips","Highlight Path","Infinite Spire","Minty Spire (QoL Compilation)","Permanent Neow","Practice Mode","Rare Cards Sparkle","Relic Stats","StSLib","Synergy Search"],"gold_per_floor":[114,114,125,125,143,169,169,169,169,188,204,204,204,47,47,121,121,138,63,63,63,83,83,133,163,163,163,163,178,178,207,207,281,281,296,296,313,313,313,338,338,338,364,364,364,398,398,398,398,398],"floor_reached":51,"language":"ENG","playtime":1791,"items_purged":[],"score":1518,"play_id":"7fcc75c7-5aad-406c-a7a7-74345f34fe31","local_time":"20210222175242","is_ascension_mode":true,"campfire_choices":[{"data":"infinitespire:TheBestDefense","floor":8,"key":"SMITH"},{"floor":15,"key":"REST"},{"data":"Bash","floor":23,"key":"SMITH"},{"data":"Metallicize","floor":27,"key":"SMITH"},{"data":"infinitespire:UltimateForm","floor":32,"key":"SMITH"},{"data":"infinitespire:SevenWalls","floor":41,"key":"SMITH"},{"data":"Impervious","floor":44,"key":"SMITH"},{"data":"Juggernaut","floor":45,"key":"SMITH"},{"data":"Sword Boomerang","floor":49,"key":"SMITH"}],"circlet_count":0,"master_deck":["AscendersBane","Defend_R","Defend_R","Defend_R","Bash+1","Cleave","infinitespire:TheBestDefense+1","Sword Boomerang+1","Body Slam+1","Metallicize+1","Juggernaut+1","Clothesline","Bite","Bite","Bite","Bite","Bite","Armaments+1","infinitespire:UltimateForm+1","infinitespire:SevenWalls+1","Barricade","True Grit+1","Impervious+1","Shockwave+1","Madness","Madness","Reaper","Clothesline+1"],"relics":["Burning Blood","Hammer of Thor","Seething Fire","Anvil of the Gods","infinitespire:Beetle Shell","Pantograph","Bottled Lightning","Mercury Hourglass","Happy Flower","Strawberry","Snecko Eye","White Beast Statue","infinitespire:EmpoweringShard","Nunchaku","Ancient Tea Set","Philosopher\u0027s Stone","WingedGreaves","Art of War","Potion Belt","Eternal Feather","Calipers","Coffee Dripper"],"acts_visited":["Exordium","TheCity","TheBeyond"],"potions_floor_usage":[16,25,29,33,37,40,50,50],"damage_taken":[{"damage":0,"enemies":"Small Slimes","floor":1,"turns":4},{"damage":10,"enemies":"Cultist","floor":3,"turns":5},{"damage":12,"enemies":"Jaw Worm","floor":5,"turns":2},{"damage":42,"enemies":"Lagavulin","floor":6,"turns":8},{"damage":1,"enemies":"2 Fungi Beasts","floor":10,"turns":3},{"damage":1,"enemies":"Large Slime","floor":11,"turns":5},{"damage":58,"enemies":"Hexaghost","floor":16,"turns":11},{"damage":4,"enemies":"Chosen","floor":18,"turns":4},{"damage":20,"enemies":"Spheric Guardian","floor":22,"turns":4},{"damage":38,"enemies":"Gremlin Leader","floor":25,"turns":8},{"damage":33,"enemies":"Shelled Parasite and Fungi","floor":29,"turns":3},{"damage":3,"enemies":"Slavers","floor":31,"turns":3},{"damage":0,"enemies":"Champ","floor":33,"turns":9},{"damage":40,"enemies":"3 Darklings","floor":35,"turns":4},{"damage":0,"enemies":"3 Shapes","floor":37,"turns":4},{"damage":0,"enemies":"Nemesis","floor":40,"turns":7},{"damage":0,"enemies":"Giant Head","floor":46,"turns":5},{"damage":8,"enemies":"Awakened One","floor":50,"turns":5}],"seed_played":"1940609641601883001","potions_obtained":[{"floor":1,"key":"BlessingOfTheForge"},{"floor":10,"key":"ElixirPotion"},{"floor":11,"key":"GamblersBrew"},{"floor":22,"key":"EssenceOfSteel"},{"floor":29,"key":"Explosive Potion"},{"floor":31,"key":"EssenceOfSteel"},{"floor":33,"key":"BloodPotion"},{"floor":35,"key":"infinitespire:BlackPotion"},{"floor":37,"key":"SkillPotion"},{"floor":40,"key":"BloodPotion"},{"floor":46,"key":"EssenceOfSteel"}],"is_trial":false,"path_per_floor":["M","?","M","?","M","E","?","R","T","M","M","?","?","$","R","B",null,"M","?","?","?","M","R","?","E","T","R","AVR","M","$","E","R","B",null,"M","?","M","?","?","E","R","T","T","R","R","E","?","AVR","R","B",null],"character_chosen":"IRONCLAD","items_purchased":["Strawberry"],"campfire_rested":1,"item_purchase_floors":[14],"current_hp_per_floor":[74,56,52,52,46,10,15,15,15,20,25,7,7,14,40,13,69,71,71,71,60,52,52,52,42,42,42,42,22,22,32,32,60,60,30,30,54,43,43,60,60,60,60,60,60,60,60,60,60,60],"gold":398,"neow_bonus":"RANDOM_COMMON_RELIC","is_daily":false,"chose_seed":false,"campfire_upgraded":8,"win_rate":0.0,"timestamp":1614045162,"path_taken":["M","?","M","?","?","E","?","R","T","M","M","?","?","?","R","BOSS","M","?","?","?","M","R","?","E","T","R","AVR","M","$","E","R","BOSS","M","?","M","?","?","E","R","?","T","R","R","E","?","AVR","R","BOSS"],"items_purchased_type":["Relic"],"build_version":"2020-12-22","purchased_purges":0,"victory":true,"max_hp_per_floor":[75,75,75,75,75,75,80,80,80,80,80,80,80,87,87,87,87,87,87,87,60,60,60,60,60,60,60,60,60,60,60,60,60,60,60,60,60,60,60,60,60,60,60,60,60,60,60,60,60,60],"relic_stats":{"Nunchaku":[8],"Happy Flower":[22],"counters":[18,93],"Pantograph":50,"Snecko Eye":[108,88,93,94],"Eternal Feather":0,"Art of War":[0],"obtain_stats":[{"Potion Belt":43,"Calipers":48,"Happy Flower":12,"Eternal Feather":46,"Hammer of Thor":0,"infinitespire:Beetle Shell":0,"Seething Fire":0,"Ancient Tea Set":31,"Burning Blood":0,"White Beast Statue":25,"Mercury Hourglass":9,"Nunchaku":28,"Anvil of the Gods":0,"Pantograph":4,"Strawberry":14,"Snecko Eye":17,"Philosopher\u0027s Stone":34,"WingedGreaves":40,"infinitespire:EmpoweringShard":26,"Art of War":42,"Coffee Dripper":48,"Bottled Lightning":6},{"Potion Belt":16,"Calipers":17,"Happy Flower":6,"Eternal Feather":17,"Hammer of Thor":0,"infinitespire:Beetle Shell":0,"Seething Fire":0,"Ancient Tea Set":12,"Burning Blood":0,"White Beast Statue":10,"Mercury Hourglass":4,"Nunchaku":10,"Anvil of the Gods":0,"Pantograph":2,"Strawberry":6,"Snecko Eye":7,"Philosopher\u0027s Stone":13,"WingedGreaves":16,"infinitespire:EmpoweringShard":10,"Art of War":16,"Coffee Dripper":17,"Bottled Lightning":4},{"Potion Belt":83,"Calipers":88,"Happy Flower":26,"Eternal Feather":88,"Hammer of Thor":0,"infinitespire:Beetle Shell":0,"Seething Fire":0,"Ancient Tea Set":59,"Burning Blood":0,"White Beast Statue":53,"Mercury Hourglass":19,"Nunchaku":53,"Anvil of the Gods":0,"Pantograph":9,"Strawberry":26,"Snecko Eye":37,"Philosopher\u0027s Stone":68,"WingedGreaves":83,"infinitespire:EmpoweringShard":53,"Art of War":83,"Coffee Dripper":88,"Bottled Lightning":19}],"Burning Blood":88,"Mercury Hourglass":[294]},"card_choices":[{"not_picked":["Rage","Blood for Blood"],"picked":"Cleave","floor":1},{"not_picked":["infinitespire:Gouge","infinitespire:Execution"],"picked":"infinitespire:TheBestDefense","floor":2},{"not_picked":["Warcry","Hemokinesis"],"picked":"Sword Boomerang","floor":3},{"not_picked":["Seeing Red","Anger"],"picked":"Body Slam","floor":5},{"not_picked":["Uppercut","Clothesline","Brutality"],"picked":"SKIP","floor":6},{"not_picked":["Uppercut","Clothesline","Brutality"],"picked":"SKIP","floor":6},{"not_picked":["Rage","Flex"],"picked":"Warcry","floor":10},{"not_picked":["Rupture","Shockwave"],"picked":"Metallicize","floor":11},{"not_picked":["Feed","Corruption"],"picked":"Juggernaut","floor":16},{"not_picked":["Feel No Pain","Anger"],"picked":"Clothesline","floor":18},{"not_picked":["Clash","True Grit","Perfected Strike+1"],"picked":"SKIP","floor":22},{"not_picked":["Pommel Strike","Headbutt"],"picked":"Armaments+1","floor":25},{"not_picked":["Thunderclap","Pummel"],"picked":"Barricade","floor":29},{"not_picked":["Pommel Strike","Warcry"],"picked":"True Grit+1","floor":31},{"not_picked":["Feed","Limit Break"],"picked":"Impervious","floor":33},{"not_picked":["Thunderclap","Headbutt"],"picked":"Shockwave+1","floor":35},{"not_picked":["True Grit","Sword Boomerang+1","Power Through"],"picked":"SKIP","floor":37},{"not_picked":["Sever Soul","Uppercut"],"picked":"Reaper","floor":40},{"not_picked":["Barricade","Disarm"],"picked":"Clothesline","floor":46}],"player_experience":267272,"relics_obtained":[{"floor":6,"key":"Bottled Lightning"},{"floor":9,"key":"Mercury Hourglass"},{"floor":25,"key":"White Beast Statue"},{"floor":26,"key":"infinitespire:EmpoweringShard"},{"floor":31,"key":"Ancient Tea Set"},{"floor":40,"key":"WingedGreaves"},{"floor":42,"key":"Art of War"},{"floor":43,"key":"Potion Belt"},{"floor":46,"key":"Eternal Feather"}],"event_choices":[{"damage_healed":0,"gold_gain":0,"player_choice":"Gave Potion","damage_taken":0,"relics_obtained":["Pantograph"],"max_hp_gain":0,"max_hp_loss":0,"event_name":"WeMeetAgain","floor":4,"gold_loss":0},{"damage_healed":0,"gold_gain":0,"player_choice":"Donut","damage_taken":0,"max_hp_gain":5,"max_hp_loss":0,"event_name":"Big Fish","floor":7,"gold_loss":0},{"damage_healed":0,"gold_gain":0,"player_choice":"Success","damage_taken":18,"relics_obtained":["Happy Flower"],"max_hp_gain":0,"max_hp_loss":0,"event_name":"Scrap Ooze","floor":12,"gold_loss":0},{"damage_healed":0,"gold_gain":0,"player_choice":"Grow","damage_taken":0,"max_hp_gain":0,"max_hp_loss":0,"event_name":"Living Wall","floor":13,"gold_loss":0,"cards_upgraded":["Body Slam"]},{"cards_removed":["Warcry"],"damage_healed":0,"gold_gain":0,"player_choice":"Gave Gold","damage_taken":0,"max_hp_gain":0,"max_hp_loss":0,"event_name":"Beggar","floor":19,"gold_loss":75},{"damage_healed":0,"gold_gain":0,"player_choice":"Ignored","damage_taken":0,"max_hp_gain":0,"max_hp_loss":0,"event_name":"Ghosts","floor":20,"gold_loss":0},{"damage_healed":0,"gold_gain":0,"player_choice":"Became a vampire","damage_taken":0,"max_hp_gain":0,"max_hp_loss":27,"event_name":"Vampires","floor":21,"gold_loss":0,"cards_obtained":["Bite","Bite","Bite","Bite","Bite"]},{"damage_healed":0,"gold_gain":50,"player_choice":"Stole From Cult","damage_taken":0,"max_hp_gain":0,"max_hp_loss":0,"event_name":"Nest","floor":24,"gold_loss":0},{"cards_removed":["Defend_R"],"damage_healed":0,"gold_gain":0,"player_choice":"Removed Skill","damage_taken":0,"max_hp_gain":0,"max_hp_loss":0,"event_name":"Falling","floor":36,"gold_loss":0},{"damage_healed":0,"gold_gain":0,"player_choice":"Embrace Madness","damage_taken":11,"max_hp_gain":0,"max_hp_loss":0,"event_name":"Winding Halls","floor":38,"gold_loss":0,"cards_obtained":["Madness","Madness"]},{"damage_healed":0,"gold_gain":0,"player_choice":"Memory 1","damage_taken":0,"max_hp_gain":0,"max_hp_loss":0,"event_name":"SensoryStone","floor":39,"gold_loss":0},{"damage_healed":0,"gold_gain":0,"player_choice":"Upgraded","damage_taken":0,"max_hp_gain":0,"max_hp_loss":0,"event_name":"Upgrade Shrine","floor":47,"gold_loss":0,"cards_upgraded":["Clothesline"]}],"is_beta":false,"boss_relics":[{"not_picked":["Astrolabe","Ectoplasm"],"picked":"Snecko Eye"},{"not_picked":["Pandora\u0027s Box","Fusion Hammer"],"picked":"Philosopher\u0027s Stone"}],"items_purged_floors":[],"is_endless":false,"potions_floor_spawned":[1,10,11,22,29,31,33,35,37,40,46],"ascension_level":15}}