{"host":"1xo5g347e5o4auts","time":1614065736,"event":{"mods":["BaseMod","Minty Spire (QoL Compilation)","Permanent Neow","StSLib"],"gold_per_floor":[52,92,131,181,211,241,293,293,317,317,401,200,250,250,250,328,328,369,386,399,442,442,442,15,15,15],"floor_reached":25,"language":"ENG","playtime":663,"items_purged":["Strike_R","Strike_R"],"score":450,"play_id":"2fcf5a3f-bf1f-44f1-92df-1cd08d8f4054","local_time":"20210223093536","is_ascension_mode":true,"campfire_choices":[{"data":"HandOfGreed","floor":10.0,"key":"SMITH"},{"data":"Disarm","floor":15.0,"key":"SMITH"},{"data":"Battle Trance","floor":23.0,"key":"SMITH"}],"circlet_count":0,"master_deck":["AscendersBane","Strike_R","Strike_R+1","Strike_R+1","Defend_R","Defend_R","Defend_R","Defend_R","Bash","HandOfGreed+1","Feel No Pain","Anger","Flame Barrier","Feel No Pain","Spot Weakness","Double Tap","Disarm+1","Inflame","Reaper","Power Through","Sword Boomerang","Battle Trance+1"],"relics":["Burning Blood","Mango","Red Skull","Oddly Smooth Stone","Pen Nib","Whetstone","Coffee Dripper","OrangePellets","Lantern"],"acts_visited":["Exordium","TheCity"],"potions_floor_usage":[25],"damage_taken":[{"damage":8.0,"enemies":"Small Slimes","floor":1.0,"turns":4.0},{"damage":11.0,"enemies":"Jaw Worm","floor":2.0,"turns":4.0},{"damage":0.0,"enemies":"Cultist","floor":3.0,"turns":4.0},{"damage":15.0,"enemies":"3 Louse","floor":4.0,"turns":4.0},{"damage":6.0,"enemies":"Looter","floor":5.0,"turns":3.0},{"damage":28.0,"enemies":"Lagavulin","floor":6.0,"turns":11.0},{"damage":19.0,"enemies":"Exordium Thugs","floor":7.0,"turns":5.0},{"damage":8.0,"enemies":"3 Sentries","floor":11.0,"turns":7.0},{"damage":6.0,"enemies":"Lagavulin","floor":13.0,"turns":7.0},{"damage":21.0,"enemies":"Hexaghost","floor":16.0,"turns":7.0},{"damage":31.0,"enemies":"Spheric Guardian","floor":18.0,"turns":6.0},{"damage":0.0,"enemies":"Chosen","floor":19.0,"turns":5.0},{"damage":39.0,"enemies":"Snecko","floor":20.0,"turns":6.0},{"damage":27.0,"enemies":"Shelled Parasite and Fungi","floor":21.0,"turns":5.0},{"damage":13,"enemies":"Slavers","floor":25,"turns":3}],"seed_played":"-1015262605904407600","potions_obtained":[{"floor":1.0,"key":"Ancient Potion"},{"floor":3.0,"key":"Fruit Juice"},{"floor":4.0,"key":"SpeedPotion"},{"floor":18.0,"key":"ElixirPotion"},{"floor":20.0,"key":"Swift Potion"},{"floor":21.0,"key":"BlessingOfTheForge"}],"is_trial":false,"path_per_floor":["M","M","M","M","M","E","M","?","T","R","E","$","E","?","R","B",null,"M","M","M","M","?","R","$","E"],"character_chosen":"IRONCLAD","items_purchased":["Disarm","Inflame","OrangePellets","Lantern"],"campfire_rested":0,"item_purchase_floors":[12,12,24,24],"current_hp_per_floor":[66,61,67,63,63,55,42,31,31,31,29,29,29,29,29,14,74,49,59,39,18,18,18,18,5,5],"gold":15,"neow_bonus":"RANDOM_COLORLESS_2","is_daily":false,"chose_seed":false,"campfire_upgraded":3,"win_rate":0.0,"timestamp":1614065736,"path_taken":["M","M","M","M","M","E","M","?","T","R","E","$","E","?","R","BOSS","M","?","M","M","?","R","$","E"],"items_purchased_type":["Card","Card","Relic","Relic"],"build_version":"2020-12-22","purchased_purges":2,"victory":false,"max_hp_per_floor":[75,75,75,80,80,94,94,94,94,94,94,94,94,94,94,94,94,94,94,94,94,94,94,94,94,94],"card_choices":[{"not_picked":["Violence","Secret Technique"],"picked":"HandOfGreed","floor":0.0},{"not_picked":["Dual Wield","Perfected Strike"],"picked":"Feel No Pain","floor":1.0},{"not_picked":["Warcry","Iron Wave","Flex"],"picked":"SKIP","floor":2.0},{"not_picked":["Pummel","Whirlwind"],"picked":"Anger","floor":3.0},{"not_picked":["Sentinel","Pommel Strike"],"picked":"Flame Barrier","floor":4.0},{"not_picked":["Rupture","Havoc"],"picked":"Feel No Pain","floor":5.0},{"not_picked":["Entrench","Body Slam"],"picked":"Spot Weakness","floor":6.0},{"not_picked":["Clash","Twin Strike"],"picked":"Double Tap","floor":7.0},{"not_picked":["Thunderclap","Feel No Pain","Wild Strike"],"picked":"SKIP","floor":11.0},{"not_picked":["Inflame","Cleave","Dark Embrace"],"picked":"SKIP","floor":13.0},{"not_picked":["Feed","Brutality"],"picked":"Reaper","floor":16.0},{"not_picked":["Thunderclap","Clash"],"picked":"Power Through","floor":18.0},{"not_picked":["Flex","Anger","Clothesline"],"picked":"SKIP","floor":19.0},{"not_picked":["Dark Embrace","Dual Wield"],"picked":"Sword Boomerang","floor":20.0},{"not_picked":["Flex+1","Dual Wield"],"picked":"Battle Trance","floor":21.0}],"player_experience":1505999,"relics_obtained":[{"floor":6.0,"key":"Mango"},{"floor":9.0,"key":"Oddly Smooth Stone"},{"floor":11.0,"key":"Pen Nib"},{"floor":13.0,"key":"Whetstone"}],"event_choices":[{"damage_healed":0.0,"max_hp_gain":0.0,"max_hp_loss":0.0,"gold_gain":0.0,"event_name":"Scrap Ooze","player_choice":"Success","floor":8.0,"gold_loss":0.0,"damage_taken":11.0,"relics_obtained":["Red Skull"]},{"damage_healed":0.0,"max_hp_gain":0.0,"max_hp_loss":0.0,"gold_gain":0.0,"event_name":"Match and Keep!","player_choice":"0 cards matched","floor":14.0,"gold_loss":0.0,"damage_taken":0.0,"cards_obtained":[]},{"damage_healed":0.0,"max_hp_gain":0.0,"max_hp_loss":0.0,"gold_gain":0.0,"event_name":"Cursed Tome","player_choice":"Ignored","floor":22.0,"gold_loss":0.0,"damage_taken":0.0}],"is_beta":false,"boss_relics":[{"not_picked":["Busted Crown","Ectoplasm"],"picked":"Coffee Dripper"}],"items_purged_floors":[12,24],"is_endless":false,"potions_floor_spawned":[1,3,4,18,20,21],"killed_by":"Slavers","ascension_level":20}}