{"host":"lxihx0b6awoz2w1j","time":1614122415,"event":{"mods":["BaseMod","Better Third Choice","BetterRewards","CapriCore","Colored Powertips","Conspire","Downfall","Fox Events","Hubris","Infinite Spire","Melee Mod","Minty Spire (QoL Compilation)","Permanent Neow","Quick Restart","Relic Stats","Reliquary","Replay The Spire","Spicy Shops","StSLib","The Alterego","The Blue Laboratory","The Death Knight","The Forsaken","The Jungle","Waifu the Spire"],"gold_per_floor":[116,136,136,147,147,147,183,183,183,224,224,6,24,45,45,164,164,183,183,183,199,223,223,241,241,318,318,358,358,358,398,398,529,529,550,550,550,564,23,61,61,100,100,25,49,49,62,62],"floor_reached":47,"language":"ENG","playtime":2454,"items_purged":["hubris:Greed"],"score":686,"play_id":"5b47185e-e697-4bcb-9bf1-27985aa4c824","local_time":"20210224002015","is_ascension_mode":true,"campfire_choices":[{"data":"DeathKnight:DeathStrike","floor":6.0,"key":"SMITH"},{"floor":11.0,"key":"REST"},{"data":"DeathKnight:BludPresence","floor":15.0,"key":"SMITH"},{"data":"DeathKnight:DarkSuccor","floor":23.0,"key":"SMITH"},{"floor":27.0,"key":"REST"},{"data":"DeathKnight:BloodBoil","floor":29.0,"key":"SMITH"},{"data":"DeathKnight:BloodBoil","floor":32.0,"key":"SMITH"},{"data":"DeathKnight:IcyTouch","floor":41.0,"key":"SMITH"},{"data":"DeathKnight:FrosPresence","floor":46.0,"key":"SMITH"}],"circlet_count":0,"master_deck":["DeathKnight:Strike_DeathKnight","DeathKnight:Strike_DeathKnight","DeathKnight:Strike_DeathKnight","DeathKnight:Strike_DeathKnight","DeathKnight:Strike_DeathKnight","DeathKnight:Defend_DeathKnight","DeathKnight:Defend_DeathKnight","DeathKnight:Defend_DeathKnight","DeathKnight:Defend_DeathKnight","DeathKnight:Defend_DeathKnight","DeathKnight:RuneTap+1","DeathKnight:RuneStrike","DeathKnight:DeathStrike+1","DeathKnight:BloodTap","DeathKnight:FrosPresence+1","DeathKnight:Runesurge+1","DeathKnight:BloodBoil+1","DeathKnight:MindFreeze","DeathKnight:HartStrike","DeathKnight:BludPresence+1","DeathKnight:DancingRuneblade","DeathKnight:BloodTap+1","DeathKnight:BloodBoil+1","DeathKnight:BoneShield","DeathKnight:RunicDetonation","DeathKnight:DarkSuccor+1","DeathKnight:ShatteringStrikes","DeathKnight:Marrowrend+1","DeathKnight:Hysteria","DeathKnight:Contagion","DeathKnight:ReapingStrike","DeathKnight:DeathStrike+1","DeathKnight:IcyTouch+1","DeathKnight:ReapingStrike","DeathKnight:Runesurge","DeathKnight:FrosPresence+1","DeathKnight:Runesurge","hubris:DuctTapeCard"],"relics":["DeathKnight:BrokenRuneblade","Anchor","DeathKnight:SoulFragment","Torii","Golden Idol","Ginger","Replay:WaspNest","reliquary:TatteredRug","Replay:Kaleidoscope","reliquary:ThirdArm","hubris:Towel","reliquary:QuartzCube","Bottled Lightning","Replay:Rubber Ducky","Cursed Key","hubris:Icosahedron","hubris:DuctTape","BargainBundle","Eternal Feather","Bird Faced Urn","ReplayTheSpireMod:Shallot"],"acts_visited":["Exordium","TheCity","TheBeyond"],"potions_floor_usage":[],"damage_taken":[{"damage":1.0,"enemies":"Small Slimes","floor":1.0,"turns":3.0},{"damage":6.0,"enemies":"Cultist","floor":2.0,"turns":4.0},{"damage":1.0,"enemies":"2 Louse","floor":4.0,"turns":3.0},{"damage":0.0,"enemies":"Replay:BlueRogue","floor":7.0,"turns":7.0},{"damage":13.0,"enemies":"3 Sentries","floor":10.0,"turns":6.0},{"damage":2.0,"enemies":"Red Slaver","floor":13.0,"turns":3.0},{"damage":13.0,"enemies":"Exordium Wildlife","floor":14.0,"turns":3.0},{"damage":14.0,"enemies":"Hexaghost","floor":16.0,"turns":4.0},{"damage":6.0,"enemies":"Chosen","floor":18.0,"turns":4.0},{"damage":1.0,"enemies":"Spheric Guardian","floor":21.0,"turns":3.0},{"damage":5.0,"enemies":"Shelled Parasite and Fungi","floor":22.0,"turns":3.0},{"damage":1.0,"enemies":"Cultist and Chosen","floor":24.0,"turns":3.0},{"damage":10.0,"enemies":"Gremlin Leader","floor":28.0,"turns":6.0},{"damage":0.0,"enemies":"conspire:Head Lice","floor":31.0,"turns":1.0},{"damage":53.0,"enemies":"Collector","floor":33.0,"turns":7.0},{"damage":3.0,"enemies":"3 Darklings","floor":35.0,"turns":3.0},{"damage":5.0,"enemies":"3 Shapes","floor":38.0,"turns":3.0},{"damage":42.0,"enemies":"Nightmare","floor":40.0,"turns":6.0},{"damage":7.0,"enemies":"Reptomancer","floor":42.0,"turns":5.0},{"damage":3.0,"enemies":"Transient","floor":45.0,"turns":5.0},{"damage":1,"enemies":"4 Shapes","floor":47,"turns":3}],"seed_played":"6928961672392893359","potions_obtained":[{"floor":1.0,"key":"Ancient Potion"},{"floor":2.0,"key":"blueLaboratory:BottledHope"},{"floor":16.0,"key":"Energy Potion"},{"floor":21.0,"key":"blueLaboratory:NullPotion"},{"floor":31.0,"key":"EntropicBrew"},{"floor":45.0,"key":"EntropicBrew"},{"floor":47,"key":"blueLaboratory:HummingbirdPotion"}],"is_trial":false,"path_per_floor":["M","M","?","M","?","R","E","?","T","E","R","$","M","M","R","B",null,"M","?","?","M","M","R","M","?","T","R","E","R","?","E","R","B",null,"M","?","?","M","$","NM","R","E","T","$","M","R","M"],"character_chosen":"DEATH_KNIGHT","items_purchased":["Anchor","DeathKnight:DeathStrike","DeathKnight:BloodTap","DeathKnight:FrosPresence","DeathKnight:SoulFragment","Torii","DeathKnight:BloodStrike","DeathKnight:DancingRuneblade","Replay:Kaleidoscope","DeathKnight:BloodTap+1","hubris:DuctTape","BargainBundle","DeathKnight:IcyTouch","DeathKnight:ReapingStrike","DeathKnight:Runesurge"],"campfire_rested":2,"item_purchase_floors":[0,0,0,0,0,0,12,12,12,12,39,39,39,39,39],"current_hp_per_floor":[69,63,63,69,52,52,52,52,52,49,70,70,70,67,67,53,70,64,43,43,52,57,57,56,43,43,65,66,66,66,66,66,24,75,72,72,72,67,67,36,57,61,61,61,75,75,75,75],"gold":62,"neow_bonus":"","is_daily":false,"chose_seed":false,"campfire_upgraded":7,"win_rate":0.0,"timestamp":1614122415,"path_taken":["M","M","?","?","?","R","E","?","T","E","R","$","?","M","R","BOSS","M","?","?","M","M","R","M","?","T","R","E","R","?","E","R","BOSS","M","?","?","M","$","NM","R","E","T","?","M","R","M"],"items_purchased_type":["Relic","Card","Card","Card","Relic","Relic","Card","Card","Relic","Card","Relic","Relic","Card","Card","Card"],"build_version":"2020-12-22","purchased_purges":1,"victory":false,"max_hp_per_floor":[70,70,70,70,70,70,70,70,70,70,70,70,70,70,70,70,70,70,70,70,70,70,70,70,75,75,75,75,75,75,75,75,75,75,75,75,75,75,75,75,75,75,75,75,75,75,75,75],"relic_stats":{"Torii":37,"counters":[21,85],"Golden Idol":136,"Bird Faced Urn":[7],"Eternal Feather":21,"Ginger":[5],"Cursed Key":1,"obtain_stats":[{"BargainBundle":39,"Torii":0,"hubris:DuctTape":39,"Golden Idol":5,"Eternal Feather":40,"Replay:WaspNest":9,"reliquary:TatteredRug":10,"Ginger":7,"Replay:Kaleidoscope":12,"hubris:Towel":20,"reliquary:ThirdArm":17,"reliquary:QuartzCube":26,"Cursed Key":34,"Replay:Rubber Ducky":31,"DeathKnight:SoulFragment":0,"Anchor":0,"hubris:Icosahedron":37,"ReplayTheSpireMod:Shallot":43,"Bird Faced Urn":42,"Bottled Lightning":28,"DeathKnight:BrokenRuneblade":0},{"BargainBundle":17,"Torii":0,"hubris:DuctTape":17,"Golden Idol":3,"Eternal Feather":18,"Replay:WaspNest":4,"reliquary:TatteredRug":5,"Ginger":4,"Replay:Kaleidoscope":5,"hubris:Towel":9,"reliquary:ThirdArm":8,"reliquary:QuartzCube":12,"Cursed Key":15,"Replay:Rubber Ducky":14,"DeathKnight:SoulFragment":0,"Anchor":0,"hubris:Icosahedron":16,"ReplayTheSpireMod:Shallot":19,"Bird Faced Urn":19,"Bottled Lightning":13,"DeathKnight:BrokenRuneblade":0},{"BargainBundle":66,"Torii":0,"hubris:DuctTape":66,"Golden Idol":10,"Eternal Feather":72,"Replay:WaspNest":17,"reliquary:TatteredRug":23,"Ginger":17,"Replay:Kaleidoscope":23,"hubris:Towel":37,"reliquary:ThirdArm":33,"reliquary:QuartzCube":46,"Cursed Key":60,"Replay:Rubber Ducky":53,"DeathKnight:SoulFragment":0,"Anchor":0,"hubris:Icosahedron":63,"ReplayTheSpireMod:Shallot":77,"Bird Faced Urn":77,"Bottled Lightning":52,"DeathKnight:BrokenRuneblade":0}]},"card_choices":[{"not_picked":["DeathKnight:Hemostasis","DeathKnight:MutagenicPlague"],"picked":"DeathKnight:BloodBoil","floor":1.0},{"not_picked":["DeathKnight:ChainsOfIce","DeathKnight:RaiseAlly"],"picked":"DeathKnight:MindFreeze","floor":2.0},{"not_picked":["DeathKnight:DeathsAdvance","DeathKnight:BoneSpear"],"picked":"DeathKnight:HartStrike","floor":4.0},{"not_picked":["DeathKnight:BloodTap","DeathKnight:RuneShock"],"picked":"DeathKnight:BludPresence","floor":7.0},{"not_picked":["DeathKnight:UnholyPresence","DeathKnight:DeathAndDecay","DeathKnight:Runeguard"],"picked":"SKIP","floor":10.0},{"not_picked":["DeathKnight:RunicCorruption","DeathKnight:FrosPresence"],"picked":"DeathKnight:BloodBoil","floor":13.0},{"not_picked":["DeathKnight:UnholyPresence","DeathKnight:Parry"],"picked":"DeathKnight:BoneShield","floor":14.0},{"not_picked":["DeathKnight:Simulacrum","DeathKnight:VampiricBlood"],"picked":"DeathKnight:RunicDetonation","floor":16.0},{"not_picked":["DeathKnight:DeathGrip","DeathKnight:PathOfFrost+1"],"picked":"DeathKnight:DarkSuccor","floor":18.0},{"not_picked":["DeathKnight:Lichborne","DeathKnight:Pestilence"],"picked":"DeathKnight:ShatteringStrikes","floor":21.0},{"not_picked":["DeathKnight:MutagenicPlague","DeathKnight:DreadStrike"],"picked":"DeathKnight:Marrowrend+1","floor":22.0},{"not_picked":["DeathKnight:Culling","DeathKnight:Obliterate+1"],"picked":"DeathKnight:Hysteria","floor":24.0},{"not_picked":["DeathKnight:Parry","DeathKnight:RunicCorruption"],"picked":"DeathKnight:BoneSpear","floor":28.0},{"not_picked":["DeathKnight:DeathRune","DeathKnight:BloodEchoes+1"],"picked":"DeathKnight:Contagion","floor":31.0},{"not_picked":["DeathKnight:Runesurge","DeathKnight:Simulacrum"],"picked":"DeathKnight:ReapingStrike","floor":33.0},{"not_picked":["DeathKnight:UnholyAssault+1","DeathKnight:RuneShock+1"],"picked":"DeathKnight:DeathStrike+1","floor":35.0},{"not_picked":["DeathKnight:Hysteria","DeathKnight:MutagenicPlague+1","DeathKnight:UnholyPresence"],"picked":"SKIP","floor":38.0},{"not_picked":["DeathKnight:Marrowrend+1","DeathKnight:ChainsOfIce+1","DeathKnight:BloodEchoes+1"],"picked":"SKIP","floor":40.0},{"not_picked":["DeathKnight:PillarOfFrost+1","DeathKnight:DeathRune"],"picked":"DeathKnight:FrosPresence","floor":42.0},{"not_picked":["DeathKnight:Rot+1","DeathKnight:Pestilence+1"],"picked":"DeathKnight:Runesurge","floor":45.0}],"player_experience":647281,"relics_obtained":[{"floor":7.0,"key":"Ginger"},{"floor":9.0,"key":"Replay:WaspNest"},{"floor":10.0,"key":"reliquary:TatteredRug"},{"floor":26.0,"key":"reliquary:QuartzCube"},{"floor":28.0,"key":"Bottled Lightning"},{"floor":31.0,"key":"Replay:Rubber Ducky"},{"floor":40.0,"key":"Eternal Feather"},{"floor":42.0,"key":"Bird Faced Urn"},{"floor":43.0,"key":"ReplayTheSpireMod:Shallot"}],"event_choices":[{"damage_healed":0.0,"max_hp_gain":0.0,"max_hp_loss":0.0,"gold_gain":0.0,"event_name":"Transmorgrifier","player_choice":"Ignored","floor":3.0,"gold_loss":0.0,"damage_taken":0.0},{"damage_healed":0.0,"max_hp_gain":0.0,"max_hp_loss":0.0,"gold_gain":0.0,"event_name":"Golden Idol","player_choice":"Take Damage","floor":5.0,"gold_loss":0.0,"damage_taken":17.0,"relics_obtained":["Golden Idol"]},{"damage_healed":0.0,"max_hp_gain":0.0,"max_hp_loss":0.0,"gold_gain":0.0,"event_name":"Purifier","player_choice":"Ignored","floor":8.0,"gold_loss":0.0,"damage_taken":0.0},{"damage_healed":0.0,"max_hp_gain":5.0,"max_hp_loss":0.0,"gold_gain":0.0,"event_name":"Forgotten Altar","player_choice":"Shed Blood","floor":25.0,"gold_loss":0.0,"damage_taken":18.0}],"is_beta":false,"boss_relics":[{"not_picked":["hubris:GrandSneckoEye","hubris:HollowSoul"],"picked":"reliquary:ThirdArm"},{"not_picked":["DeathKnight:ScourgeInsignia","Astrolabe"],"picked":"Cursed Key"}],"items_purged_floors":[44],"is_endless":true,"potions_floor_spawned":[1,2,10,16,21,31,35,45,47],"killed_by":"4 Shapes","ascension_level":1}}