{"host":"ul3z8ex5o8l5j7mh","time":1614097200,"event":{"mods":["2.2 Compatiblity","AchievementEnabler","BaseMod","Bestiary","Colored Map","Colored Powertips","Curses Come First","DeckTracker","Highlight Path","Keyboard Shortcuts","Minty Spire (QoL Compilation)","Relic Sorter","Relic Stats","StSLib","SuperFastMode"],"gold_per_floor":[109,128,146,146,0,0,25,25,52,80,98,118,151,151,151,248,248,260,276,293,62,62,62,75,75,75,75,75,91,105,70,70,70,70],"floor_reached":33,"language":"ENG","playtime":1966,"items_purged":["Strike_G"],"score":332,"play_id":"cd02d70c-2426-4d1d-bb2a-1045d4e6d1ca","local_time":"20210223172000","is_ascension_mode":true,"campfire_choices":[{"data":"Tactician","floor":6.0,"key":"SMITH"},{"data":"Tactician","floor":15.0,"key":"SMITH"},{"floor":23,"key":"REST"},{"floor":25,"key":"REST"},{"floor":32,"key":"REST"}],"circlet_count":0,"master_deck":["Strike_G+1","Strike_G+1","Strike_G+1","Defend_G+1","Defend_G+1","Defend_G+1","Survivor","Neutralize","Tactician+1","Leg Sweep+1","Tools of the Trade+1","Tactician+1","Underhanded Strike","Tactician+1","Cloak And Dagger","Flying Knee","Blur","Phantasmal Killer","Flying Knee","Slice+1","Dagger Spray","Outmaneuver+1","Dagger Throw","Eviscerate"],"relics":["Astrolabe","Pear","Vajra","Mango","PreservedInsect","Juzu Bracelet","Bag of Marbles","Philosopher\u0027s Stone","Pen Nib","Lantern","Toy Ornithopter"],"acts_visited":["Exordium","TheCity"],"potions_floor_usage":[16,24],"damage_taken":[{"damage":0.0,"enemies":"Cultist","floor":1.0,"turns":5.0},{"damage":0.0,"enemies":"2 Louse","floor":2.0,"turns":4.0},{"damage":0.0,"enemies":"Jaw Worm","floor":3.0,"turns":5.0},{"damage":27.0,"enemies":"3 Sentries","floor":7.0,"turns":11.0},{"damage":11.0,"enemies":"Lagavulin","floor":10.0,"turns":5.0},{"damage":5.0,"enemies":"Exordium Wildlife","floor":11.0,"turns":6.0},{"damage":15.0,"enemies":"3 Louse","floor":12.0,"turns":6.0},{"damage":6.0,"enemies":"3 Sentries","floor":13.0,"turns":6.0},{"damage":48,"enemies":"Hexaghost","floor":16,"turns":18},{"damage":12,"enemies":"Chosen","floor":18,"turns":8},{"damage":49,"enemies":"3 Byrds","floor":19,"turns":8},{"damage":20,"enemies":"Snake Plant","floor":20,"turns":7},{"damage":21,"enemies":"Snecko","floor":24,"turns":6},{"damage":14,"enemies":"3 Cultists","floor":29,"turns":3},{"damage":30,"enemies":"Shelled Parasite and Fungi","floor":30,"turns":5},{"damage":36,"enemies":"Automaton","floor":33,"turns":6}],"seed_played":"-6601911752609817574","potions_obtained":[{"floor":1.0,"key":"Block Potion"},{"floor":7.0,"key":"LiquidMemories"},{"floor":11.0,"key":"Poison Potion"},{"floor":19,"key":"DuplicationPotion"}],"is_trial":false,"path_per_floor":["M","M","M","T","$","R","E","?","T","E","M","M","E","?","R","B",null,"M","M","M","$","?","R","M","R","T","?","?","M","M","$","R","B"],"character_chosen":"THE_SILENT","items_purchased":["Vajra","Pen Nib","Eviscerate"],"campfire_rested":3,"item_purchase_floors":[5,21,31],"current_hp_per_floor":[70,70,70,80,80,80,67,94,94,83,78,63,57,88,88,40,94,82,33,13,13,13,41,20,48,48,48,48,34,4,4,32,0,0],"gold":70,"neow_bonus":"BOSS_RELIC","is_daily":false,"chose_seed":false,"campfire_upgraded":2,"win_rate":0.0,"timestamp":1614097200,"path_taken":["M","?","M","?","$","R","E","?","T","E","M","M","E","?","R","BOSS","M","M","M","$","?","R","M","R","T","?","?","M","M","$","R","BOSS"],"items_purchased_type":["Relic","Relic","Card"],"build_version":"2020-12-22","purchased_purges":1,"victory":false,"max_hp_per_floor":[70,70,70,80,80,80,94,94,94,94,94,94,94,94,94,94,94,94,94,94,94,94,94,94,94,94,94,94,94,94,94,94,94,94],"relic_stats":{"counters":[16,109],"Astrolabe":["Tactician","Leg Sweep","Tools of the Trade"],"PreservedInsect":59,"Pen Nib":[4],"Juzu Bracelet":2,"obtain_stats":[{"Lantern":22,"Pear":4,"Astrolabe":0,"Vajra":5,"Mango":7,"Philosopher\u0027s Stone":17,"PreservedInsect":9,"Pen Nib":21,"Juzu Bracelet":10,"Bag of Marbles":13,"Toy Ornithopter":26,"Ring of the Snake":0},{"Lantern":12,"Pear":3,"Astrolabe":0,"Vajra":3,"Mango":4,"Philosopher\u0027s Stone":9,"PreservedInsect":4,"Pen Nib":12,"Juzu Bracelet":5,"Bag of Marbles":8,"Toy Ornithopter":13,"Ring of the Snake":0},{"Lantern":89,"Pear":14,"Astrolabe":0,"Vajra":14,"Mango":25,"Philosopher\u0027s Stone":66,"PreservedInsect":25,"Pen Nib":89,"Juzu Bracelet":30,"Bag of Marbles":48,"Toy Ornithopter":95,"Ring of the Snake":0}],"Toy Ornithopter":0},"card_choices":[{"not_picked":["Backflip","Acrobatics"],"picked":"Tactician","floor":1.0},{"not_picked":["Distraction","Poisoned Stab","Dodge and Roll"],"picked":"SKIP","floor":2.0},{"not_picked":["Predator","All Out Attack"],"picked":"Underhanded Strike","floor":3.0},{"not_picked":["Backflip","Bane"],"picked":"Predator","floor":7.0},{"not_picked":["Slice","Bane"],"picked":"Tactician","floor":10.0},{"not_picked":["Blade Dance","PiercingWail"],"picked":"Cloak And Dagger","floor":11.0},{"not_picked":["Leg Sweep","Riddle With Holes"],"picked":"Flying Knee","floor":12.0},{"not_picked":["Noxious Fumes","Footwork"],"picked":"Blur","floor":13.0},{"not_picked":["Adrenaline","Malaise"],"picked":"Phantasmal Killer","floor":16},{"not_picked":["Dagger Spray+1","Expertise"],"picked":"Flying Knee","floor":18},{"not_picked":["Cloak And Dagger","Reflex","Sucker Punch"],"picked":"SKIP","floor":19},{"not_picked":["Expertise+1","Concentrate"],"picked":"Slice+1","floor":20},{"not_picked":["Expertise","Backstab+1"],"picked":"Dagger Spray","floor":24},{"not_picked":["Prepared","PiercingWail+1"],"picked":"Outmaneuver+1","floor":29},{"not_picked":["Outmaneuver","Backflip"],"picked":"Dagger Throw","floor":30}],"player_experience":427710,"relics_obtained":[{"floor":4.0,"key":"Pear"},{"floor":7.0,"key":"Mango"},{"floor":9.0,"key":"PreservedInsect"},{"floor":10.0,"key":"Juzu Bracelet"},{"floor":13.0,"key":"Bag of Marbles"},{"floor":26,"key":"Toy Ornithopter"}],"event_choices":[{"cards_removed":["Predator"],"damage_healed":27.0,"max_hp_gain":0.0,"max_hp_loss":0.0,"gold_gain":0.0,"event_name":"Bonfire Elementals","player_choice":"Offered Uncommon","floor":8.0,"gold_loss":0.0,"damage_taken":0.0},{"damage_healed":31.0,"max_hp_gain":0.0,"max_hp_loss":0.0,"gold_gain":0.0,"event_name":"Big Fish","player_choice":"Banana","floor":14.0,"gold_loss":0.0,"damage_taken":0.0},{"damage_healed":0,"gold_gain":0,"player_choice":"Opened","damage_taken":0,"relics_obtained":["Lantern"],"max_hp_gain":0,"max_hp_loss":0,"event_name":"The Mausoleum","floor":22,"gold_loss":0},{"damage_healed":0,"gold_gain":0,"player_choice":"Simplicity","damage_taken":0,"max_hp_gain":0,"max_hp_loss":0,"event_name":"Back to Basics","floor":27,"gold_loss":0,"cards_upgraded":["Strike_G","Strike_G","Strike_G","Defend_G","Defend_G","Defend_G"]},{"damage_healed":0,"gold_gain":0,"player_choice":"Ignored","damage_taken":0,"max_hp_gain":0,"max_hp_loss":0,"event_name":"Ghosts","floor":28,"gold_loss":0}],"is_beta":false,"boss_relics":[{"not_picked":["Runic Dome","Ectoplasm"],"picked":"Philosopher\u0027s Stone"}],"items_purged_floors":[21],"is_endless":false,"potions_floor_spawned":[1,7,11,19],"killed_by":"Automaton","ascension_level":3}}