{"host":"zefmhu9ryehjj4p1","time":1614104603,"event":{"mods":["100% Spire Juice","2.2 Compatiblity","Act Like it!","Aspiration","BaseMod","Beaked The Cultist","Better Note","CapriCore","Colored Powertips","Conspire","DeckTracker","Downfall","Ekko","Elementarium","Friendly Minions","Gensokyo","Hallownest","Hermit","Highlight Path","Hubris","Infinite Spire","Koishi","Luminous","Marisa????????","Minty Spire (QoL Compilation)","Random Character Button","Reimu??????","Reliquary","Replay The Spire","Ruina","Shade Mod","Shapeshifter Mod","StSLib","The Administrix","The Blue Laboratory","The Bug Knight","The Construct","The Cursed","The Gatherer","The Hierophant","The Immortal","The Judge","The Jungle","The Marked","The Mystic","The Runesmith","The Senshi","The Servant 0.9.4","The Vixen","The Wild Card","TheBandit","TheVacant","Wandering Minibosses"],"gold_per_floor":[113,113,113,61,72,97,109,127,127,127,127,53,53,53,53,150,150,165,95,95,95,106,106,116,116,116,116,116,116],"floor_reached":27,"language":"ENG","playtime":843,"items_purged":[],"score":209,"play_id":"037dfead-e4ae-4413-9ae8-d5ba47f4a2e6","local_time":"20210223192323","is_ascension_mode":false,"campfire_choices":[{"floor":10,"key":"REST"},{"data":"bronze:Repulsor","floor":13,"key":"SMITH"},{"data":"bronze:Repulsor","floor":15,"key":"SMITH"},{"data":"bronze:ClassDefault","floor":23,"key":"SMITH"},{"floor":25,"key":"REST"}],"circlet_count":0,"master_deck":["bronze:Strike","bronze:Strike","bronze:Strike","bronze:Defend","bronze:Defend","bronze:Defend","bronze:Defend","bronze:Replicate","bronze:Goto","bronze:Break","bronze:BuggyMess","bronze:BugBarrage","bronze:Repulsor+1","bronze:Deprecate","bronze:Separator","bronze:AlphaBuild","bronze:Repulsor+1","bronze:RecursiveStrike","CurseOfTheBell","bronze:Optimize","bronze:ClassDefault+1","bronze:BugBarrage+1","bronze:WhirlingStrike"],"relics":["bronze:BronzeCore","Bronze Scales","bronze:BottledCode","infinitespire:WardingShard","Calling Bell","Replay:Mystery Machine","reliquary:Firecrackers","Thread and Needle","conspire:Flyswatter"],"acts_visited":["Exordium","TheCity"],"potions_floor_usage":[],"damage_taken":[{"damage":0,"enemies":"Small Slimes","floor":1,"turns":2},{"damage":0,"enemies":"Cultist","floor":5,"turns":2},{"damage":55,"enemies":"Gremlin Nob","floor":6,"turns":5},{"damage":1,"enemies":"Jaw Worm","floor":7,"turns":2},{"damage":2,"enemies":"Looter","floor":8,"turns":2},{"damage":25,"enemies":"The Guardian","floor":16,"turns":9},{"damage":0,"enemies":"3 Byrds","floor":18,"turns":3},{"damage":16,"enemies":"2 Thieves","floor":22,"turns":5},{"damage":5,"enemies":"Chosen and Byrds","floor":24,"turns":6},{"damage":57,"enemies":"Slavers","floor":27,"turns":3}],"seed_played":"7255678796081153147","potions_obtained":[{"floor":5,"key":"BlessingOfTheForge"},{"floor":6,"key":"bronze:FreeFunctionsPotion"},{"floor":8,"key":"bronze:FreeFunctionsPotion"}],"is_trial":false,"path_per_floor":["M","?","?","$","M","E","M","M","T","R","?","$","R","T","R","B",null,"M","$","?","?","M","R","M","R","T","E"],"character_chosen":"THE_AUTOMATON","items_purchased":["bronze:BugBarrage","bronze:Repulsor","bronze:ClassDefault"],"campfire_rested":2,"item_purchase_floors":[4,12,19],"current_hp_per_floor":[70,70,70,70,70,15,14,12,12,33,33,33,33,33,33,8,60,60,60,60,60,44,44,39,57,57,0,0,0],"gold":116,"neow_bonus":"ONE_RANDOM_RARE_CARD","is_daily":false,"chose_seed":false,"campfire_upgraded":3,"win_rate":0.0,"timestamp":1614104603,"path_taken":["M","?","?","$","M","E","?","M","T","R","?","?","R","?","R","BOSS","M","$","?","?","M","R","?","R","T","E"],"items_purchased_type":["Card","Card","Card"],"build_version":"2020-12-22","purchased_purges":0,"victory":false,"max_hp_per_floor":[70,70,70,70,70,70,70,70,70,70,60,60,60,60,60,60,60,60,60,60,60,60,60,60,60,60,60,60,60],"card_choices":[{"not_picked":["bronze:CutThrough","bronze:Constructor"],"picked":"bronze:BuggyMess","floor":1},{"not_picked":["bronze:Boost","bronze:Overload"],"picked":"bronze:Repulsor","floor":5},{"not_picked":["bronze:Branch","bronze:GetLatest"],"picked":"bronze:Deprecate","floor":6},{"not_picked":["bronze:Constructor","bronze:Invalidate"],"picked":"bronze:Separator","floor":7},{"not_picked":["bronze:DelayedGuard","bronze:BitShift"],"picked":"bronze:AlphaBuild","floor":8},{"not_picked":["bronze:CleanCode","bronze:FindAndReplace"],"picked":"bronze:RecursiveStrike","floor":16},{"not_picked":["bronze:DelayedSlice+1","bronze:BronzeOrb+1"],"picked":"bronze:Optimize","floor":18},{"not_picked":["bronze:WildBeam","bronze:AlphaBuild"],"picked":"bronze:BugBarrage+1","floor":22},{"not_picked":["bronze:Overheat+1","bronze:Iterate"],"picked":"bronze:WhirlingStrike","floor":24}],"player_experience":211554,"relics_obtained":[{"floor":6,"key":"Bronze Scales"},{"floor":14,"key":"infinitespire:WardingShard"},{"floor":17,"key":"Replay:Mystery Machine"},{"floor":17,"key":"reliquary:Firecrackers"},{"floor":17,"key":"Thread and Needle"},{"floor":26,"key":"conspire:Flyswatter"}],"event_choices":[{"damage_healed":0,"gold_gain":0,"player_choice":"Leave","damage_taken":0,"max_hp_gain":0,"max_hp_loss":0,"event_name":"conspire:Investor","floor":2,"gold_loss":0},{"cards_removed":["bronze:Strike"],"damage_healed":0,"gold_gain":0,"player_choice":"Offered Basic","damage_taken":0,"max_hp_gain":0,"max_hp_loss":0,"event_name":"Bonfire Elementals","floor":3,"gold_loss":0},{"damage_healed":0,"gold_gain":0,"player_choice":"Ignored","damage_taken":0,"max_hp_gain":0,"max_hp_loss":0,"event_name":"betterNote:BetterNote","floor":20,"gold_loss":0,"cards_obtained":["hexamod:BurningTouch"]},{"damage_healed":0,"gold_gain":0,"player_choice":"Ignored","damage_taken":0,"max_hp_gain":0,"max_hp_loss":0,"event_name":"Transmorgrifier","floor":21,"gold_loss":0}],"is_beta":false,"boss_relics":[{"not_picked":["Empty Cage","Kintsugi"],"picked":"Calling Bell"}],"items_purged_floors":[],"is_endless":false,"potions_floor_spawned":[5,6,8,18,22,24],"killed_by":"Slavers","ascension_level":0}}