{"host":"tnuwi4l1p9i8nc6x","time":1614088961,"event":{"mods":["Act Like it!","Aspiration","Astrologer","BaseMod","Beaked The Cultist","Better Third Choice","BetterRewards","Colored Map","Colored Powertips","Conspire","Defuse TimeMaze Blight","Downfall","Extra Virgin Snecko Oil","Friendly Minions","Hermit","Hubris","Infinite Spire","Jorbs\u0027s Wanderer Trilogy","Marisa????????","Minty Spire (QoL Compilation)","Permanent Neow","Rare Cards Sparkle","Remilia??????","Replay The Spire","Shop Mod","StSLib","The Bug Knight","The Construct","The Cursed","The Disciple","The Hierophant","The Jungle","The Marked","The Necromancer","The Poker Player","The Runesmith","The Senshi","The Servant 0.9.4","TheBandit"],"gold_per_floor":[109,120,193,193,143,143,168,111,111,136,136,136,153,168,168,271,271,256,256,274,274,293,293,293],"floor_reached":23,"language":"ENG","playtime":1190,"items_purged":[],"score":199,"play_id":"4bdf55f2-d0ad-4edd-8371-7196c7dc40d0","local_time":"20210223090241","is_ascension_mode":false,"campfire_choices":[{"data":"theMarked:SoldierOfQuellstein","floor":6,"key":"SMITH"},{"floor":11,"key":"REST"},{"data":"theMarked:Improvise","floor":15,"key":"SMITH"}],"circlet_count":0,"master_deck":["theMarked:Strike","theMarked:Strike","theMarked:Strike","theMarked:Strike","theMarked:Defend","theMarked:Defend+1","theMarked:Defend","theMarked:Defend","theMarked:SoldierOfQuellstein+1","theMarked:SwordAndMagic","theMarked:WastefulAttack","theMarked:FavorableWinds","theMarked:SwordAndMagic","theMarked:EmpowerWeapon","theMarked:Maelstrom+1","theMarked:Aftermath","theMarked:SoldierOfQuellstein","theMarked:Defy","theMarked:Improvise+1","theMarked:ChainLightning","theMarked:Toughness","theMarked:HeightenedSenses+1","Replay:Fractal Strike","theMarked:SwordAndMagic"],"relics":["theMarked:ArtifactOfAir","hubris:Towel","Gremlin Food","Ginger","construct:WeddingRing","aspiration:PoetsPen_weak","Nloth\u0027s Gift","aspiration:AnachronicSnailShell"],"acts_visited":["Exordium","TheCity"],"potions_floor_usage":[22,22,23],"damage_taken":[{"damage":3,"enemies":"2 Louse","floor":1,"turns":2},{"damage":0,"enemies":"Jaw Worm","floor":2,"turns":3},{"damage":18,"enemies":"3 Sentries","floor":7,"turns":6},{"damage":17,"enemies":"Lagavulin","floor":10,"turns":5},{"damage":0,"enemies":"Cultist","floor":13,"turns":2},{"damage":0,"enemies":"Lots of Slimes","floor":14,"turns":1},{"damage":38,"enemies":"The Guardian","floor":16,"turns":9},{"damage":27,"enemies":"2 Thieves","floor":18,"turns":4},{"damage":16,"enemies":"3 Byrds","floor":20,"turns":4},{"damage":10,"enemies":"Centurion and Healer","floor":22,"turns":3},{"damage":21,"enemies":"Nightmare","floor":23,"turns":5}],"seed_played":"-8791715824177411573","potions_obtained":[{"floor":7,"key":"Ancient Potion"},{"floor":13,"key":"Dexterity Potion"},{"floor":16,"key":"PowerPotion"},{"floor":20,"key":"Ancient Potion"},{"floor":22,"key":"Death Potion"}],"is_trial":false,"path_per_floor":["M","M","?","?","$","R","E","$","T","E","R","?","M","M","R","B",null,"M","AVR","M","?","M","NM"],"character_chosen":"THE_DEFAULT","items_purchased":["theMarked:SwordAndMagic","theMarked:Maelstrom+1"],"campfire_rested":1,"item_purchase_floors":[5,8],"current_hp_per_floor":[69,69,69,69,69,69,51,51,51,34,55,55,55,55,55,17,72,45,45,29,29,19,0,0],"gold":293,"neow_bonus":"TRANSFORM_CARD","is_daily":false,"chose_seed":false,"campfire_upgraded":2,"win_rate":0.0,"timestamp":1614088961,"path_taken":["M","M","?","?","$","R","E","?","T","E","R","?","M","?","R","BOSS","M","AVR","?","?","M","NM"],"items_purchased_type":["Card","Card"],"build_version":"2020-12-22","purchased_purges":0,"victory":false,"max_hp_per_floor":[72,72,72,72,72,72,72,72,72,72,72,72,72,72,72,72,72,72,72,72,72,72,72,72],"card_choices":[{"not_picked":["theMarked:TwofoldDefense","theMarked:TakeCover"],"picked":"theMarked:WastefulAttack","floor":1},{"not_picked":["theMarked:TakeCover","theMarked:WardOff"],"picked":"theMarked:FavorableWinds","floor":2},{"not_picked":["theMarked:BiggerThanFate","theMarked:Convert"],"picked":"theMarked:EmpowerWeapon","floor":7},{"not_picked":["theMarked:BanishingStrike","theMarked:Pokerface"],"picked":"theMarked:Aftermath","floor":10},{"not_picked":["theMarked:WardOff","theMarked:TakeCover"],"picked":"theMarked:Improvise","floor":13},{"not_picked":["theMarked:Improvise","theMarked:WastefulAttack"],"picked":"theMarked:ChainLightning","floor":14},{"not_picked":["theMarked:Defy","theMarked:DispelDoubt"],"picked":"theMarked:Toughness","floor":16},{"not_picked":["theMarked:WastefulAttack","theMarked:RepellingDischarge+1"],"picked":"theMarked:HeightenedSenses+1","floor":18},{"not_picked":["theMarked:TheMission","theMarked:DispelDoubt"],"picked":"theMarked:SwordAndMagic","floor":20},{"not_picked":["theMarked:Memento+1","theMarked:Convert","theMarked:Static"],"picked":"SKIP","floor":22}],"player_experience":760120,"relics_obtained":[{"floor":7,"key":"Gremlin Food"},{"floor":9,"key":"aspiration:AnachronicSnailShell"},{"floor":10,"key":"Ginger"}],"event_choices":[{"damage_healed":0,"gold_gain":73,"player_choice":"Gained Gold","damage_taken":0,"max_hp_gain":0,"max_hp_loss":0,"event_name":"Golden Wing","floor":3,"gold_loss":0},{"damage_healed":0,"gold_gain":0,"player_choice":"2 cards matched","damage_taken":0,"max_hp_gain":0,"max_hp_loss":0,"event_name":"Match and Keep!","floor":12,"gold_loss":0,"cards_obtained":["theMarked:SoldierOfQuellstein","theMarked:Defy"]},{"damage_healed":0,"gold_gain":0,"player_choice":"Traded Relic","damage_taken":0,"relics_obtained":["Nloth\u0027s Gift"],"max_hp_gain":0,"max_hp_loss":0,"event_name":"N\u0027loth","floor":21,"relics_lost":["aspiration:AnachronicSnailShell"],"gold_loss":0}],"is_beta":false,"boss_relics":[{"not_picked":["SacredBark","aspiration:ServantSkillbook"],"picked":"construct:WeddingRing"}],"items_purged_floors":[],"is_endless":false,"potions_floor_spawned":[7,13,16,20,22],"killed_by":"Nightmare","ascension_level":0}}