{"host":"tf5skwcwe0vlu2md","time":1614081964,"event":{"mods":["BaseMod","Downfall","Highlight Path","Minty Spire (QoL Compilation)","Quick Restart","StSLib","The Hierophant"],"gold_per_floor":[116,116,130,130,53,80,80,95,95,95,109,125,158,178,178,275,275,288,85,85,85,105,134,154,7,34,59,76,88,88,88],"floor_reached":30,"playtime":1784,"items_purged":[],"score":324,"play_id":"cf5f9533-4fbe-4014-9a39-9997ef168c30","local_time":"20210223230604","is_ascension_mode":true,"campfire_choices":[{"data":"Neutralize","floor":10,"key":"SMITH"},{"data":"Caltrops","floor":15,"key":"SMITH"}],"circlet_count":0,"master_deck":["Strike_G","Strike_G","Strike_G+1","Strike_G","Defend_G","Defend_G","Defend_G","Defend_G","Survivor+1","Neutralize+1","Poisoned Stab","Caltrops+1","Escape Plan","Unload","Crippling Poison","Concentrate","Crippling Poison","Slice","Leg Sweep","Burst","Backstab","Deadly Poison","Noxious Fumes","Distraction","Backflip","Quick Slash","Acrobatics","Predator+1","Venomology"],"relics":["Ring of the Snake","Eternal Feather","Orichalcum","Paper Crane","Torii","Black Star","Snake Skull","Ice Cream","Ancient Tea Set","PreservedInsect","Anchor","Pen Nib","Oddly Smooth Stone"],"acts_visited":["Exordium","TheCity"],"potions_floor_usage":[23,28,30,30],"damage_taken":[{"damage":0,"enemies":"Cultist","floor":1,"turns":4},{"damage":1,"enemies":"Jaw Worm","floor":3,"turns":3},{"damage":30,"enemies":"Lagavulin","floor":6,"turns":7},{"damage":0,"enemies":"2 Louse","floor":8,"turns":2},{"damage":3,"enemies":"Exordium Thugs","floor":11,"turns":4},{"damage":1,"enemies":"Looter","floor":12,"turns":3},{"damage":15,"enemies":"3 Sentries","floor":13,"turns":7},{"damage":1,"enemies":"Gremlin Gang","floor":14,"turns":4},{"damage":8,"enemies":"The Guardian","floor":16,"turns":11},{"damage":11,"enemies":"3 Byrds","floor":18,"turns":4},{"damage":1,"enemies":"Chosen","floor":22,"turns":5},{"damage":25,"enemies":"Gremlin Leader","floor":23,"turns":6},{"damage":17,"enemies":"Snake Plant","floor":24,"turns":3},{"damage":1,"enemies":"Slavers","floor":27,"turns":4},{"damage":1,"enemies":"Shelled Parasite and Fungi","floor":28,"turns":4},{"damage":1,"enemies":"Centurion and Healer","floor":29,"turns":4},{"damage":20,"enemies":"Gremlin Leader","floor":30,"turns":4}],"seed_played":"3837884598316758574","potions_obtained":[{"floor":3,"key":"LiquidMemories"},{"floor":8,"key":"SteroidPotion"},{"floor":12,"key":"LiquidMemories"},{"floor":18,"key":"Fire Potion"},{"floor":27,"key":"SpeedPotion"}],"is_trial":false,"path_per_floor":["M","?","M","?","$","E","?","M","T","R","M","M","E","M","R","B",null,"M","$","?","?","M","E","M","$","T","E","M","M","E"],"character_chosen":"THE_SILENT","items_purchased":["Escape Plan","Snake Skull","Deadly Poison","PreservedInsect"],"campfire_rested":0,"item_purchase_floors":[5,19,19,25],"current_hp_per_floor":[77,70,69,54,54,24,24,24,24,33,30,29,14,13,25,17,77,66,66,66,66,65,40,23,23,23,22,21,20,0,0],"gold":88,"neow_bonus":"TEN_PERCENT_HP_BONUS","is_daily":false,"chose_seed":false,"campfire_upgraded":2,"win_rate":0.0,"timestamp":1614081964,"path_taken":["M","?","M","?","$","E","?","M","T","R","M","?","E","M","R","BOSS","M","$","?","?","?","E","M","?","T","E","M","M","E"],"items_purchased_type":["Card","Relic","Card","Relic"],"build_version":"2020-12-13","purchased_purges":0,"victory":false,"max_hp_per_floor":[77,77,77,77,77,77,77,77,77,77,77,77,77,77,77,77,77,77,77,77,77,77,77,77,77,77,77,77,77,77,77],"card_choices":[{"not_picked":["Bane","Backflip"],"picked":"Poisoned Stab","floor":1},{"not_picked":["Calculated Gamble","Dagger Throw"],"picked":"Caltrops","floor":3},{"not_picked":["Accuracy","Well Laid Plans"],"picked":"Unload","floor":6},{"not_picked":["Outmaneuver","Dash"],"picked":"Crippling Poison","floor":8},{"not_picked":["Blur","Deflect"],"picked":"Concentrate","floor":11},{"not_picked":["Dodge and Roll","Storm of Steel"],"picked":"Crippling Poison","floor":12},{"not_picked":["Prepared","Malaise"],"picked":"Slice","floor":13},{"not_picked":["Sucker Punch","Deflect"],"picked":"Leg Sweep","floor":14},{"not_picked":["Doppelganger","Tools of the Trade"],"picked":"Burst","floor":16},{"not_picked":["PiercingWail","Predator+1"],"picked":"Backstab","floor":18},{"not_picked":["Eviscerate","Dodge and Roll+1"],"picked":"Distraction","floor":22},{"not_picked":["Footwork","Dagger Spray"],"picked":"Backflip","floor":23},{"not_picked":["Prepared","Finisher"],"picked":"Quick Slash","floor":24},{"not_picked":["Eviscerate","Finisher+1"],"picked":"Acrobatics","floor":27},{"not_picked":["Deflect","Dodge and Roll+1"],"picked":"Predator+1","floor":28},{"not_picked":["Leg Sweep","Slice"],"picked":"Venomology","floor":29}],"player_experience":320960,"relics_obtained":[{"floor":6,"key":"Eternal Feather"},{"floor":7,"key":"Orichalcum"},{"floor":9,"key":"Paper Crane"},{"floor":13,"key":"Torii"},{"floor":23,"key":"Ice Cream"},{"floor":23,"key":"Ancient Tea Set"},{"floor":26,"key":"Anchor"},{"floor":27,"key":"Pen Nib"},{"floor":27,"key":"Oddly Smooth Stone"}],"event_choices":[{"cards_removed":["Defend_G"],"damage_healed":0,"gold_gain":0,"player_choice":"Card Removal","damage_taken":7,"max_hp_gain":0,"max_hp_loss":0,"event_name":"Golden Wing","floor":2,"gold_loss":0},{"damage_healed":0,"gold_gain":0,"player_choice":"Entered Light","damage_taken":15,"max_hp_gain":0,"max_hp_loss":0,"event_name":"Shining Light","floor":4,"gold_loss":0,"cards_upgraded":["Survivor","Strike_G"]},{"damage_healed":0,"gold_gain":0,"player_choice":"Relic","damage_taken":0,"max_hp_gain":0,"max_hp_loss":0,"event_name":"Wheel of Change","floor":7,"gold_loss":0},{"damage_healed":0,"gold_gain":0,"player_choice":"Read","damage_taken":0,"max_hp_gain":0,"max_hp_loss":0,"event_name":"The Library","floor":20,"gold_loss":0,"cards_obtained":["Noxious Fumes"]},{"cards_removed":["Strike_G"],"damage_healed":0,"gold_gain":0,"player_choice":"Purged","damage_taken":0,"max_hp_gain":0,"max_hp_loss":0,"event_name":"Purifier","floor":21,"gold_loss":0}],"is_beta":false,"boss_relics":[{"not_picked":["SlaversCollar","Runic Pyramid"],"picked":"Black Star"}],"items_purged_floors":[],"is_endless":false,"potions_floor_spawned":[3,8,12,14,18,22,27],"killed_by":"Gremlin Leader","ascension_level":3}}