{"host":"2qyxu97h6u4ukicb","time":1614041160,"event":{"mods":["AchievementEnabler","BaseMod","BetterRewards","Colored Map","Colored Powertips","Minty Spire (QoL Compilation)","Replay The Spire","Shop Mod","StSLib"],"gold_per_floor":[116,116,116,116,116,135,150,150,180,180,180,180,180,180,201,217,217,348,348,368,384,482,40,54,54,133,133,133,133,133,50,50,84,84,84,84],"floor_reached":35,"language":"ENG","playtime":1413,"items_purged":[],"score":271,"play_id":"58a9bc4c-2108-4f35-88d3-29dae58456dc","local_time":"20210222184600","is_ascension_mode":false,"campfire_choices":[{"data":"ReplayTheSpireMod:Muscle Training","floor":8,"key":"SMITH"},{"data":"Spot Weakness","floor":12,"key":"SMITH"},{"data":"Bash","floor":14,"key":"SMITH"},{"floor":17,"key":"REST"},{"floor":25,"key":"REST"},{"floor":30,"key":"REST"},{"floor":32,"key":"REST"},{"floor":34,"key":"REST"}],"circlet_count":0,"master_deck":["Strike_R","Strike_R+1","Strike_R","Strike_R","Strike_R+1","Defend_R","Defend_R","Defend_R","Defend_R+1","Bash+1","Bludgeon+1","ReplayTheSpireMod:Muscle Training+1","Spot Weakness+1","Injury","Thunderclap","Blood for Blood","Pummel+1","ReplayTheSpireMod:Splinters"],"relics":["Burning Blood","White Beast Statue","Golden Idol","SlaversCollar","Omamori","Tiny Chest","MerchantsRug","Gremlin Food","Vajra","StrikeDummy","Shuriken","MealTicket","ReplayTheSpireMod:Spearhead"],"acts_visited":["Exordium","TheCity"],"potions_floor_usage":[18,18,18,24,24,33,33,35],"damage_taken":[{"damage":0,"enemies":"Small Slimes","floor":1,"turns":2},{"damage":0,"enemies":"2 Louse","floor":6,"turns":3},{"damage":6,"enemies":"Jaw Worm","floor":7,"turns":2},{"damage":26,"enemies":"3 Sentries","floor":9,"turns":6},{"damage":7,"enemies":"Blue Slaver","floor":15,"turns":2},{"damage":15,"enemies":"3 Louse","floor":16,"turns":4},{"damage":50,"enemies":"The Guardian","floor":18,"turns":9},{"damage":65,"enemies":"3 Byrds","floor":20,"turns":6},{"damage":6,"enemies":"Spheric Guardian","floor":21,"turns":3},{"damage":13,"enemies":"Shelled Parasite and Fungi","floor":24,"turns":3},{"damage":26,"enemies":"Book of Stabbing","floor":33,"turns":3},{"damage":107,"enemies":"Automaton","floor":35,"turns":6}],"seed_played":"-1190642935095084434","potions_obtained":[{"floor":6,"key":"Dexterity Potion"},{"floor":15,"key":"FearPotion"},{"floor":16,"key":"Adrenaline Potion"},{"floor":18,"key":"ElixirPotion"},{"floor":20,"key":"FearPotion"},{"floor":21,"key":"SpeedPotion"},{"floor":22,"key":"LiquidMemories"},{"floor":22,"key":"Milkshake"},{"floor":24,"key":"Languid Potion"},{"floor":33,"key":"GamblersBrew"}],"is_trial":false,"path_per_floor":["M","?","?","PTL","PTL","M","M","R","E","$","T","R","?","R","M","M","R","B",null,"M","M","?","$","M","R","T","?","T","T","R","$","R","E","R","B"],"character_chosen":"IRONCLAD","items_purchased":["Omamori","Tiny Chest","MerchantsRug","MealTicket"],"campfire_rested":5,"item_purchase_floors":[23,23,23,31],"current_hp_per_floor":[80,80,80,80,80,80,80,80,60,60,60,60,60,60,59,50,74,30,80,21,21,21,21,14,38,38,38,38,38,62,62,80,60,80,0,0],"gold":84,"neow_bonus":"ONE_RANDOM_RARE_CARD","is_daily":false,"chose_seed":false,"campfire_upgraded":3,"win_rate":0.0,"timestamp":1614041160,"path_taken":["M","?","?","PTL","PTL","M","M","R","E","$","T","R","?","R","?","M","R","BOSS","M","M","?","?","?","R","?","?","T","?","R","$","R","E","R","BOSS"],"items_purchased_type":["Relic","Relic","Relic","Relic"],"build_version":"2020-12-22","purchased_purges":0,"victory":false,"max_hp_per_floor":[80,80,80,80,80,80,80,80,80,80,80,80,80,80,80,80,80,80,80,80,80,80,80,80,80,80,80,80,80,80,80,80,80,80,80,80],"card_choices":[{"not_picked":["Iron Wave","Battle Trance","Heavy Blade"],"picked":"SKIP","floor":1},{"not_picked":["Uppercut","Combust","Perfected Strike"],"picked":"SKIP","floor":6},{"not_picked":["Uppercut","Seeing Red"],"picked":"ReplayTheSpireMod:Muscle Training","floor":7},{"not_picked":["Disarm","Seeing Red"],"picked":"Spot Weakness","floor":9},{"not_picked":["Iron Wave","Replay:Undeath\u0027s Touch","Clothesline"],"picked":"SKIP","floor":15},{"not_picked":["Replay:Undeath\u0027s Touch","Life Link"],"picked":"Thunderclap","floor":16},{"not_picked":["Clash","Whirlwind"],"picked":"Blood for Blood","floor":20},{"not_picked":["Entrench","Body Slam"],"picked":"Pummel+1","floor":21},{"not_picked":["Flame Barrier+1","Anger","Shrug It Off"],"picked":"SKIP","floor":24},{"not_picked":["Flame Barrier+1","Clothesline+1","Havoc+1"],"picked":"SKIP","floor":33}],"player_experience":849465,"relics_obtained":[{"floor":9,"key":"White Beast Statue"},{"floor":11,"key":"Matryoshka"},{"floor":26,"key":"Gremlin Food"},{"floor":28,"key":"Vajra"},{"floor":28,"key":"StrikeDummy"},{"floor":29,"key":"Shuriken"},{"floor":33,"key":"ReplayTheSpireMod:Spearhead"}],"event_choices":[{"damage_healed":0,"gold_gain":0,"player_choice":"Leave","damage_taken":0,"max_hp_gain":0,"max_hp_loss":0,"event_name":"The Cleric","floor":3,"gold_loss":0},{"damage_healed":0,"gold_gain":0,"player_choice":"Take Wound","damage_taken":0,"relics_obtained":["Golden Idol"],"max_hp_gain":0,"max_hp_loss":0,"event_name":"Golden Idol","floor":13,"gold_loss":0,"cards_obtained":["Injury"]},{"damage_healed":0,"gold_gain":0,"player_choice":"Ignored","damage_taken":0,"max_hp_gain":0,"max_hp_loss":0,"event_name":"Ghosts","floor":27,"gold_loss":0}],"is_beta":false,"boss_relics":[{"not_picked":["Pandora\u0027s Box","Astrolabe"],"picked":"SlaversCollar"}],"items_purged_floors":[],"is_endless":false,"potions_floor_spawned":[6,15,16,18,20,21,24,33],"killed_by":"Automaton","ascension_level":0}}