{"host":"t6r1isv2bex5ovch","time":1614056993,"event":{"mods":["AchievementEnabler","Act Like it!","Aspiration","BaseMod","Better Altar","Better Match","Better Note","Better Sensory Stone","Better Skull","Better Third Choice","Better Vampires","Bossed Relics","Colored Powertips","Displayed Cursed Tome","Evolution","Fox Events","Hubris","Minty Spire (QoL Compilation)","Reliquary","Ruina","StSLib"],"gold_per_floor":[113,38,49,49,67,101,101,133,157,157,187,38,38,57,57,158,158,168,43,43,152,152,186,186,36,63,63,63,63,63,63,63,161,161,172,186,205,221,221,221,253,253,253,29,84,102,0,15,15,15,15,15,15,15,15],"floor_reached":54,"language":"ENG","playtime":4351,"items_purged":["Strike_R","Strike_R","Defend_R","Defend_R","Defend_R"],"score":802,"play_id":"cb144917-ff38-429d-8f9d-b4c8a9951b18","local_time":"20210223160953","is_ascension_mode":true,"campfire_choices":[{"floor":7.0,"key":"RECALL"},{"data":"Rage","floor":13.0,"key":"SMITH"},{"data":"Pommel Strike","floor":15.0,"key":"SMITH"},{"data":"hubris:SharpeningStone","floor":24.0,"key":"SMITH"},{"data":"Rage+1","floor":28.0,"key":"SMITH"},{"data":"Pommel Strike+1","floor":32.0,"key":"SMITH"},{"data":"Bash","floor":40.0,"key":"SMITH"},{"data":"Bash+1","floor":42.0,"key":"SMITH"},{"data":"Juggernaut","floor":49.0,"key":"SMITH"},{"data":"Juggernaut+1","floor":52,"key":"SMITH"}],"circlet_count":0,"master_deck":["Headbutt","Bash+2","Rage+2","Pommel Strike+2","Cleave","Cleave","Shrug It Off+1","Juggernaut+2","Shrug It Off+1","hubris:SharpeningStone+1"],"relics":["Burning Blood","EVO:Axolotl","Kunai","Regal Pillow","Juzu Bracelet","hubris:Icosahedron","Art of War","reliquary:BigHammer","Potion Belt","reliquary:Aerogel","ruina:Prescript","hubris:VirtuousBlindfold","hubris:Towel","aspiration:SeaSaltIceCream","Ring of the Snake","Pear","Ice Cream"],"acts_visited":["Exordium","ruina:Briah","TheBeyond","TheEnding"],"potions_floor_usage":[50,50],"damage_taken":[{"damage":0.0,"enemies":"Small Slimes","floor":1.0,"turns":3.0},{"damage":0.0,"enemies":"Cultist","floor":3.0,"turns":3.0},{"damage":4.0,"enemies":"Jaw Worm","floor":5.0,"turns":3.0},{"damage":31.0,"enemies":"Lagavulin","floor":6.0,"turns":5.0},{"damage":16.0,"enemies":"Gremlin Nob","floor":8.0,"turns":4.0},{"damage":19.0,"enemies":"Lagavulin","floor":11.0,"turns":5.0},{"damage":0.0,"enemies":"2 Fungi Beasts","floor":14.0,"turns":3.0},{"damage":25.0,"enemies":"Slime Boss","floor":16.0,"turns":11.0},{"damage":8.0,"enemies":"ruina:2_Scarecrows","floor":18.0,"turns":5.0},{"damage":40.0,"enemies":"ruina:RoadHome","floor":23.0,"turns":7.0},{"damage":28.0,"enemies":"ruina:Red_and_Wolf","floor":33.0,"turns":9.0},{"damage":5.0,"enemies":"Orb Walker","floor":35.0,"turns":3.0},{"damage":23.0,"enemies":"3 Darklings","floor":36.0,"turns":3.0},{"damage":29.0,"enemies":"Sphere and 2 Shapes","floor":37.0,"turns":5.0},{"damage":25.0,"enemies":"Spire Growth","floor":38.0,"turns":4.0},{"damage":35.0,"enemies":"Reptomancer","floor":41.0,"turns":6.0},{"damage":14.0,"enemies":"2 Orb Walkers","floor":45.0,"turns":3.0},{"damage":8.0,"enemies":"Transient","floor":46.0,"turns":5.0},{"damage":1.0,"enemies":"Writhing Mass","floor":48.0,"turns":4.0},{"damage":12,"enemies":"Awakened One","floor":50,"turns":13},{"damage":90,"enemies":"Shield and Spear","floor":54,"turns":4}],"seed_played":"-2309707790528683426","potions_obtained":[{"floor":1.0,"key":"Fruit Juice"},{"floor":3.0,"key":"BlessingOfTheForge"},{"floor":6.0,"key":"LiquidMemories"},{"floor":14.0,"key":"GamblersBrew"},{"floor":18.0,"key":"Regen Potion"},{"floor":33.0,"key":"Weak Potion"},{"floor":35.0,"key":"PowerPotion"},{"floor":37.0,"key":"FairyPotion"},{"floor":46.0,"key":"Strength Potion"},{"floor":48.0,"key":"AttackPotion"}],"is_trial":false,"path_per_floor":["M","$","M","?","M","E","R","E","T","?","E","$","R","M","R","B",null,"M","$","?","?","?","E","R","$","T","?","R","$","?","?","R","B",null,"M","M","M","M","?","R","E","R","T","$","?","M","$","M","R","B",null,"R","$","E"],"character_chosen":"IRONCLAD","items_purchased":["Shrug It Off","FairyPotion","PowerPotion","CultistPotion"],"campfire_rested":0,"item_purchase_floors":[12,29,44,47],"current_hp_per_floor":[77,77,77,77,77,52,52,42,42,42,29,29,29,38,38,19,80,78,78,78,52,28,9,9,9,9,9,9,3,3,3,3,11,80,80,63,40,21,21,21,23,23,33,33,25,23,23,28,28,22,90,90,90,0,0],"gold":15,"neow_bonus":"REMOVE_TWO","is_daily":false,"chose_seed":false,"campfire_upgraded":9,"win_rate":0.0,"timestamp":1614056993,"path_taken":["M","$","M","?","?","E","R","E","T","?","E","$","R","M","R","BOSS","M","$","?","?","?","E","R","$","T","?","R","?","?","?","R","BOSS","M","M","M","M","?","R","E","R","T","$","?","M","?","M","R","BOSS","R","$","E"],"items_purchased_type":["Card","Potion","Potion","Potion"],"build_version":"2020-12-22","purchased_purges":5,"victory":false,"max_hp_per_floor":[77,77,77,77,77,77,77,77,77,77,77,77,77,80,80,80,80,80,80,80,80,80,80,80,80,80,80,80,80,80,80,80,80,80,80,80,80,80,80,80,80,80,90,90,90,90,90,90,90,90,90,90,90,90,90],"card_choices":[{"not_picked":["Body Slam","Shockwave"],"picked":"Rage","floor":1.0},{"not_picked":["Body Slam","Battle Trance"],"picked":"Pommel Strike","floor":3.0},{"not_picked":["Anger","Wild Strike","Dropkick"],"picked":"SKIP","floor":5.0},{"not_picked":["Armaments","Clothesline"],"picked":"Cleave","floor":6.0},{"not_picked":["Blood for Blood","Warcry"],"picked":"Cleave","floor":8.0},{"not_picked":["Fiend Fire","Seeing Red","Twin Strike"],"picked":"SKIP","floor":11.0},{"not_picked":["Sword Boomerang","Disarm","True Grit"],"picked":"SKIP","floor":14.0},{"not_picked":["Brutality","Corruption"],"picked":"Juggernaut","floor":16.0},{"not_picked":["Cleave+1","Searing Blow","Reckless Charge"],"picked":"SKIP","floor":18.0},{"not_picked":["Demon Form","Ghostly Armor+1"],"picked":"hubris:SharpeningStone","floor":23.0},{"not_picked":["Sever Soul","Evolve+1","Clash"],"picked":"SKIP","floor":35.0},{"not_picked":["Dual Wield","Perfected Strike","Warcry"],"picked":"SKIP","floor":36.0},{"not_picked":["Shrug It Off","Warcry","Blood for Blood"],"picked":"SKIP","floor":37.0},{"not_picked":["Inflame+1","True Grit","Pommel Strike+1"],"picked":"SKIP","floor":38.0},{"not_picked":["Clash","Infernal Blade","Perfected Strike+1"],"picked":"SKIP","floor":41.0},{"not_picked":["Burning Pact","Flex+1","Sword Boomerang+1"],"picked":"SKIP","floor":46.0},{"not_picked":["Feel No Pain+1","Combust","hubris:ReadiedAction+1"],"picked":"SKIP","floor":48.0}],"player_experience":380728,"relics_obtained":[{"floor":6.0,"key":"Kunai"},{"floor":8.0,"key":"Regal Pillow"},{"floor":9.0,"key":"Juzu Bracelet"},{"floor":11.0,"key":"Art of War"},{"floor":23.0,"key":"reliquary:Aerogel"},{"floor":41.0,"key":"aspiration:SeaSaltIceCream"},{"floor":43.0,"key":"Pear"},{"floor":45.0,"key":"Ice Cream"}],"event_choices":[{"cards_removed":["Strike_R"],"damage_healed":0.0,"max_hp_gain":0.0,"max_hp_loss":0.0,"gold_gain":0.0,"event_name":"Purifier","player_choice":"Purged","floor":4.0,"gold_loss":0.0,"damage_taken":0.0},{"damage_healed":0.0,"max_hp_gain":0.0,"max_hp_loss":0.0,"gold_gain":109.0,"event_name":"betterSkull:BetterSkull","player_choice":"GO RE ","floor":21.0,"gold_loss":0.0,"damage_taken":29.0,"cards_upgraded":[],"relics_obtained":["Potion Belt"]},{"damage_healed":0.0,"max_hp_gain":0.0,"max_hp_loss":0.0,"gold_gain":0.0,"event_name":"Mysterious Sphere","player_choice":"Fight","floor":45.0,"gold_loss":0.0,"damage_taken":0.0}],"is_beta":false,"boss_relics":[{"not_picked":["Velvet Choker","hubris:Stopwatch"],"picked":"reliquary:BigHammer"},{"not_picked":["Cursed Key","aspiration:FutureDiary"],"picked":"hubris:VirtuousBlindfold"}],"items_purged_floors":[2,12,19,25,44],"is_endless":false,"potions_floor_spawned":[1,3,6,14,18,33,35,37,46,48],"killed_by":"Shield and Spear","ascension_level":4}}