{"host":"0y1696yaafq19vki","time":1614102446,"event":{"mods":["BaseMod","Colored Map","Conspire","Minty Spire (QoL Compilation)","Replay The Spire","StSLib"],"gold_per_floor":[114,133,143,153,153,153,153,153],"floor_reached":7,"language":"ENG","playtime":722,"items_purged":[],"score":43,"play_id":"2111f8e4-f355-4633-aa5c-dc83fc2ecbd0","local_time":"20210223174726","is_ascension_mode":false,"campfire_choices":[{"floor":6,"key":"REST"}],"circlet_count":0,"master_deck":["Strike_G","Strike_G","Strike_G","Strike_G","Strike_G","Defend_G","Defend_G","Defend_G","Defend_G","Defend_G","Survivor","Neutralize","Strike_G","Defend_P","Crow Ritual","Hidden Blade","conspire:DoublingDagger","Prepared","Endless Agony"],"relics":["Ring of the Snake","Golden Idol"],"acts_visited":["Exordium"],"potions_floor_usage":[],"damage_taken":[{"damage":5,"enemies":"Small Slimes","floor":1,"turns":7},{"damage":4,"enemies":"2 Louse","floor":2,"turns":4},{"damage":1,"enemies":"Jaw Worm","floor":3,"turns":5},{"damage":26,"enemies":"Exordium Wildlife","floor":4,"turns":8},{"damage":46,"enemies":"Lagavulin","floor":7,"turns":11}],"seed_played":"6905950143816587829","potions_obtained":[{"floor":3,"key":"Strength Potion"},{"floor":4,"key":"SteroidPotion"}],"is_trial":false,"path_per_floor":["M","M","M","M","?","R","E"],"character_chosen":"THE_SILENT","items_purchased":[],"campfire_rested":1,"item_purchase_floors":[],"current_hp_per_floor":[65,61,60,34,17,38,0,0],"gold":153,"neow_bonus":"RANDOM_COLORLESS_2","is_daily":false,"chose_seed":false,"campfire_upgraded":0,"win_rate":0.0,"timestamp":1614102446,"path_taken":["M","M","M","M","?","R","E"],"items_purchased_type":[],"build_version":"2020-12-22","purchased_purges":0,"victory":false,"max_hp_per_floor":[70,70,70,70,70,70,70,70],"card_choices":[{"not_picked":["Violence","Thinking Ahead"],"picked":"Crow Ritual","floor":0},{"not_picked":["Bouncing Flask","Dagger Throw"],"picked":"Hidden Blade","floor":1},{"not_picked":["Flying Knee","Adrenaline"],"picked":"conspire:DoublingDagger","floor":2},{"not_picked":["Draining Mist","PiercingWail"],"picked":"Prepared","floor":3},{"not_picked":["PiercingWail","Riddle With Holes"],"picked":"Endless Agony","floor":4}],"player_experience":65378,"relics_obtained":[],"event_choices":[{"damage_healed":0,"gold_gain":0,"player_choice":"Take Damage","damage_taken":17,"relics_obtained":["Golden Idol"],"max_hp_gain":0,"max_hp_loss":0,"event_name":"Golden Idol","floor":5,"gold_loss":0}],"is_beta":false,"boss_relics":[],"items_purged_floors":[],"is_endless":false,"potions_floor_spawned":[3,4],"killed_by":"Lagavulin","ascension_level":0}}