{"host":"x3tdtn2vw0frar62","time":1614117852,"event":{"mods":["100% Spire Juice","Aspiration","BaseMod","Better Note","Better Sensory Stone","Better Third Choice","BetterRewards","CatGirl Mod","Hermit","Hubris","LagranYue(???·?)","Marisa????????","Minty Spire (QoL Compilation)","Morshu Shopkeeper","Morshu Shopkeeper - ENHANCED","Practice Mode","Railgun Mod","Relic Stats","Reliquary","Remilia??????","Replay The Spire","Robot Space Explorer","Shade Mod","Shop Mod","Spicy Shops","Spire Arcade","StSLib","The Cursed","The Dragon Tamer","The Marked","The Runesmith","The Sage","The Senshi","The Servant 0.9.4"],"gold_per_floor":[111,111,111,36,52,52,64,64,64,80,80,5,5,15,89,187,187,200,200,200,220,234,261,261,261],"floor_reached":24,"language":"ENG","playtime":1181,"items_purged":["Defend_MRS"],"score":256,"play_id":"66ffb9a0-9ed2-403a-bd3c-8aa8a469fd89","local_time":"20210223170412","is_ascension_mode":false,"campfire_choices":[{"data":"PowerUp","floor":6.0,"key":"SMITH"},{"data":"MasterSpark","floor":8.0,"key":"SMITH"},{"floor":11.0,"key":"RECALL"}],"circlet_count":0,"master_deck":["Strike_MRS","Strike_MRS","Defend_MRS","Defend_MRS","MasterSpark+1","UpSweep","PowerUp+1","UnstableBomb","NonDirectionalLaser","MilkyWay+1"],"relics":["MiniHakkero","Shuriken","aspiration:HiddenCompartment","Philosopher\u0027s Stone","LagranYue:MagicReflectiveArmorRelic"],"acts_visited":["Exordium","TheCity"],"potions_floor_usage":[24],"damage_taken":[{"damage":1.0,"enemies":"Jaw Worm","floor":1.0,"turns":3.0},{"damage":0.0,"enemies":"Cultist","floor":5.0,"turns":2.0},{"damage":7.0,"enemies":"Small Slimes","floor":7.0,"turns":3.0},{"damage":8.0,"enemies":"Red Slaver","floor":10.0,"turns":2.0},{"damage":1.0,"enemies":"Exordium Wildlife","floor":14.0,"turns":2.0},{"damage":0.0,"enemies":"Slime Boss","floor":16.0,"turns":6.0},{"damage":9.0,"enemies":"Shell Parasite","floor":18.0,"turns":2.0},{"damage":18.0,"enemies":"2 Thieves","floor":21.0,"turns":3.0},{"damage":2.0,"enemies":"Chosen and Byrds","floor":22.0,"turns":3.0},{"damage":40.0,"enemies":"Book of Stabbing","floor":23.0,"turns":3.0},{"damage":7,"enemies":"Snake Plant","floor":24,"turns":1}],"seed_played":"1079377763971355010","potions_obtained":[{"floor":7.0,"key":"SkillPotion"},{"floor":14.0,"key":"StarNLove"},{"floor":16.0,"key":"sagemod:Wine"},{"floor":21.0,"key":"Venom Potion"},{"floor":23.0,"key":"GamblersBrew"}],"is_trial":false,"path_per_floor":["M","?","?","$","M","R","M","R","T","M","R","$","$","M","R","B",null,"M","$","?","M","M","E","M"],"character_chosen":"MARISA","items_purchased":["aspiration:HiddenCompartment"],"campfire_rested":0,"item_purchase_floors":[12],"current_hp_per_floor":[74,74,74,74,74,74,67,67,67,59,59,59,59,58,58,58,75,66,66,66,48,46,6,0,0],"gold":261,"neow_bonus":"REMOVE_CARD","is_daily":false,"chose_seed":false,"campfire_upgraded":2,"win_rate":0.0,"timestamp":1614117852,"path_taken":["M","?","?","$","M","R","M","R","T","?","R","?","$","M","R","BOSS","M","$","?","M","M","E","M"],"items_purchased_type":["Relic"],"build_version":"2020-12-22","purchased_purges":1,"victory":false,"max_hp_per_floor":[75,75,75,75,75,75,75,75,75,75,75,75,75,75,75,75,75,75,75,75,75,75,75,75,75],"relic_stats":{"counters":[11,30],"Shuriken":[10],"obtain_stats":[{"Shuriken":9,"Philosopher\u0027s Stone":17,"MiniHakkero":0,"aspiration:HiddenCompartment":12,"LagranYue:MagicReflectiveArmorRelic":23},{"Shuriken":3,"Philosopher\u0027s Stone":6,"MiniHakkero":0,"aspiration:HiddenCompartment":4,"LagranYue:MagicReflectiveArmorRelic":10},{"Shuriken":8,"Philosopher\u0027s Stone":18,"MiniHakkero":0,"aspiration:HiddenCompartment":10,"LagranYue:MagicReflectiveArmorRelic":29}]},"card_choices":[{"not_picked":["MagicAbsorber","DC"],"picked":"PowerUp","floor":1.0},{"not_picked":["AlicesGift","DC","DeepEcoloBomb"],"picked":"SKIP","floor":5.0},{"not_picked":["AsteroidBelt","DragonMeteor","PulseMagic"],"picked":"SKIP","floor":7.0},{"not_picked":["OpenUniverse","PropBag","MysteriousBeam"],"picked":"SKIP","floor":10.0},{"not_picked":["EarthLightRay","GalacticHalo","Orbital"],"picked":"SKIP","floor":14.0},{"not_picked":["AsteroidBelt","GalacticHalo"],"picked":"UnstableBomb","floor":18.0},{"not_picked":["DeepEcoloBomb","ChargingUp+1"],"picked":"NonDirectionalLaser","floor":21.0},{"not_picked":["MysteriousBeam+1","ChargeUpSpray","DeepEcoloBomb"],"picked":"SKIP","floor":22.0},{"not_picked":["PulseMagic","MeteoricShower"],"picked":"MilkyWay+1","floor":23.0}],"player_experience":220792,"relics_obtained":[{"floor":9.0,"key":"Shuriken"},{"floor":23.0,"key":"LagranYue:MagicReflectiveArmorRelic"}],"event_choices":[{"cards_removed":["Defend_MRS"],"damage_healed":0.0,"max_hp_gain":0.0,"max_hp_loss":0.0,"gold_gain":0.0,"event_name":"Bonfire Elementals","player_choice":"Offered Basic","floor":3.0,"gold_loss":0.0,"damage_taken":0.0},{"cards_removed":["PowerUp"],"damage_healed":0.0,"max_hp_gain":0.0,"max_hp_loss":0.0,"gold_gain":0.0,"event_name":"betterNote:BetterNote","player_choice":"Give","floor":20.0,"gold_loss":0.0,"damage_taken":0.0,"cards_obtained":["None"]}],"is_beta":false,"boss_relics":[{"not_picked":["RampagingMagicTools","reliquary:RedCape"],"picked":"Philosopher\u0027s Stone"}],"items_purged_floors":[4],"is_endless":false,"potions_floor_spawned":[7,14,16,21,23],"killed_by":"Snake Plant","ascension_level":0}}