{"host":"8vqkh0x3c7vpgzzm","time":1614083679,"event":{"mods":["AchievementEnabler","BaseMod","Colored Map","Colored Powertips","Curses Come First","DeckTracker","Highlight Path","Minty Spire (QoL Compilation)","Permanent Neow","Quick Restart","Random Character Mod","Rare Cards Sparkle","Relic Sorter","Relic Stats","StSLib","SuperFastMode","Unceasing Turn Reminder","egg","everything is the same but u backflip on backflip"],"gold_per_floor":[359,371,49,65,65,90,90,90,115,2,2,36,49,68,68,171,171,187,112,112,129,129,29,49,81,135,135,154,169,169,169,169],"floor_reached":31,"language":"ENG","playtime":1054,"items_purged":["Regret","Defend_B"],"score":486,"play_id":"ca409be8-731b-4e65-a5c2-059cc6382b7d","local_time":"20210223133439","is_ascension_mode":true,"campfire_choices":[{"data":"Apotheosis","floor":7,"key":"SMITH"},{"data":"Defragment","floor":15,"key":"SMITH"},{"data":"Creative AI","floor":27,"key":"SMITH"}],"circlet_count":0,"master_deck":["Strike_B","Strike_B+1","Strike_B","Defend_B","Defend_B","Defend_B","Zap","Dualcast","Chill","Rip and Tear+1","Apotheosis+1","Defragment+1","Sweeping Beam","Cold Snap","Self Repair","Undo","Hologram","Streamline","Creative AI+1","Ball Lightning+1","Fusion","Coolheaded"],"relics":["Cracked Core","Ancient Tea Set","PreservedInsect","Regal Pillow","Art of War","Philosopher\u0027s Stone","Toy Ornithopter","Frozen Egg 2","Pen Nib"],"acts_visited":["Exordium","TheCity"],"potions_floor_usage":[16,18,25,29,30],"damage_taken":[{"damage":11,"enemies":"Cultist","floor":1,"turns":4},{"damage":7,"enemies":"Small Slimes","floor":2,"turns":3},{"damage":0,"enemies":"2 Louse","floor":4,"turns":2},{"damage":16,"enemies":"Lagavulin","floor":6,"turns":6},{"damage":4,"enemies":"3 Sentries","floor":12,"turns":3},{"damage":0,"enemies":"Blue Slaver","floor":13,"turns":4},{"damage":0,"enemies":"Exordium Thugs","floor":14,"turns":4},{"damage":0,"enemies":"Hexaghost","floor":16,"turns":9},{"damage":10,"enemies":"3 Byrds","floor":18,"turns":6},{"damage":14,"enemies":"Spheric Guardian","floor":21,"turns":5},{"damage":5,"enemies":"Snake Plant","floor":24,"turns":5},{"damage":25,"enemies":"Book of Stabbing","floor":25,"turns":5},{"damage":32,"enemies":"Shelled Parasite and Fungi","floor":28,"turns":5},{"damage":7,"enemies":"Snecko","floor":29,"turns":4},{"damage":0,"enemies":"Slavers","floor":30,"turns":1},{"damage":44,"enemies":"Snake Plant","floor":31,"turns":3}],"seed_played":"-2611208066717479548","potions_obtained":[{"floor":1,"key":"SpeedPotion"},{"floor":4,"key":"Fire Potion"},{"floor":16,"key":"PotionOfCapacity"},{"floor":18,"key":"SmokeBomb"},{"floor":25,"key":"SkillPotion"},{"floor":28,"key":"SpeedPotion"}],"is_trial":false,"path_per_floor":["M","M","$","M","T","E","R","?","T","$","?","E","M","M","R","B",null,"M","?","?","M","?","$","M","E","T","R","M","M","E","M"],"character_chosen":"DEFECT","items_purchased":["Apotheosis","Defragment","Self Repair","DistilledChaos"],"campfire_rested":0,"item_purchase_floors":[3,3,10,10],"current_hp_per_floor":[57,50,50,50,50,34,34,19,19,19,19,25,35,45,45,55,70,70,70,70,66,66,66,71,60,60,60,38,36,41,0,0],"gold":169,"neow_bonus":"TWO_FIFTY_GOLD","is_daily":false,"chose_seed":false,"campfire_upgraded":3,"win_rate":0.0,"timestamp":1614083679,"path_taken":["M","M","$","M","?","E","R","?","T","$","?","E","M","M","R","BOSS","M","?","?","?","?","$","?","E","T","R","M","M","E","M"],"items_purchased_type":["Card","Card","Card","Potion"],"build_version":"2020-12-22","purchased_purges":2,"victory":false,"max_hp_per_floor":[75,75,75,75,75,75,75,75,75,75,75,75,75,75,75,75,75,75,75,75,75,75,75,75,75,75,75,75,75,75,75,75],"relic_stats":{"Regal Pillow":0,"counters":[16,69],"PreservedInsect":116,"Pen Nib":[1],"Art of War":[7],"obtain_stats":[{"Regal Pillow":9,"Philosopher\u0027s Stone":17,"PreservedInsect":6,"Pen Nib":26,"Art of War":12,"Frozen Egg 2":25,"Cracked Core":0,"Ancient Tea Set":5,"Toy Ornithopter":22},{"Regal Pillow":4,"Philosopher\u0027s Stone":8,"PreservedInsect":4,"Pen Nib":12,"Art of War":5,"Frozen Egg 2":12,"Cracked Core":0,"Ancient Tea Set":3,"Toy Ornithopter":10},{"Regal Pillow":15,"Philosopher\u0027s Stone":35,"PreservedInsect":15,"Pen Nib":56,"Art of War":18,"Frozen Egg 2":56,"Cracked Core":0,"Ancient Tea Set":9,"Toy Ornithopter":46}],"Toy Ornithopter":14},"card_choices":[{"not_picked":["Turbo","Heatsinks"],"picked":"Chill","floor":1},{"not_picked":["Stack","Sunder"],"picked":"Rip and Tear","floor":2},{"not_picked":["Compile Driver","Stack"],"picked":"Sweeping Beam","floor":4},{"not_picked":["Compile Driver","Sunder"],"picked":"Cold Snap","floor":6},{"not_picked":["Beam Cell","Darkness"],"picked":"Undo","floor":12},{"not_picked":["Turbo","Sweeping Beam"],"picked":"Hologram","floor":13},{"not_picked":["Redo","Go for the Eyes"],"picked":"Streamline","floor":14},{"not_picked":["Biased Cognition","Core Surge"],"picked":"Creative AI","floor":16},{"not_picked":["Chaos","Leap","Rebound"],"picked":"SKIP","floor":18},{"not_picked":["Gash","Stack"],"picked":"Ball Lightning+1","floor":21},{"not_picked":["Redo+1","Rebound","Sweeping Beam"],"picked":"SKIP","floor":24},{"not_picked":["Melter","Gash+1","All For One"],"picked":"SKIP","floor":25},{"not_picked":["Rebound","Ball Lightning"],"picked":"Fusion","floor":28},{"not_picked":["Coolheaded","Sweeping Beam","Cold Snap"],"picked":"SKIP","floor":29},{"not_picked":["Sweeping Beam","Cold Snap"],"picked":"Coolheaded","floor":29}],"player_experience":621885,"relics_obtained":[{"floor":5,"key":"Ancient Tea Set"},{"floor":6,"key":"PreservedInsect"},{"floor":9,"key":"Regal Pillow"},{"floor":12,"key":"Art of War"},{"floor":25,"key":"Frozen Egg 2"},{"floor":26,"key":"Pen Nib"}],"event_choices":[{"damage_healed":0,"gold_gain":0,"player_choice":"Entered Light","damage_taken":15,"max_hp_gain":0,"max_hp_loss":0,"event_name":"Shining Light","floor":8,"gold_loss":0,"cards_upgraded":["Strike_B","Rip and Tear"]},{"damage_healed":0,"gold_gain":0,"player_choice":"Searched \u00270\u0027 times","damage_taken":0,"max_hp_gain":0,"max_hp_loss":0,"event_name":"Dead Adventurer","floor":11,"gold_loss":0},{"cards_removed":["Strike_B"],"damage_healed":0,"gold_gain":0,"player_choice":"Gave Gold","damage_taken":0,"max_hp_gain":0,"max_hp_loss":0,"event_name":"Beggar","floor":19,"gold_loss":75},{"damage_healed":0,"gold_gain":0,"player_choice":"Bought 0 Potions","damage_taken":0,"max_hp_gain":0,"max_hp_loss":0,"event_name":"The Woman in Blue","floor":20,"gold_loss":0},{"damage_healed":0,"gold_gain":0,"player_choice":"Gave Potion","damage_taken":0,"relics_obtained":["Toy Ornithopter"],"max_hp_gain":0,"max_hp_loss":0,"event_name":"WeMeetAgain","floor":22,"gold_loss":0}],"is_beta":false,"boss_relics":[{"not_picked":["Fusion Hammer","Busted Crown"],"picked":"Philosopher\u0027s Stone"}],"items_purged_floors":[3,23],"is_endless":false,"potions_floor_spawned":[1,4,16,18,25,28],"killed_by":"Snake Plant","ascension_level":9}}