{"host":"1a8lb11wemezctea","time":1614120117,"event":{"mods":["BaseMod","Colored Powertips","Highlight Path","Minty Spire (QoL Compilation)"],"gold_per_floor":[209,209,220,72,83,109,109,141,141,141,91,105,105,133,133,236,236,252,252,4,14,14,40,55,74,124,134,134,169,169,13,13,116,116,135,135,185,199,217,250,250,301,301,315,342,394,8,21,21,21,21,21,21,49,49,49],"floor_reached":55,"language":"ENG","playtime":3493,"items_purged":["Shame","Strike_B","Strike_B"],"score":1107,"play_id":"f08a4d02-6bad-43f5-911c-bcd044d78996","local_time":"20210223174157","is_ascension_mode":true,"campfire_choices":[{"data":"Hologram","floor":7,"key":"SMITH"},{"data":"Zap","floor":10,"key":"SMITH"},{"data":"Gash","floor":15,"key":"SMITH"},{"data":"Defragment","floor":28,"key":"SMITH"},{"data":"Seek","floor":32,"key":"SMITH"},{"floor":49,"key":"RECALL"},{"floor":52,"key":"REST"}],"circlet_count":0,"master_deck":["Strike_B","Defend_B","Defend_B","Defend_B","Defend_B","Zap+1","Dualcast","Go for the Eyes","Gash+1","Cold Snap","Self Repair","Hologram+1","Ball Lightning","Conserve Battery","Sweeping Beam","Core Surge","CurseOfTheBell","Gash+1","Gash","Beam Cell","Defragment+1","Leap+1","J.A.X.","Seek+1","Darkness","Core Surge","Leap+1","Double Energy+1","Hologram+1"],"relics":["Cracked Core","Bag of Preparation","Symbiotic Virus","PreservedInsect","Ancient Tea Set","Bottled Flame","HornCleat","Calling Bell","Centennial Puzzle","Mercury Hourglass","Unceasing Top","Potion Belt","Membership Card","Torii","Tiny Chest","Singing Bowl","Nuclear Battery","Matryoshka","Akabeko","Toy Ornithopter","Art of War","StoneCalendar","Bag of Marbles","Nunchaku","Blood Vial","Lizard Tail","ClockworkSouvenir","Eternal Feather"],"acts_visited":["Exordium","TheCity","TheBeyond","TheEnding"],"potions_floor_usage":[6,16,23,29,33,33,40,44,44,44,50,55],"damage_taken":[{"damage":2,"enemies":"Jaw Worm","floor":1,"turns":3},{"damage":1,"enemies":"2 Louse","floor":3,"turns":2},{"damage":0,"enemies":"Cultist","floor":5,"turns":3},{"damage":16,"enemies":"Lagavulin","floor":6,"turns":5},{"damage":17,"enemies":"Gremlin Nob","floor":8,"turns":4},{"damage":5,"enemies":"Exordium Wildlife","floor":12,"turns":4},{"damage":18,"enemies":"Lagavulin","floor":14,"turns":4},{"damage":8,"enemies":"Slime Boss","floor":16,"turns":5},{"damage":0,"enemies":"Spheric Guardian","floor":18,"turns":3},{"damage":2,"enemies":"3 Byrds","floor":21,"turns":3},{"damage":10,"enemies":"Slavers","floor":23,"turns":2},{"damage":14,"enemies":"Shelled Parasite and Fungi","floor":24,"turns":4},{"damage":0,"enemies":"3 Cultists","floor":25,"turns":4},{"damage":10,"enemies":"Sentry and Sphere","floor":27,"turns":4},{"damage":22,"enemies":"Gremlin Leader","floor":29,"turns":5},{"damage":45,"enemies":"Automaton","floor":33,"turns":8},{"damage":0,"enemies":"3 Shapes","floor":35,"turns":3},{"damage":18,"enemies":"3 Darklings","floor":38,"turns":6},{"damage":4,"enemies":"Sphere and 2 Shapes","floor":39,"turns":5},{"damage":0,"enemies":"Giant Head","floor":40,"turns":6},{"damage":47,"enemies":"2 Orb Walkers","floor":42,"turns":5},{"damage":8,"enemies":"Writhing Mass","floor":44,"turns":5},{"damage":3,"enemies":"Nemesis","floor":45,"turns":5},{"damage":0,"enemies":"Spire Growth","floor":48,"turns":4},{"damage":134,"enemies":"Donu and Deca","floor":50,"turns":10},{"damage":44,"enemies":"Shield and Spear","floor":54,"turns":6},{"damage":184,"enemies":"The Heart","floor":55,"turns":11}],"seed_played":"-5556117531543016504","potions_obtained":[{"floor":3,"key":"AttackPotion"},{"floor":8,"key":"Explosive Potion"},{"floor":12,"key":"FairyPotion"},{"floor":14,"key":"Regen Potion"},{"floor":16,"key":"AttackPotion"},{"floor":27,"key":"GamblersBrew"},{"floor":29,"key":"DistilledChaos"},{"floor":33,"key":"DistilledChaos"},{"floor":35,"key":"PowerPotion"},{"floor":40,"key":"Fruit Juice"},{"floor":42,"key":"Fire Potion"},{"floor":44,"key":"DuplicationPotion"}],"is_trial":false,"path_per_floor":["M","?","M","$","M","E","R","E","T","R","?","M","T","E","R","B",null,"M","?","$","M","?","E","M","M","T","M","R","E","?","$","R","B",null,"M","T","T","M","M","E","?","?","T","M","E","T","$","M","R","B",null,"R","$","E","B"],"character_chosen":"DEFECT","items_purchased":["Cold Snap","Self Repair","Hologram","Membership Card","Gash","PotionOfCapacity","Seek","Darkness","Lizard Tail","ClockworkSouvenir","FairyPotion","FairyPotion"],"campfire_rested":1,"item_purchase_floors":[4,4,4,20,20,20,31,31,47,47,47,47],"current_hp_per_floor":[66,59,58,58,65,49,49,39,39,39,39,41,41,30,30,29,64,71,71,71,75,75,72,65,72,72,69,69,54,54,54,54,16,60,67,67,67,58,63,77,77,37,37,65,71,71,71,82,82,33,74,88,88,51,0,0],"gold":49,"neow_bonus":"HUNDRED_GOLD","is_daily":false,"chose_seed":false,"campfire_upgraded":5,"win_rate":0.0,"timestamp":1614120117,"path_taken":["M","?","M","$","M","E","R","E","T","R","?","M","?","E","R","BOSS","M","?","$","M","?","E","M","M","T","M","R","E","?","?","R","BOSS","M","?","?","M","M","E","?","?","T","?","E","?","$","M","R","BOSS","R","$","E","BOSS"],"items_purchased_type":["Card","Card","Card","Relic","Card","Potion","Card","Card","Relic","Relic","Potion","Potion"],"build_version":"2020-12-22","purchased_purges":3,"victory":false,"max_hp_per_floor":[75,75,75,75,75,75,75,75,75,75,75,75,75,75,75,75,75,75,75,75,75,75,75,75,75,75,75,75,75,75,75,75,75,75,75,75,75,77,79,81,77,77,77,84,86,86,86,88,88,88,88,88,88,88,88,88],"card_choices":[{"not_picked":["Compile Driver","Coolheaded"],"picked":"Go for the Eyes","floor":1},{"not_picked":["Turbo","Blizzard"],"picked":"Gash","floor":3},{"not_picked":["Hello World","Turbo","Coolheaded"],"picked":"SKIP","floor":5},{"not_picked":["Redo","Steam","Go for the Eyes"],"picked":"SKIP","floor":6},{"not_picked":["Amplify","Cold Snap"],"picked":"Ball Lightning","floor":8},{"not_picked":["Coolheaded","Reinforced Body"],"picked":"Conserve Battery","floor":12},{"not_picked":["Doom and Gloom","Self Repair"],"picked":"Sweeping Beam","floor":14},{"not_picked":["Buffer","Hyperbeam"],"picked":"Core Surge","floor":16},{"not_picked":["Chaos","White Noise+1"],"picked":"Gash+1","floor":18},{"not_picked":["Rebound","Sunder","Ball Lightning"],"picked":"SKIP","floor":21},{"not_picked":["Sweeping Beam","Fusion","Turbo"],"picked":"SKIP","floor":23},{"not_picked":["Fusion","Leap","Conserve Battery"],"picked":"SKIP","floor":24},{"not_picked":["Sweeping Beam","Cold Snap+1"],"picked":"Beam Cell","floor":25},{"not_picked":["Redo","Aggregate"],"picked":"Defragment","floor":27},{"not_picked":["Tempest","Stack"],"picked":"Leap+1","floor":29},{"not_picked":["Thunder Strike","Hyperbeam"],"picked":"Core Surge","floor":33},{"not_picked":["Sweeping Beam+1","Ball Lightning"],"picked":"Leap+1","floor":35},{"not_picked":["Steam+1","Compile Driver+1","Coolheaded+1"],"picked":"Singing Bowl","floor":38},{"not_picked":["Beam Cell","Sweeping Beam","Steam"],"picked":"Singing Bowl","floor":39},{"not_picked":["Streamline+1","Meteor Strike","Stack"],"picked":"Singing Bowl","floor":40},{"not_picked":["Darkness","Streamline+1"],"picked":"Double Energy+1","floor":42},{"not_picked":["Self Repair+1","Ball Lightning","Stack"],"picked":"Singing Bowl","floor":44},{"not_picked":["Compile Driver+1","Tempest","Leap+1"],"picked":"Singing Bowl","floor":45},{"not_picked":["Rebound+1","Ball Lightning","Hologram"],"picked":"Singing Bowl","floor":48},{"not_picked":["Barrage+1","Sunder"],"picked":"Hologram+1","floor":54}],"player_experience":316618,"relics_obtained":[{"floor":6,"key":"Symbiotic Virus"},{"floor":8,"key":"PreservedInsect"},{"floor":9,"key":"Ancient Tea Set"},{"floor":13,"key":"Bottled Flame"},{"floor":14,"key":"HornCleat"},{"floor":17,"key":"Centennial Puzzle"},{"floor":17,"key":"Mercury Hourglass"},{"floor":17,"key":"Unceasing Top"},{"floor":23,"key":"Torii"},{"floor":26,"key":"Tiny Chest"},{"floor":29,"key":"Singing Bowl"},{"floor":36,"key":"Matryoshka"},{"floor":37,"key":"Akabeko"},{"floor":37,"key":"Toy Ornithopter"},{"floor":40,"key":"Art of War"},{"floor":42,"key":"StoneCalendar"},{"floor":43,"key":"Bag of Marbles"},{"floor":43,"key":"Nunchaku"},{"floor":45,"key":"Blood Vial"},{"floor":54,"key":"Eternal Feather"}],"event_choices":[{"damage_healed":0,"gold_gain":0,"player_choice":"Success","damage_taken":7,"relics_obtained":["Bag of Preparation"],"max_hp_gain":0,"max_hp_loss":0,"event_name":"Scrap Ooze","floor":2,"gold_loss":0},{"cards_removed":["Strike_B"],"damage_healed":0,"gold_gain":0,"player_choice":"Card Removal","damage_taken":0,"max_hp_gain":0,"max_hp_loss":0,"event_name":"The Cleric","floor":11,"gold_loss":50},{"damage_healed":0,"gold_gain":0,"player_choice":"Stole Relic","damage_taken":0,"relics_obtained":["Potion Belt"],"max_hp_gain":0,"max_hp_loss":0,"event_name":"Addict","floor":19,"gold_loss":0,"cards_obtained":["Shame"]},{"damage_healed":0,"gold_gain":0,"player_choice":"Ignored","damage_taken":0,"max_hp_gain":0,"max_hp_loss":0,"event_name":"Ghosts","floor":22,"gold_loss":0},{"damage_healed":0,"gold_gain":0,"player_choice":"Obtain J.A.X.","damage_taken":0,"max_hp_gain":0,"max_hp_loss":0,"event_name":"Drug Dealer","floor":30,"gold_loss":0,"cards_obtained":["J.A.X."]},{"damage_healed":0,"gold_gain":0,"player_choice":"Max HP","damage_taken":0,"max_hp_gain":0,"max_hp_loss":4,"event_name":"Winding Halls","floor":41,"gold_loss":0},{"damage_healed":0,"gold_gain":0,"player_choice":"Fight","damage_taken":0,"max_hp_gain":0,"max_hp_loss":0,"event_name":"Mysterious Sphere","floor":42,"gold_loss":0}],"is_beta":false,"boss_relics":[{"not_picked":["Cursed Key","Coffee Dripper"],"picked":"Calling Bell"},{"not_picked":["Velvet Choker","Fusion Hammer"],"picked":"Nuclear Battery"}],"items_purged_floors":[20,31,47],"is_endless":false,"potions_floor_spawned":[3,8,12,14,16,27,29,33,35,40,42,44],"killed_by":"The Heart","ascension_level":7}}