{"host":"jsd6g3c2vo13e69c","time":1614085704,"event":{"mods":["2.2 Compatiblity","Act Like it!","BaseMod","Better Altar","Better Match","Better Note","Better Sensory Stone","Better Third Choice","BetterRewards","Colored Map","Colored Powertips","Downfall","Friendly Minions","GifTheSpireLib","Googly Eyes","Gremlin Mod","Hermit","Hubris","Infinite Spire","Melee Mod","Minty Spire (QoL Compilation)","Permanent Neow","Quick Restart","Random Character Button","Replay The Spire","Shop Mod","Spire Arcade","StSLib","The Cursed","The Disciple","The Forsaken","thorton"],"gold_per_floor":[109,120,137,155,165,165,175,175,175,175,202,202,234,234,234,331,331,352,386,405,57,84,112,9,9,9,9,9,28,28,46,46,46,46],"floor_reached":33,"language":"ENG","playtime":1364,"items_purged":["meleeMod_Jab","meleeMod_Jab"],"score":274,"play_id":"57b7205e-8ff7-4902-b112-464ad8b7125e","local_time":"20210223080824","is_ascension_mode":true,"campfire_choices":[{"data":"meleeMod_Moonwalking","floor":6,"key":"SMITH"},{"data":"meleeMod_AmsahTech","floor":8,"key":"SMITH"},{"data":"meleeMod_BlueFalcon","floor":10,"key":"SMITH"},{"floor":12,"key":"REST"},{"floor":28,"key":"REST"},{"data":"meleeMod_BlueFalcon","floor":30,"key":"SMITH"},{"floor":32,"key":"DIG"}],"circlet_count":0,"master_deck":["meleeMod_Jab","meleeMod_Shield","meleeMod_Shield","meleeMod_Shield","meleeMod_Shield","meleeMod_NeutralAir","meleeMod_BackAir","meleeMod_BlueFalcon+1","meleeMod_Moonwalking+1","meleeMod_Randall","meleeMod_Taunt","meleeMod_AmsahTech+1","meleeMod_EdgeGuard+1","meleeMod_BlueFalcon+1","meleeMod_WallJump","meleeMod_BlueFalcon+1","meleeMod_ShieldPoke","meleeMod_WallJump","meleeMod_Randall","Violence","Replay:Sssssssssshield","meleeMod_SuperMushroom+1"],"relics":["meleeMod_LosersMang0","Replay:Accelerometer","Happy Flower","Smiling Mask","thethorton:GreedFountain","Membership Card","PreservedInsect","BargainBundle","Replay:WaspNest","WingedGreaves"],"acts_visited":["Exordium","TheCity"],"potions_floor_usage":[11,16,23,31,33,33,33],"damage_taken":[{"damage":6,"enemies":"Cultist","floor":1,"turns":3},{"damage":8,"enemies":"Jaw Worm","floor":2,"turns":4},{"damage":0,"enemies":"2 Louse","floor":3,"turns":1},{"damage":6,"enemies":"Gremlin Gang","floor":4,"turns":3},{"damage":2,"enemies":"Looter","floor":5,"turns":4},{"damage":2,"enemies":"Blue Slaver","floor":7,"turns":5},{"damage":23,"enemies":"Lagavulin","floor":11,"turns":5},{"damage":9,"enemies":"3 Sentries","floor":13,"turns":3},{"damage":19,"enemies":"The Guardian","floor":16,"turns":7},{"damage":10,"enemies":"Shell Parasite","floor":18,"turns":3},{"damage":10,"enemies":"2 Thieves","floor":19,"turns":2},{"damage":52,"enemies":"Sentry and Sphere","floor":20,"turns":7},{"damage":0,"enemies":"Snecko","floor":22,"turns":3},{"damage":8,"enemies":"Cultist and Chosen","floor":23,"turns":4},{"damage":0,"enemies":"3 Cultists","floor":29,"turns":3},{"damage":0,"enemies":"Centurion and Healer","floor":31,"turns":2},{"damage":30,"enemies":"Champ","floor":33,"turns":6}],"seed_played":"1816324202423383248","potions_obtained":[{"floor":1,"key":"Milkshake"},{"floor":2,"key":"ColorlessPotion"},{"floor":4,"key":"hexamod:SoulburnPotion"},{"floor":22,"key":"infinitespire:BlackPotion"},{"floor":23,"key":"FearPotion"},{"floor":31,"key":"champ:CounterPotion"}],"is_trial":false,"path_per_floor":["M","M","M","M","M","R","M","R","T","R","E","R","E","?","R_BF","B",null,"M","M","M","$","M","M","$","?","T","?","R","M","R","M","R_BF","B"],"character_chosen":"FALCON","items_purchased":["Membership Card","meleeMod_BlueFalcon","PreservedInsect","BargainBundle","meleeMod_Randall","Violence","Replay:Sssssssssshield","SteroidPotion","Explosive Potion"],"campfire_rested":2,"item_purchase_floors":[21,21,21,24,24,24,24,24,24],"current_hp_per_floor":[55,47,47,41,39,39,37,37,37,37,14,39,30,30,55,36,85,75,65,13,13,13,5,5,5,5,5,30,30,30,30,30,0,0],"gold":46,"neow_bonus":"THREE_RARE_CARDS","is_daily":false,"chose_seed":false,"campfire_upgraded":4,"win_rate":0.0,"timestamp":1614085704,"path_taken":["M","M","M","?","M","R","M","R","T","R","E","R","E","?","R_BF","BOSS","M","M","?","$","M","M","$","?","T","?","R","M","R","M","R_BF","BOSS"],"items_purchased_type":["Relic","Card","Relic","Relic","Card","Card","Card","Potion","Potion"],"build_version":"2020-12-22","purchased_purges":2,"victory":false,"max_hp_per_floor":[85,85,85,85,85,85,85,85,85,85,85,85,85,85,85,85,85,85,85,85,85,85,85,85,85,85,85,85,85,85,85,85,85,85],"card_choices":[{"not_picked":["meleeMod_HomieStock","meleeMod_EdgeGuard"],"picked":"meleeMod_BlueFalcon","floor":0},{"not_picked":["meleeMod_NoDI","meleeMod_Knee"],"picked":"meleeMod_Moonwalking","floor":1},{"not_picked":["meleeMod_CommandGrab","meleeMod_BabActivated"],"picked":"meleeMod_Randall","floor":2},{"not_picked":["meleeMod_RapidJabs","meleeMod_SweetSpot"],"picked":"meleeMod_Taunt","floor":3},{"not_picked":["meleeMod_DownAir","meleeMod_CommandGrab","meleeMod_WaveDash"],"picked":"SKIP","floor":4},{"not_picked":["meleeMod_UnclePunch","meleeMod_RockCrock"],"picked":"meleeMod_AmsahTech","floor":5},{"not_picked":["meleeMod_NeutralAir","meleeMod_DropZone","meleeMod_DownTilt"],"picked":"SKIP","floor":7},{"not_picked":["meleeMod_BackAir","meleeMod_SoftKnee","meleeMod_WaveDash"],"picked":"SKIP","floor":11},{"not_picked":["meleeMod_SuperSpicyCurry","meleeMod_Knee"],"picked":"meleeMod_EdgeGuard","floor":13},{"not_picked":["meleeMod_EdgeCancel","meleeMod_SDRemix"],"picked":"meleeMod_BlueFalcon","floor":16},{"not_picked":["meleeMod_ShieldDrop","meleeMod_DashDance","meleeMod_BackAir"],"picked":"SKIP","floor":18},{"not_picked":["meleeMod_DashDance","meleeMod_WeTechThose","meleeMod_Gentleman+1"],"picked":"SKIP","floor":19},{"not_picked":["meleeMod_DIMixUp","meleeMod_UpAir"],"picked":"meleeMod_WallJump","floor":20},{"not_picked":["meleeMod_DownSmash","meleeMod_SweetSpot+1"],"picked":"meleeMod_ShieldPoke","floor":22},{"not_picked":["meleeMod_DownSmash","meleeMod_CommandGrab"],"picked":"meleeMod_WallJump","floor":23},{"not_picked":["meleeMod_BMoveSpecialist","meleeMod_UnclePunch"],"picked":"meleeMod_SuperMushroom+1","floor":29},{"not_picked":["meleeMod_UpTilt","meleeMod_SoftKnee","meleeMod_WaveLand"],"picked":"SKIP","floor":31}],"player_experience":359941,"relics_obtained":[{"floor":9,"key":"Replay:Accelerometer"},{"floor":11,"key":"Happy Flower"},{"floor":13,"key":"Smiling Mask"},{"floor":26,"key":"Replay:WaspNest"},{"floor":32,"key":"WingedGreaves"}],"event_choices":[{"cards_removed":["meleeMod_Jab"],"damage_healed":0,"gold_gain":0,"player_choice":"Card Removal","damage_taken":0,"max_hp_gain":0,"max_hp_loss":0,"event_name":"Wheel of Change","floor":14,"gold_loss":0},{"damage_healed":0,"gold_gain":0,"player_choice":"Ignored","damage_taken":0,"max_hp_gain":0,"max_hp_loss":0,"event_name":"Ghosts","floor":25,"gold_loss":0},{"damage_healed":0,"gold_gain":0,"player_choice":"Forge","damage_taken":0,"max_hp_gain":0,"max_hp_loss":0,"event_name":"Accursed Blacksmith","floor":27,"gold_loss":0,"cards_upgraded":["meleeMod_BlueFalcon"]}],"is_beta":false,"boss_relics":[{"not_picked":["bronze:MakeshiftBattery","hubris:VirtuousBlindfold"],"picked":"thethorton:GreedFountain"}],"items_purged_floors":[21,24],"is_endless":false,"potions_floor_spawned":[1,2,4,22,23,31],"killed_by":"Champ","ascension_level":1}}