{"host":"0ueeacaatm8t6jyh","time":1614096917,"event":{"mods":["AchievementEnabler","BaseMod","Colored Powertips","Minty Spire (QoL Compilation)","Quick Restart","Rare Cards Sparkle","Shop Mod","StSLib"],"gold_per_floor":[109,34,34,49,49,49,199,199,269,30,55,71,19,19,19,96,96,127,165,177,189,212,224,266,278,290,302,314,326,326,345,371,118,137,137,210,210,230,249,249,272,291,316,316,341,341,341,341,360,360,385,385,385,385],"floor_reached":53,"language":"ZHS","playtime":1656,"items_purged":["Doubt","Defend_G"],"score":1224,"play_id":"82e3d202-e5e4-481a-ae65-71c80fa2fd09","local_time":"20210224001517","is_ascension_mode":true,"campfire_choices":[{"floor":6.0,"key":"REST"},{"data":"Neutralize","floor":8.0,"key":"SMITH"},{"floor":15.0,"key":"REST"},{"data":"Blade Dance","floor":23.0,"key":"SMITH"},{"floor":28.0,"key":"REST"},{"data":"Die Die Die","floor":30.0,"key":"SMITH"},{"data":"Accuracy","floor":35.0,"key":"SMITH"},{"floor":44.0,"key":"REST"},{"floor":48.0,"key":"REST"},{"floor":50.0,"key":"REST"},{"floor":52.0,"key":"REST"}],"circlet_count":0,"master_deck":["AscendersBane","Strike_G+1","Defend_G","Defend_G","Defend_G","Survivor","Neutralize+1","Blade Dance+1","Finisher+1","Blade Dance+1","Die Die Die+1","Heel Hook+1","Blade Dance+1","Accuracy+1","PiercingWail+1","Venomology+1","Backflip+1","Accuracy+1","Acrobatics+1"],"relics":["Ring of the Snake","Ornamental Fan","Molten Egg 2","Calipers","Tiny Chest","Bronze Scales","Toxic Egg 2","Nloth\u0027s Gift","Oddly Smooth Stone","MerchantsRug","Black Star","Boot","Pen Nib","Art of War","Orichalcum","Regal Pillow","Du-Vu Doll","Toy Ornithopter","Turnip"],"acts_visited":["Exordium","TheCity","TheBeyond"],"potions_floor_usage":[53,53,53],"damage_taken":[{"damage":4.0,"enemies":"Small Slimes","floor":1.0,"turns":5.0},{"damage":0.0,"enemies":"Jaw Worm","floor":4.0,"turns":4.0},{"damage":25.0,"enemies":"3 Sentries","floor":11.0,"turns":10.0},{"damage":0.0,"enemies":"Cultist","floor":12.0,"turns":1.0},{"damage":3.0,"enemies":"Hexaghost","floor":16.0,"turns":8.0},{"damage":19.0,"enemies":"Spheric Guardian","floor":18.0,"turns":4.0},{"damage":0.0,"enemies":"Chosen","floor":22.0,"turns":3.0},{"damage":2.0,"enemies":"Book of Stabbing","floor":24.0,"turns":3.0},{"damage":10.0,"enemies":"Sentry and Sphere","floor":31.0,"turns":4.0},{"damage":0.0,"enemies":"Gremlin Leader","floor":32.0,"turns":5.0},{"damage":0.0,"enemies":"Centurion and Healer","floor":34.0,"turns":4.0},{"damage":12.0,"enemies":"Automaton","floor":36.0,"turns":5.0},{"damage":4.0,"enemies":"3 Darklings","floor":38.0,"turns":5.0},{"damage":1.0,"enemies":"3 Shapes","floor":39.0,"turns":1.0},{"damage":13.0,"enemies":"3 Darklings","floor":42.0,"turns":4.0},{"damage":48.0,"enemies":"Reptomancer","floor":43.0,"turns":5.0},{"damage":5.0,"enemies":"Nemesis","floor":45.0,"turns":4.0},{"damage":0.0,"enemies":"Jaw Worm Horde","floor":49.0,"turns":2.0},{"damage":11.0,"enemies":"Reptomancer","floor":51.0,"turns":3.0},{"damage":102,"enemies":"Time Eater","floor":53,"turns":10}],"seed_played":"-3324197411453066579","potions_obtained":[{"floor":11.0,"key":"Swift Potion"},{"floor":12.0,"key":"Explosive Potion"},{"floor":14.0,"key":"GhostInAJar"},{"floor":14.0,"key":"SteroidPotion"},{"floor":16.0,"key":"Ancient Potion"},{"floor":22.0,"key":"CunningPotion"},{"floor":31.0,"key":"Strength Potion"},{"floor":34.0,"key":"FearPotion"},{"floor":36.0,"key":"SkillPotion"},{"floor":43.0,"key":"Energy Potion"},{"floor":49.0,"key":"ColorlessPotion"},{"floor":51.0,"key":"LiquidBronze"}],"is_trial":false,"path_per_floor":["M","?","?","M","$","R","?","R","T","$","E","M","$","?","R","B",null,"M","T","?","?","M","R","E","?","T","T","R","?","R","M","E","$","M","R","B",null,"M","M","?","T","M","E","R","E","T","?","R","M","R","E","R","B"],"character_chosen":"THE_SILENT","items_purchased":["Snake Skull","Blade Dance","MerchantsRug","Accuracy"],"campfire_rested":7,"item_purchase_floors":[10,13,33,33],"current_hp_per_floor":[40,40,20,20,20,39,39,39,39,39,14,14,14,14,33,30,57,38,38,38,38,38,38,36,18,18,28,52,52,52,42,42,42,42,42,30,68,64,63,63,63,50,2,26,21,21,21,60,60,81,70,81,0,0],"gold":385,"neow_bonus":"REMOVE_TWO","is_daily":false,"chose_seed":false,"campfire_upgraded":4,"win_rate":0.0,"timestamp":1614096917,"path_taken":["M","?","?","M","$","R","?","R","T","$","E","?","?","?","R","BOSS","M","?","?","?","M","R","E","?","?","T","R","?","R","?","E","$","M","R","BOSS","M","M","?","?","M","E","R","E","T","?","R","M","R","E","R","BOSS"],"items_purchased_type":["Relic","Card","Relic","Card"],"build_version":"2020-12-22","purchased_purges":2,"victory":false,"max_hp_per_floor":[66,66,66,66,66,66,66,66,66,66,66,66,66,66,66,66,66,66,66,66,66,66,66,66,71,71,81,81,81,81,81,81,81,81,81,81,81,81,81,81,81,81,81,81,81,81,81,81,81,81,81,81,81,81],"card_choices":[{"not_picked":["Deflect","Heel Hook"],"picked":"Blade Dance","floor":1.0},{"not_picked":["Leg Sweep","Finisher","Underhanded Strike"],"picked":"SKIP","floor":4.0},{"not_picked":["Riddle With Holes","Bullet Time"],"picked":"Finisher","floor":11.0},{"not_picked":["Reflex","Flying Knee"],"picked":"Endless Agony","floor":12.0},{"not_picked":["Corpse Explosion","Grand Finale"],"picked":"Die Die Die","floor":16.0},{"not_picked":["Poisoned Stab+1","Dagger Throw+1"],"picked":"Heel Hook+1","floor":18.0},{"not_picked":["Endless Agony+1","Deadly Poison+1","Leg Sweep"],"picked":"SKIP","floor":22.0},{"not_picked":["Quick Slash+1","Concentrate","Dagger Spray+1"],"picked":"SKIP","floor":24.0},{"not_picked":["Corpse Explosion+1","Endless Agony+1","Dagger Throw+1"],"picked":"SKIP","floor":31.0},{"not_picked":["Footwork","Infinite Blades"],"picked":"Blade Dance+1","floor":32.0},{"not_picked":["Endless Agony+1","Eviscerate+1"],"picked":"PiercingWail+1","floor":34.0},{"not_picked":["Storm of Steel+1","Unload+1"],"picked":"Venomology+1","floor":36.0},{"not_picked":["Well Laid Plans+1","Endless Agony+1","Caltrops+1"],"picked":"SKIP","floor":38.0},{"not_picked":["Dagger Spray+1","Heel Hook+1","Catalyst+1"],"picked":"SKIP","floor":39.0},{"not_picked":["Caltrops","PiercingWail+1"],"picked":"Backflip+1","floor":42.0},{"not_picked":["Envenom","Dash+1"],"picked":"Accuracy+1","floor":43.0},{"not_picked":["Dodge and Roll+1","Flechettes+1","Envenom"],"picked":"SKIP","floor":45.0},{"not_picked":["Endless Agony+1","Cloak And Dagger+1"],"picked":"Acrobatics+1","floor":49.0},{"not_picked":["Expertise+1","Caltrops","Flying Knee+1"],"picked":"SKIP","floor":51.0}],"player_experience":577967,"relics_obtained":[{"floor":9.0,"key":"Ornamental Fan"},{"floor":11.0,"key":"Whetstone"},{"floor":17.0,"key":"MawBank"},{"floor":17.0,"key":"Molten Egg 2"},{"floor":17.0,"key":"Calipers"},{"floor":19.0,"key":"Tiny Chest"},{"floor":24.0,"key":"Bronze Scales"},{"floor":26.0,"key":"Toxic Egg 2"},{"floor":27.0,"key":"Pear"},{"floor":32.0,"key":"Oddly Smooth Stone"},{"floor":41.0,"key":"Boot"},{"floor":43.0,"key":"Pen Nib"},{"floor":43.0,"key":"Art of War"},{"floor":45.0,"key":"Orichalcum"},{"floor":45.0,"key":"Regal Pillow"},{"floor":46.0,"key":"Du-Vu Doll"},{"floor":51.0,"key":"Toy Ornithopter"},{"floor":51.0,"key":"Turnip"}],"event_choices":[{"cards_removed":["Strike_G"],"damage_healed":0.0,"max_hp_gain":0.0,"max_hp_loss":0.0,"gold_gain":0.0,"event_name":"The Cleric","player_choice":"Card Removal","floor":2.0,"gold_loss":75.0,"damage_taken":0.0},{"damage_healed":0.0,"max_hp_gain":0.0,"max_hp_loss":0.0,"gold_gain":0.0,"event_name":"Shining Light","player_choice":"Entered Light","floor":3.0,"gold_loss":0.0,"damage_taken":20.0,"cards_upgraded":["Strike_G","Blade Dance"]},{"damage_healed":0.0,"max_hp_gain":0.0,"max_hp_loss":0.0,"gold_gain":150.0,"event_name":"Liars Game","player_choice":"AGREE","floor":7.0,"gold_loss":0.0,"damage_taken":0.0,"cards_obtained":["Doubt"]},{"damage_healed":0.0,"max_hp_gain":0.0,"max_hp_loss":0.0,"gold_gain":0.0,"event_name":"Lab","player_choice":"Got Potions","floor":14.0,"gold_loss":0.0,"damage_taken":0.0},{"cards_removed":["Strike_G"],"damage_healed":0.0,"max_hp_gain":0.0,"max_hp_loss":0.0,"gold_gain":0.0,"event_name":"Back to Basics","player_choice":"Elegance","floor":20.0,"gold_loss":0.0,"damage_taken":0.0},{"damage_healed":0.0,"max_hp_gain":0.0,"max_hp_loss":0.0,"gold_gain":0.0,"event_name":"Vampires","player_choice":"Ignored","floor":21.0,"gold_loss":0.0,"damage_taken":0.0},{"damage_healed":0.0,"max_hp_gain":5.0,"max_hp_loss":0.0,"gold_gain":0.0,"event_name":"Forgotten Altar","player_choice":"Shed Blood","floor":25.0,"gold_loss":0.0,"damage_taken":23.0},{"damage_healed":0.0,"max_hp_gain":0.0,"max_hp_loss":0.0,"gold_gain":0.0,"event_name":"N\u0027loth","player_choice":"Traded Relic","floor":29.0,"relics_lost":["MawBank"],"gold_loss":0.0,"damage_taken":0.0,"relics_obtained":["Nloth\u0027s Gift"]},{"cards_removed":["Endless Agony"],"damage_healed":0.0,"max_hp_gain":0.0,"max_hp_loss":0.0,"gold_gain":0.0,"event_name":"Falling","player_choice":"Removed Attack","floor":40.0,"gold_loss":0.0,"damage_taken":0.0},{"cards_removed":["Strike_G"],"damage_healed":0.0,"max_hp_gain":0.0,"max_hp_loss":0.0,"gold_gain":0.0,"event_name":"Purifier","player_choice":"Purged","floor":47.0,"gold_loss":0.0,"damage_taken":0.0}],"is_beta":false,"boss_relics":[{"not_picked":["Philosopher\u0027s Stone","Snecko Eye"],"picked":"Calling Bell"},{"not_picked":["Coffee Dripper","SacredBark"],"picked":"Black Star"}],"items_purged_floors":[10,33],"is_endless":false,"potions_floor_spawned":[11,12,16,22,31,34,36,39,43,49,51],"killed_by":"Time Eater","ascension_level":19}}