{"host":"3c8x8j1h2jyrixpf","time":1614098827,"event":{"mods":["BaseMod","Colored Powertips","Highlight Path","Minty Spire (QoL Compilation)","StSLib"],"gold_per_floor":[19,19,19,40,60,60,95,119,145,145,20,63,63,106,106,106,106],"floor_reached":16,"language":"ENG","playtime":633,"items_purged":["Strike_G"],"score":201,"play_id":"5bfc3ef2-cf6e-440d-adfb-a50b6861209c","local_time":"20210223104707","is_ascension_mode":true,"campfire_choices":[{"data":"Footwork","floor":6,"key":"SMITH"},{"floor":13,"key":"REST"},{"data":"Blade Dance","floor":15,"key":"SMITH"}],"circlet_count":0,"master_deck":["AscendersBane","Strike_G","Strike_G","Defend_G","Defend_G","Defend_G","Defend_G","Defend_G","Survivor","Neutralize","Corpse Explosion","Footwork+1","Masterful Stab","Blade Dance+1","Burst","Blade Dance","Setup","Bane","Bane","Blur"],"relics":["Ring of the Snake","Golden Idol","Toy Ornithopter","Tiny Chest","Ancient Tea Set","Akabeko"],"acts_visited":["Exordium"],"potions_floor_usage":[12,14],"damage_taken":[{"damage":1,"enemies":"Jaw Worm","floor":1,"turns":5},{"damage":0,"enemies":"2 Louse","floor":4,"turns":4},{"damage":0,"enemies":"Cultist","floor":5,"turns":3},{"damage":24,"enemies":"Lagavulin","floor":7,"turns":9},{"damage":3,"enemies":"Looter","floor":8,"turns":4},{"damage":24,"enemies":"3 Sentries","floor":12,"turns":7},{"damage":2,"enemies":"Lagavulin","floor":14,"turns":9},{"damage":35,"enemies":"Hexaghost","floor":16,"turns":12}],"seed_played":"221579866875224663","potions_obtained":[{"floor":4,"key":"SmokeBomb"},{"floor":5,"key":"Swift Potion"},{"floor":7,"key":"DuplicationPotion"},{"floor":8,"key":"EssenceOfSteel"}],"is_trial":false,"path_per_floor":["M","?","?","M","M","R","E","M","T","?","$","E","R","E","R","B"],"character_chosen":"THE_SILENT","items_purchased":["Bane"],"campfire_rested":1,"item_purchase_floors":[11],"current_hp_per_floor":[58,58,58,58,58,58,34,31,31,31,31,12,30,33,33,0,0],"gold":106,"neow_bonus":"THREE_RARE_CARDS","is_daily":false,"chose_seed":false,"campfire_upgraded":2,"win_rate":0.0,"timestamp":1614098827,"path_taken":["M","?","?","M","?","R","E","M","T","?","?","E","R","E","R","BOSS"],"items_purchased_type":["Card"],"build_version":"2020-12-22","purchased_purges":1,"victory":false,"max_hp_per_floor":[66,61,61,61,61,61,61,61,61,61,61,61,61,61,61,61,61],"card_choices":[{"not_picked":["A Thousand Cuts","Storm of Steel"],"picked":"Corpse Explosion","floor":0},{"not_picked":["Flying Knee","Outmaneuver"],"picked":"Footwork","floor":1},{"not_picked":["Expertise","Poisoned Stab"],"picked":"Masterful Stab","floor":4},{"not_picked":["Sucker Punch","Bane"],"picked":"Blade Dance","floor":5},{"not_picked":["Acrobatics","Cloak And Dagger"],"picked":"Burst","floor":7},{"not_picked":["Quick Slash","Dagger Spray"],"picked":"Blade Dance","floor":8},{"not_picked":["Flying Knee","Dodge and Roll"],"picked":"Bane","floor":12},{"not_picked":["Caltrops","Eviscerate"],"picked":"Blur","floor":14}],"player_experience":299570,"relics_obtained":[{"floor":7,"key":"Toy Ornithopter"},{"floor":9,"key":"Tiny Chest"},{"floor":12,"key":"Ancient Tea Set"},{"floor":14,"key":"Akabeko"}],"event_choices":[{"damage_healed":0,"gold_gain":0,"player_choice":"Lose Max HP","damage_taken":0,"relics_obtained":["Golden Idol"],"max_hp_gain":0,"max_hp_loss":5,"event_name":"Golden Idol","floor":2,"gold_loss":0},{"cards_removed":["Strike_G"],"damage_healed":0,"gold_gain":0,"player_choice":"Purged","damage_taken":0,"max_hp_gain":0,"max_hp_loss":0,"event_name":"Purifier","floor":3,"gold_loss":0},{"damage_healed":0,"gold_gain":0,"cards_transformed":["Strike_G"],"player_choice":"Change","damage_taken":0,"max_hp_gain":0,"max_hp_loss":0,"event_name":"Living Wall","floor":10,"gold_loss":0,"cards_obtained":["Setup"]}],"is_beta":false,"boss_relics":[],"items_purged_floors":[11],"is_endless":false,"potions_floor_spawned":[4,5,7,8],"killed_by":"Hexaghost","ascension_level":14}}