{"host":"0ghi9uxs64f8c30g","time":1614111702,"event":{"mods":["BaseMod","Minty Spire (QoL Compilation)","StSLib"],"gold_per_floor":[118,43,8,26,42,74,74,107,107,134,146,146,146,146,146,250,250,269,22,28,28,28],"floor_reached":21,"language":"ENG","playtime":892,"items_purged":["Strike_R","Defend_R"],"score":266,"play_id":"b4c339be-4656-420e-8f5c-0163387f704f","local_time":"20210223212142","is_ascension_mode":true,"campfire_choices":[{"floor":7,"key":"REST"},{"data":"Rampage","floor":12,"key":"SMITH"},{"floor":15,"key":"REST"}],"circlet_count":0,"master_deck":["Strike_R+1","Defend_R+1","Defend_R+1","Defend_R","Bash","Barricade","Flame Barrier","Rampage+1","Pommel Strike","Iron Wave","Cleave+1","Twin Strike+1","Shockwave","Demon Form","Havoc+1","Second Wind+1","True Grit+1","Battle Trance","Ghostly Armor"],"relics":["Burning Blood","Bottled Flame","Eternal Feather","Molten Egg 2","Turnip","Omamori","Astrolabe","Whetstone"],"acts_visited":["Exordium","TheCity"],"potions_floor_usage":[10,16,16,21],"damage_taken":[{"damage":10,"enemies":"2 Louse","floor":1,"turns":3},{"damage":0,"enemies":"Small Slimes","floor":4,"turns":5},{"damage":6,"enemies":"Jaw Worm","floor":5,"turns":4},{"damage":35,"enemies":"3 Sentries","floor":6,"turns":10},{"damage":17,"enemies":"Gremlin Nob","floor":8,"turns":4},{"damage":20,"enemies":"3 Sentries","floor":10,"turns":6},{"damage":5,"enemies":"Gremlin Gang","floor":11,"turns":5},{"damage":28,"enemies":"Slime Boss","floor":16,"turns":10},{"damage":36,"enemies":"Spheric Guardian","floor":18,"turns":7},{"damage":24,"enemies":"2 Thieves","floor":20,"turns":4},{"damage":22,"enemies":"Sentry and Sphere","floor":21,"turns":3}],"seed_played":"-1428839898884956454","potions_obtained":[{"floor":4,"key":"Energy Potion"},{"floor":6,"key":"SpeedPotion"},{"floor":8,"key":"PowerPotion"},{"floor":16,"key":"AttackPotion"}],"is_trial":false,"path_per_floor":["M","$","?","M","M","E","R","E","T","E","M","R","?","?","R","B",null,"M","$","M","M"],"character_chosen":"IRONCLAD","items_purchased":["Whetstone"],"campfire_rested":2,"item_purchase_floors":[19],"current_hp_per_floor":[68,68,72,72,72,43,64,53,53,39,40,49,35,17,47,25,60,30,30,12,0,0],"gold":28,"neow_bonus":"THREE_RARE_CARDS","is_daily":false,"chose_seed":false,"campfire_upgraded":1,"win_rate":0.0,"timestamp":1614111702,"path_taken":["M","$","?","M","M","E","R","E","T","E","M","R","?","?","R","BOSS","M","$","M","M"],"items_purchased_type":["Relic"],"build_version":"2020-12-22","purchased_purges":2,"victory":false,"max_hp_per_floor":[72,72,72,72,72,72,72,72,72,72,72,72,72,72,72,72,72,72,72,72,72,72],"card_choices":[{"not_picked":["Double Tap","Impervious"],"picked":"Barricade","floor":0},{"not_picked":["Clothesline","Inflame"],"picked":"Flame Barrier","floor":1},{"not_picked":["Rage","Burning Pact"],"picked":"Rampage","floor":4},{"not_picked":["Dual Wield","Clash"],"picked":"Pommel Strike","floor":5},{"not_picked":["Shrug It Off","Clothesline"],"picked":"Iron Wave","floor":6},{"not_picked":["Headbutt","Feed"],"picked":"Cleave","floor":8},{"not_picked":["Shockwave","Entrench"],"picked":"Twin Strike+1","floor":10},{"not_picked":["Headbutt+1","Infernal Blade"],"picked":"Shockwave","floor":11},{"not_picked":["Offering","Impervious"],"picked":"Demon Form","floor":16},{"not_picked":["Clothesline+1","Armaments"],"picked":"Battle Trance","floor":18},{"not_picked":["Anger+1","Wild Strike+1"],"picked":"Ghostly Armor","floor":20}],"player_experience":215844,"relics_obtained":[{"floor":6,"key":"Bottled Flame"},{"floor":8,"key":"Eternal Feather"},{"floor":9,"key":"Molten Egg 2"},{"floor":10,"key":"Turnip"}],"event_choices":[{"damage_healed":18,"gold_gain":0,"player_choice":"Healed","damage_taken":0,"max_hp_gain":0,"max_hp_loss":0,"event_name":"The Cleric","floor":3,"gold_loss":35},{"damage_healed":0,"gold_gain":0,"player_choice":"Entered Light","damage_taken":14,"max_hp_gain":0,"max_hp_loss":0,"event_name":"Shining Light","floor":13,"gold_loss":0,"cards_upgraded":["Defend_R","Defend_R"]},{"damage_healed":0,"gold_gain":0,"player_choice":"Success","damage_taken":18,"relics_obtained":["Omamori"],"max_hp_gain":0,"max_hp_loss":0,"event_name":"Scrap Ooze","floor":14,"gold_loss":0}],"is_beta":false,"boss_relics":[{"not_picked":["Runic Dome","Runic Pyramid"],"picked":"Astrolabe"}],"items_purged_floors":[2,19],"is_endless":false,"potions_floor_spawned":[4,6,8,16],"killed_by":"Sentry and Sphere","ascension_level":7}}