{"host":"qp7xs8nuzfsyommi","time":1614118152,"event":{"mods":["2.2 Compatiblity","BaseMod","Colored Powertips","DeckTracker","Highlight Path","Minty Spire (QoL Compilation)","Permanent Neow","Quick Restart","StSLib","Weighted Paths"],"gold_per_floor":[415,33,45,62,39,39,66,86,138,138,138,188,208,252,252,252,252],"floor_reached":16,"language":"ENG","playtime":656,"items_purged":[],"score":224,"play_id":"5c3fb4f0-cc23-442a-bc48-4503e78eb165","local_time":"20210223170912","is_ascension_mode":true,"campfire_choices":[{"floor":6,"key":"REST"},{"data":"Buffer","floor":15,"key":"SMITH"}],"circlet_count":0,"master_deck":["AscendersBane","Strike_B","Strike_B","Strike_B","Strike_B","Defend_B","Defend_B","Defend_B","Defend_B","Zap","Dualcast","Genetic Algorithm","Bandage Up","Chill","Loop","FTL","Go for the Eyes","Barrage","Buffer+1","Barrage"],"relics":["Cracked Core","Old Coin","Shuriken","Boot","Bronze Scales","Golden Idol","Darkstone Periapt"],"acts_visited":["Exordium"],"potions_floor_usage":[5,16],"damage_taken":[{"damage":7,"enemies":"Jaw Worm","floor":1,"turns":3},{"damage":7,"enemies":"2 Louse","floor":3,"turns":2},{"damage":2,"enemies":"Small Slimes","floor":4,"turns":4},{"damage":20,"enemies":"Exordium Thugs","floor":5,"turns":5},{"damage":23,"enemies":"3 Sentries","floor":7,"turns":13},{"damage":6,"enemies":"Looter","floor":8,"turns":3},{"damage":10,"enemies":"Exordium Wildlife","floor":13,"turns":4},{"damage":52,"enemies":"Gremlin Nob","floor":14,"turns":5},{"damage":23,"enemies":"Slime Boss","floor":16,"turns":3}],"seed_played":"6972903185987705727","potions_obtained":[{"floor":3,"key":"Explosive Potion"},{"floor":8,"key":"FairyPotion"},{"floor":13,"key":"PotionOfCapacity"}],"is_trial":false,"path_per_floor":["M","$","M","M","M","R","E","M","T","?","?","?","M","E","R","B"],"character_chosen":"DEFECT","items_purchased":["Shuriken","Bandage Up"],"campfire_rested":1,"item_purchase_floors":[2,2],"current_hp_per_floor":[57,57,50,52,36,57,38,36,36,36,36,36,30,19,19,0,0],"gold":252,"neow_bonus":"ONE_RARE_RELIC","is_daily":false,"chose_seed":false,"campfire_upgraded":1,"win_rate":0.0,"timestamp":1614118152,"path_taken":["M","$","M","M","M","R","E","M","T","?","?","?","M","E","R","BOSS"],"items_purchased_type":["Relic","Card"],"build_version":"2020-12-22","purchased_purges":0,"victory":false,"max_hp_per_floor":[71,71,71,71,71,71,71,71,71,71,64,64,64,64,64,64,64],"card_choices":[{"not_picked":["Stack","Ball Lightning"],"picked":"Genetic Algorithm","floor":1},{"not_picked":["Recycle","Streamline"],"picked":"Chill","floor":3},{"not_picked":["Cold Snap","Leap"],"picked":"Loop","floor":4},{"not_picked":["Rebound","Conserve Battery"],"picked":"FTL","floor":5},{"not_picked":["Redo","Ball Lightning"],"picked":"Go for the Eyes","floor":7},{"not_picked":["Static Discharge","Recycle"],"picked":"Barrage","floor":8},{"not_picked":["Stack","Redo"],"picked":"Buffer","floor":13},{"not_picked":["Compile Driver","Auto Shields"],"picked":"Barrage","floor":14}],"player_experience":1488062,"relics_obtained":[{"floor":7,"key":"Boot"},{"floor":9,"key":"Bronze Scales"},{"floor":14,"key":"Darkstone Periapt"}],"event_choices":[{"cards_removed":["Doubt"],"damage_healed":0,"gold_gain":0,"player_choice":"Forget","damage_taken":0,"max_hp_gain":0,"max_hp_loss":0,"event_name":"Living Wall","floor":10,"gold_loss":0},{"damage_healed":0,"gold_gain":0,"player_choice":"Lose Max HP","damage_taken":0,"relics_obtained":["Golden Idol"],"max_hp_gain":0,"max_hp_loss":7,"event_name":"Golden Idol","floor":11,"gold_loss":0},{"damage_healed":0,"gold_gain":50,"player_choice":"Pray","damage_taken":0,"max_hp_gain":0,"max_hp_loss":0,"event_name":"Golden Shrine","floor":12,"gold_loss":0}],"is_beta":false,"boss_relics":[],"items_purged_floors":[],"is_endless":false,"potions_floor_spawned":[3,8,13],"killed_by":"Slime Boss","ascension_level":20}}