{"host":"syfsfjmzue8y1a6l","time":1614063787,"event":{"mods":["AchievementEnabler","BaseMod","Colored Map","DeckTracker","Minty Spire (QoL Compilation)","Permanent Neow","SuperFastMode"],"gold_per_floor":[110,128,146,3,21,21,38,63,87,97,121,121,138,169,181,295,307,339,15,27,27,126,159,159,177,177,177,194,226,243,275,275,378,378,392,198,198,214,75,75,102,117,117,143,163,181,181,199,199,199,199],"floor_reached":50,"language":"KOR","playtime":3436,"items_purged":["Defend_P","Strike_P","Defend_P"],"score":601,"play_id":"119d09bc-6867-418c-8816-6b04bf071ec5","local_time":"20210223160307","is_ascension_mode":false,"campfire_choices":[{"data":"White Noise","floor":6.0,"key":"SMITH"},{"data":"Burning Pact","floor":15.0,"key":"SMITH"},{"data":"Scrawl","floor":24.0,"key":"SMITH"},{"data":"Seek","floor":27.0,"key":"SMITH"},{"data":"Pommel Strike","floor":32.0,"key":"SMITH"},{"floor":40.0,"key":"RECALL"},{"data":"Terror","floor":47,"key":"SMITH"},{"data":"Blur","floor":49,"key":"SMITH"}],"circlet_count":0,"master_deck":["Strike_P","Strike_P","Strike_P","Defend_P","Defend_P","Eruption+1","Vigilance+1","Perseverance+1","White Noise+1","FlurryOfBlows","Burning Pact+1","Seek+1","Self Repair","CrushJoints+1","Scrawl+1","Pommel Strike+1","DeceiveReality","FTL+1","The Bomb","Blur+1","CutThroughFate+1","SignatureMove+1","Terror+1","Flash of Steel+1"],"relics":["PureWater","PrismaticShard","CaptainsWheel","Odd Mushroom","MawBank","Coffee Dripper","Letter Opener","War Paint","Molten Egg 2","Akabeko","GoldenEye","Membership Card","Anchor","Orichalcum","Sundial","Pen Nib"],"acts_visited":["Exordium","TheCity","TheBeyond"],"potions_floor_usage":[50],"damage_taken":[{"damage":0.0,"enemies":"Cultist","floor":1.0,"turns":2.0},{"damage":0.0,"enemies":"Jaw Worm","floor":2.0,"turns":4.0},{"damage":0.0,"enemies":"Small Slimes","floor":3.0,"turns":2.0},{"damage":7.0,"enemies":"2 Fungi Beasts","floor":5.0,"turns":5.0},{"damage":0.0,"enemies":"Looter","floor":7.0,"turns":5.0},{"damage":16.0,"enemies":"Gremlin Nob","floor":8.0,"turns":4.0},{"damage":1.0,"enemies":"Large Slime","floor":10.0,"turns":5.0},{"damage":14.0,"enemies":"The Mushroom Lair","floor":11.0,"turns":5.0},{"damage":11.0,"enemies":"Gremlin Gang","floor":13.0,"turns":5.0},{"damage":7.0,"enemies":"3 Sentries","floor":14.0,"turns":7.0},{"damage":13.0,"enemies":"Hexaghost","floor":16.0,"turns":6.0},{"damage":0.0,"enemies":"Chosen","floor":18.0,"turns":5.0},{"damage":0.0,"enemies":"Spheric Guardian","floor":20.0,"turns":3.0},{"damage":20.0,"enemies":"Slavers","floor":23.0,"turns":7.0},{"damage":5.0,"enemies":"Shelled Parasite and Fungi","floor":25.0,"turns":3.0},{"damage":0.0,"enemies":"Snecko","floor":28.0,"turns":5.0},{"damage":8.0,"enemies":"Gremlin Leader","floor":29.0,"turns":8.0},{"damage":5.0,"enemies":"Snake Plant","floor":30.0,"turns":3.0},{"damage":5.0,"enemies":"Book of Stabbing","floor":31.0,"turns":4.0},{"damage":4.0,"enemies":"Champ","floor":33.0,"turns":7.0},{"damage":0.0,"enemies":"Orb Walker","floor":35.0,"turns":2.0},{"damage":0.0,"enemies":"3 Shapes","floor":38.0,"turns":2.0},{"damage":40.0,"enemies":"Nemesis","floor":41.0,"turns":7.0},{"damage":0.0,"enemies":"3 Darklings","floor":42.0,"turns":5.0},{"damage":57.0,"enemies":"Reptomancer","floor":44.0,"turns":8.0},{"damage":0,"enemies":"Maw","floor":45,"turns":7},{"damage":8,"enemies":"4 Shapes","floor":46,"turns":3},{"damage":0,"enemies":"Spire Growth","floor":48,"turns":2},{"damage":27,"enemies":"Awakened One","floor":50,"turns":6}],"seed_played":"-2803921017014294538","potions_obtained":[{"floor":2.0,"key":"Regen Potion"},{"floor":7.0,"key":"Fire Potion"},{"floor":11.0,"key":"DistilledChaos"},{"floor":14.0,"key":"Strength Potion"},{"floor":16.0,"key":"SpeedPotion"},{"floor":20.0,"key":"StancePotion"},{"floor":29.0,"key":"Swift Potion"},{"floor":33.0,"key":"Block Potion"},{"floor":35.0,"key":"SpeedPotion"},{"floor":38.0,"key":"GamblersBrew"},{"floor":46,"key":"GamblersBrew"},{"floor":48,"key":"Swift Potion"}],"is_trial":false,"path_per_floor":["M","M","M","$","M","R","M","E","T","M","?","?","M","E","R","B",null,"M","$","M","?","?","E","R","M","T","R","M","E","M","E","R","B",null,"M","$","?","M","$","R","E","M","T","E","M","M","R","M","R","B"],"character_chosen":"WATCHER","items_purchased":["PrismaticShard","Letter Opener","Membership Card","Anchor"],"campfire_rested":0,"item_purchase_floors":[4,19,36,39],"current_hp_per_floor":[65,65,65,65,58,58,58,54,54,53,39,39,28,21,21,8,86,86,86,86,86,86,66,66,68,68,68,75,74,69,64,64,67,86,86,86,86,86,86,86,53,60,60,3,10,2,2,2,2,0,0],"gold":199,"neow_bonus":"TWENTY_PERCENT_HP_BONUS","is_daily":false,"chose_seed":false,"campfire_upgraded":7,"win_rate":0.0,"timestamp":1614063787,"path_taken":["M","?","M","$","M","R","M","E","T","M","?","?","M","E","R","BOSS","M","$","M","?","?","E","R","M","T","R","M","E","M","E","R","BOSS","M","$","?","M","$","R","E","M","T","E","M","?","R","M","R","BOSS"],"items_purchased_type":["Relic","Relic","Relic","Relic"],"build_version":"2020-12-22","purchased_purges":3,"victory":false,"max_hp_per_floor":[86,86,86,86,86,86,86,86,86,86,86,86,86,86,86,86,86,86,86,86,86,86,86,86,86,86,86,86,86,86,86,86,86,86,86,86,86,86,86,86,86,86,86,86,86,86,86,86,86,86,86],"card_choices":[{"not_picked":["FlyingSleeves","JustLucky","ClearTheMind"],"picked":"SKIP","floor":1.0},{"not_picked":["EmptyFist","EmptyBody"],"picked":"Perseverance","floor":2.0},{"not_picked":["ThirdEye","Halt","CrushJoints"],"picked":"SKIP","floor":3.0},{"not_picked":["Rebound","Noxious Fumes"],"picked":"White Noise","floor":5.0},{"not_picked":["SashWhip","Leg Sweep","Steam"],"picked":"SKIP","floor":7.0},{"not_picked":["JustLucky","Perseverance"],"picked":"FlurryOfBlows","floor":8.0},{"not_picked":["Evaluate","Bane","Caltrops"],"picked":"SKIP","floor":10.0},{"not_picked":["Mind Blast","Beam Cell","Clothesline"],"picked":"SKIP","floor":13.0},{"not_picked":["Chaos","Auto Shields"],"picked":"Burning Pact","floor":14.0},{"not_picked":["Impervious","Burst"],"picked":"Seek","floor":16.0},{"not_picked":["Turbo","Conserve Battery"],"picked":"Self Repair","floor":18.0},{"not_picked":["Sucker Punch","Perfected Strike"],"picked":"CrushJoints+1","floor":20.0},{"not_picked":["Poisoned Stab+1","ClearTheMind"],"picked":"Scrawl","floor":23.0},{"not_picked":["Warcry","Cloak And Dagger+1"],"picked":"Pommel Strike","floor":25.0},{"not_picked":["Cold Snap+1","Armaments"],"picked":"DeceiveReality","floor":28.0},{"not_picked":["Rainbow","Cleave+1"],"picked":"FTL+1","floor":29.0},{"not_picked":["Doom and Gloom+1","Rebound+1","Dash+1"],"picked":"SKIP","floor":30.0},{"not_picked":["Fire Breathing","Steam","Dodge and Roll"],"picked":"SKIP","floor":31.0},{"not_picked":["Establishment","Metamorphosis"],"picked":"The Bomb","floor":33.0},{"not_picked":["Dagger Throw+1","True Grit+1","Discovery"],"picked":"SKIP","floor":35.0},{"not_picked":["Reprogram+1","Headbutt+1","Reflex+1"],"picked":"SKIP","floor":38.0},{"not_picked":["Chaos","FlyingSleeves+1"],"picked":"Blur","floor":41.0},{"not_picked":["Aggregate","Stack"],"picked":"CutThroughFate+1","floor":42.0},{"not_picked":["DeceiveReality","Weave+1"],"picked":"SignatureMove+1","floor":44.0},{"not_picked":["Shrug It Off+1","FlyingSleeves+1"],"picked":"Terror","floor":45},{"not_picked":["Gash+1","Crescendo+1"],"picked":"Flash of Steel+1","floor":46},{"not_picked":["Perfected Strike+1","FollowUp+1","Coolheaded+1"],"picked":"SKIP","floor":48}],"player_experience":196780,"relics_obtained":[{"floor":8.0,"key":"CaptainsWheel"},{"floor":11.0,"key":"Odd Mushroom"},{"floor":14.0,"key":"MawBank"},{"floor":23.0,"key":"War Paint"},{"floor":26.0,"key":"Molten Egg 2"},{"floor":29.0,"key":"Akabeko"},{"floor":31.0,"key":"GoldenEye"},{"floor":41.0,"key":"Orichalcum"},{"floor":43.0,"key":"Sundial"},{"floor":44.0,"key":"Pen Nib"}],"event_choices":[{"damage_healed":0.0,"max_hp_gain":0.0,"max_hp_loss":0.0,"gold_gain":0.0,"event_name":"Mushrooms","player_choice":"Fought Mushrooms","floor":11.0,"gold_loss":0.0,"damage_taken":0.0},{"damage_healed":0.0,"max_hp_gain":0.0,"max_hp_loss":0.0,"gold_gain":0.0,"event_name":"Living Wall","player_choice":"Grow","floor":12.0,"gold_loss":0.0,"damage_taken":0.0,"cards_upgraded":["Eruption"]},{"damage_healed":0.0,"max_hp_gain":0.0,"max_hp_loss":0.0,"gold_gain":99.0,"event_name":"Nest","player_choice":"Stole From Cult","floor":22.0,"gold_loss":0.0,"damage_taken":0.0},{"damage_healed":0.0,"max_hp_gain":0.0,"max_hp_loss":0.0,"gold_gain":0.0,"event_name":"NoteForYourself","player_choice":"Ignored","floor":37.0,"gold_loss":0.0,"damage_taken":0.0}],"is_beta":false,"boss_relics":[{"not_picked":["Sozu","Black Star"],"picked":"Coffee Dripper"},{"not_picked":["Velvet Choker","Cursed Key","Runic Dome"]}],"items_purged_floors":[19,36,39],"is_endless":false,"potions_floor_spawned":[2,7,11,14,16,20,29,33,35,38,46,48],"killed_by":"Awakened One","ascension_level":0}}