{"host":"mj8akmyfd5lo602f","time":1614110490,"event":{"mods":["2.2 Compatiblity","Act Like it!","BaseMod","Bestiary","BshForSts","Colored Map","Colored Powertips","Downfall","Highlight Path","Koishi","Minty Spire (QoL Compilation)","Permanent Neow","Relic Stats","StSLib","The Marked"],"gold_per_floor":[99,117,131,147,247,266,335,235,246,281,281,292,392,181,192,292,292,292,310,325,335,346,366,391,491,526,426,426,426,461,474,493,594,594,594,614,634,634,689,689,689,724,740,247,147,160,160,176,188,188,188,223,68,68,68,68],"floor_reached":57,"language":"ENG","playtime":5445,"items_purged":["Koishi:BasicStrike","Koishi:SpiritedAway"],"score":1355,"play_id":"9a775dca-a23a-4649-959e-191adaed2e4f","local_time":"20210223200130","is_ascension_mode":false,"campfire_choices":[{"floor":1.0,"key":"RECALL"},{"data":"Koishi:PredatoryInstincts","floor":8.0,"key":"SMITH"},{"data":"Koishi:Bloodlust","floor":11.0,"key":"SMITH"},{"data":"Koishi:PerfectMindControl","floor":18.0,"key":"SMITH"},{"data":"Koishi:ImGoingToCallYouNow","floor":27.0,"key":"SMITH"},{"data":"Koishi:RoseHell","floor":35.0,"key":"SMITH"},{"data":"Koishi:HeartStoppingHorror","floor":40.0,"key":"SMITH"},{"data":"Koishi:PerfectMindControl","floor":45.0,"key":"SMITH"},{"data":"Koishi:HeartStoppingHorror","floor":54,"key":"SMITH"}],"circlet_count":0,"master_deck":["Koishi:BasicStrike","Koishi:BasicStrike","Koishi:BasicDefend","Koishi:BasicDefend","Koishi:BasicDefend","Koishi:BasicDefend","Koishi:Provoke+1","Koishi:HauntingSlash","Koishi:YoukaiPolygraph","Koishi:PredatoryInstincts+1","Koishi:StingingMind","Koishi:PhantomBarrier","Koishi:CatchAndRose","Koishi:MentalBreakdown+1","Koishi:ParalyzingFear","Koishi:TremblingHands","Koishi:PerfectMindControl+1","Koishi:RacingHeart+1","Koishi:DanmakuParanoia+1","Koishi:UnseenTerror+1","Koishi:UnseenTerror+1","Koishi:Possession+1","Koishi:BloodcurdlingScream+1","Koishi:ImGoingToCallYouNow+1","Koishi:PhantomBarrier","Koishi:EmbryosDream","Koishi:TraumaticStroke","Koishi:TremblingHands","Koishi:RoseHell+1","Koishi:UnconsciousUrges+1","Koishi:HeartStoppingHorror+1","Koishi:YoukaiPolygraph","Koishi:PerfectMindControl+1","Koishi:UnconsciousUrges","Koishi:YoukaiPolygraph+1","Koishi:MindNumbingTerror","Koishi:Catatonia","Koishi:PhantomBarrier+1","Koishi:HeartStoppingHorror+1"],"relics":["Koishi:ImaginaryFriend","Bottled Lightning","downfall:HeartBlessingRed","Smiling Mask","ClockworkSouvenir","sneckomod:SneckoTalon","Happy Flower","Prayer Wheel","Question Card","hexamod:CandleOfCauterizing","downfall:HeartBlessingGreen","Tiny Chest","Koishi:ColorfulDays","Peace Pipe","Ornamental Fan","Chemical X","Akabeko","Bottled Flame","downfall:HeartBlessingBlue","Singing Bowl","Pantograph","Bronze Scales"],"acts_visited":["Exordium","TheCity","TheBeyond","TheEnding"],"potions_floor_usage":[52,56],"damage_taken":[{"damage":1.0,"enemies":"Cultist","floor":2.0,"turns":6.0},{"damage":1.0,"enemies":"2 Louse","floor":3.0,"turns":3.0},{"damage":2.0,"enemies":"Small Slimes","floor":4.0,"turns":4.0},{"damage":11.0,"enemies":"3 Louse","floor":6.0,"turns":4.0},{"damage":7.0,"enemies":"Blue Slaver","floor":9.0,"turns":4.0},{"damage":7.0,"enemies":"Gremlin Nob","floor":10.0,"turns":5.0},{"damage":0.0,"enemies":"2 Fungi Beasts","floor":12.0,"turns":3.0},{"damage":55.0,"enemies":"downfall:Heads","floor":13.0,"turns":7.0},{"damage":5.0,"enemies":"downfall:FleeingMerchant","floor":14.0,"turns":5.0},{"damage":14.0,"enemies":"Lots of Slimes","floor":15.0,"turns":5.0},{"damage":0.0,"enemies":"WA_ARCHETYPE_RETAIN","floor":16.0,"turns":7.0},{"damage":0.0,"enemies":"Chosen","floor":19.0,"turns":5.0},{"damage":1.0,"enemies":"3 Byrds","floor":20.0,"turns":6.0},{"damage":3.0,"enemies":"Snake Plant","floor":21.0,"turns":5.0},{"damage":6.0,"enemies":"Snecko","floor":22.0,"turns":5.0},{"damage":13.0,"enemies":"Cultist and Chosen","floor":23.0,"turns":6.0},{"damage":1.0,"enemies":"Colosseum Nobs","floor":25.0,"turns":6.0},{"damage":7.0,"enemies":"Slavers","floor":26.0,"turns":4.0},{"damage":13.0,"enemies":"Gremlin Leader","floor":30.0,"turns":4.0},{"damage":0.0,"enemies":"Shelled Parasite and Fungi","floor":31.0,"turns":5.0},{"damage":9.0,"enemies":"Snake Plant","floor":32.0,"turns":3.0},{"damage":22.0,"enemies":"IC_MUSHROOM_ARCHETYPE","floor":33.0,"turns":9.0},{"damage":7.0,"enemies":"3 Darklings","floor":36.0,"turns":4.0},{"damage":12.0,"enemies":"3 Shapes","floor":37.0,"turns":7.0},{"damage":31.0,"enemies":"2 Orb Walkers","floor":39.0,"turns":4.0},{"damage":15.0,"enemies":"Reptomancer","floor":42.0,"turns":5.0},{"damage":7.0,"enemies":"Transient","floor":43.0,"turns":5.0},{"damage":0.0,"enemies":"downfall:FleeingMerchant","floor":44.0,"turns":5.0},{"damage":0.0,"enemies":"Maw","floor":46.0,"turns":6.0},{"damage":48.0,"enemies":"Writhing Mass","floor":48.0,"turns":6.0},{"damage":3.0,"enemies":"Sphere and 2 Shapes","floor":49.0,"turns":4.0},{"damage":26.0,"enemies":"SI_POISON_ARCHETYPE","floor":50.0,"turns":10.0},{"damage":0,"enemies":"downfall:CharBossMerchant","floor":52,"turns":7},{"damage":10,"enemies":"downfall:NeowBoss","floor":55,"turns":17},{"damage":112,"enemies":"downfall:NeowBossFinal","floor":56,"turns":11}],"seed_played":"-7661917770604027580","potions_obtained":[{"floor":2.0,"key":"ColorlessPotion"},{"floor":3.0,"key":"FairyPotion"},{"floor":9.0,"key":"DistilledChaos"},{"floor":16.0,"key":"DuplicationPotion"},{"floor":19.0,"key":"AttackPotion"},{"floor":26.0,"key":"SpeedPotion"},{"floor":30.0,"key":"Strength Potion"},{"floor":31.0,"key":"LiquidMemories"},{"floor":37.0,"key":"hexamod:SoulburnPotion"},{"floor":42.0,"key":"DistilledChaos"},{"floor":43.0,"key":"champ:CounterPotion"},{"floor":52,"key":"hexamod:SoulburnPotion"}],"is_trial":false,"path_per_floor":["R","M","M","M","?","M","T","R","M","E","R","M","?","$","M","B",null,"R","M","M","M","M","M","T","?","E","R","?","?","E","M","M","B",null,"R","M","M","?","?","R","T","E","M","$","R","M","T","M","M","B",null,"E","$","R","B","B",null],"character_chosen":"KOISHI","items_purchased":["ClockworkSouvenir","GamblersBrew","Chemical X","Koishi:UnconsciousUrges","Akabeko","Bottled Flame","Swift Potion","Bronze Scales"],"campfire_rested":0,"item_purchase_floors":[14,44,44,44,44,44,44,53],"current_hp_per_floor":[60,60,60,59,59,49,49,49,50,58,58,59,23,18,35,50,60,60,60,60,60,60,60,60,60,60,60,50,50,46,64,65,65,65,65,62,65,65,41,41,41,54,65,65,75,75,75,43,75,71,79,79,79,79,79,48],"gold":68,"neow_bonus":"UPGRADE_CARD","is_daily":false,"chose_seed":false,"campfire_upgraded":8,"win_rate":0.0,"timestamp":1614110490,"path_taken":["R","M","?","M","?","M","T","R","M","E","R","M","?","$","M","BOSS","R","M","M","M","M","M","T","?","E","R","?","?","E","M","M","BOSS","R","M","?","?","?","R","T","E","M","$","R","M","?","?","M","BOSS","E","$","R","BOSS","BOSS"],"items_purchased_type":["Relic","Potion","Relic","Card","Relic","Relic","Potion","Relic"],"build_version":"2020-12-22","purchased_purges":2,"victory":true,"max_hp_per_floor":[60,60,60,60,60,60,60,60,60,60,60,60,60,60,60,60,60,60,60,60,60,60,60,60,60,60,60,65,65,65,65,65,65,65,65,65,65,65,65,65,65,65,65,65,75,75,75,77,79,79,79,79,79,79,79,79],"relic_stats":{"Happy Flower":[40],"Singing Bowl":4,"counters":[35,202],"Smiling Mask":75,"Question Card":27,"Peace Pipe":0,"Ornamental Fan":[56],"Pantograph":0,"Bronze Scales":[55],"Prayer Wheel":10,"Tiny Chest":1,"Chemical X":[7],"obtain_stats":[{"hexamod:CandleOfCauterizing":26,"downfall:HeartBlessingRed":8,"Happy Flower":24,"Singing Bowl":47,"downfall:HeartBlessingGreen":27,"Smiling Mask":10,"sneckomod:SneckoTalon":17,"Question Card":25,"Akabeko":44,"ClockworkSouvenir":14,"Koishi:ColorfulDays":34,"Peace Pipe":39,"Bottled Flame":44,"Ornamental Fan":42,"downfall:HeartBlessingBlue":45,"Pantograph":52,"Bronze Scales":53,"Prayer Wheel":25,"Tiny Chest":30,"Bottled Lightning":7,"Chemical X":44,"Koishi:ImaginaryFriend":0},{"hexamod:CandleOfCauterizing":18,"downfall:HeartBlessingRed":4,"Happy Flower":16,"Singing Bowl":29,"downfall:HeartBlessingGreen":18,"Smiling Mask":6,"sneckomod:SneckoTalon":11,"Question Card":17,"Akabeko":28,"ClockworkSouvenir":9,"Koishi:ColorfulDays":22,"Peace Pipe":25,"Bottled Flame":28,"Ornamental Fan":26,"downfall:HeartBlessingBlue":28,"Pantograph":33,"Bronze Scales":33,"Prayer Wheel":17,"Tiny Chest":19,"Bottled Lightning":4,"Chemical X":28,"Koishi:ImaginaryFriend":0},{"hexamod:CandleOfCauterizing":90,"downfall:HeartBlessingRed":17,"Happy Flower":80,"Singing Bowl":147,"downfall:HeartBlessingGreen":90,"Smiling Mask":26,"sneckomod:SneckoTalon":53,"Question Card":86,"Akabeko":141,"ClockworkSouvenir":41,"Koishi:ColorfulDays":111,"Peace Pipe":126,"Bottled Flame":141,"Ornamental Fan":131,"downfall:HeartBlessingBlue":141,"Pantograph":174,"Bronze Scales":174,"Prayer Wheel":86,"Tiny Chest":94,"Bottled Lightning":17,"Chemical X":141,"Koishi:ImaginaryFriend":0}]},"card_choices":[{"not_picked":["Koishi:JumpScare","Koishi:PhantomBarrier"],"picked":"Koishi:Bloodlust","floor":2.0},{"not_picked":["Koishi:SubterraneanRose","Koishi:Jaunt"],"picked":"Koishi:SpiritedAway","floor":3.0},{"not_picked":["Koishi:SubconsciousSweep","Koishi:Jaunt"],"picked":"Koishi:YoukaiPolygraph","floor":4.0},{"not_picked":["Koishi:Jaunt","Koishi:RacingHeart"],"picked":"Koishi:PredatoryInstincts","floor":6.0},{"not_picked":["Koishi:HeartfeltFancy","Koishi:EmbryosDream"],"picked":"Koishi:StingingMind","floor":9.0},{"not_picked":["Koishi:Jaunt","Koishi:SubterraneanRose"],"picked":"Koishi:PhantomBarrier","floor":10.0},{"not_picked":["Koishi:SubconsciousSweep","Koishi:SuperEgo"],"picked":"Koishi:CatchAndRose","floor":12.0},{"not_picked":["Koishi:Prune","Koishi:StingingMind"],"picked":"Koishi:MentalBreakdown","floor":13.0},{"not_picked":["Koishi:JumpScare","Koishi:StrangeCloudFist"],"picked":"Koishi:TremblingHands","floor":14.0},{"not_picked":["Koishi:PhantomBarrier","Koishi:PhantomStrike","Koishi:ParalyzingFear"],"picked":"SKIP","floor":15.0},{"not_picked":["Koishi:MindStellarRelief","Koishi:Ego"],"picked":"Koishi:PerfectMindControl","floor":16.0},{"not_picked":["Koishi:IdleWhim+1","Koishi:HeartfeltFancy"],"picked":"Koishi:RacingHeart+1","floor":19.0},{"not_picked":["Koishi:LastRemote","Koishi:SubterraneanRose+1"],"picked":"Koishi:DanmakuParanoia+1","floor":20.0},{"not_picked":["Koishi:PhantomBarrier","Koishi:StingingMind"],"picked":"Koishi:UnseenTerror+1","floor":21.0},{"not_picked":["Koishi:SubterraneanRose","Koishi:CatchAndRose"],"picked":"Koishi:UnseenTerror+1","floor":22.0},{"not_picked":["Koishi:RacingHeart","Koishi:Prune+1"],"picked":"Koishi:Possession+1","floor":23.0},{"not_picked":["Koishi:EmbryosDream","Koishi:PhantomStrike"],"picked":"Koishi:BloodcurdlingScream+1","floor":25.0},{"not_picked":["Koishi:CatchAndRose","Koishi:Jaunt","Koishi:SubconsciousSweep+1"],"picked":"Koishi:ImGoingToCallYouNow","floor":26.0},{"not_picked":["Koishi:SubterraneanRose","Koishi:FreudianInstinct+1","Koishi:FleetingPhantom"],"picked":"Koishi:PhantomBarrier","floor":30.0},{"not_picked":["Koishi:SubterraneanRose","Koishi:TraumaticStroke+1","Koishi:CatchAndRose"],"picked":"Koishi:EmbryosDream","floor":31.0},{"not_picked":["Koishi:StingingMind","Koishi:FourthEye+1","Koishi:FleetingPhantom"],"picked":"Koishi:TraumaticStroke","floor":31.0},{"not_picked":["Koishi:DNAsFlaw","Koishi:SpiritedAway","Koishi:FadingMemory"],"picked":"Koishi:TremblingHands","floor":32.0},{"not_picked":["Koishi:TremblingHands","Koishi:SubconsciousSweep","Koishi:UnansweredLove","Koishi:RacingHeart"],"picked":"SKIP","floor":32.0},{"not_picked":["Koishi:RollingInRichesHeart","Koishi:ImGoingToCallYouNow","Koishi:MindStellarRelief"],"picked":"Koishi:RoseHell","floor":33.0},{"not_picked":["Koishi:GhostParty+1","Koishi:MassHysteria+1","Koishi:FleetingPhantom"],"picked":"Koishi:UnconsciousUrges+1","floor":36.0},{"not_picked":["Koishi:PhantomBarrier+1","Koishi:UnansweredLove+1","Koishi:Whimsy","Koishi:Possession+1"],"picked":"SKIP","floor":36.0},{"not_picked":["Koishi:Bloodlust","Koishi:StrangeCloudFist+1","Koishi:ReflexRadar+1","Koishi:YoukaiPolygraph"],"picked":"SKIP","floor":37.0},{"not_picked":["Koishi:SubterraneanRose","Koishi:PhantomStrike+1","Koishi:UnansweredLove+1","Koishi:FourthEye+1"],"picked":"SKIP","floor":37.0},{"not_picked":["Koishi:TraumaticStroke+1","Koishi:FreudianInstinct+1","Koishi:Bloodlust+1"],"picked":"Koishi:HeartStoppingHorror","floor":39.0},{"not_picked":["Koishi:JumpScare","Koishi:HeartfeltFancy+1","Koishi:BloodcurdlingScream","Koishi:HeartAttack"],"picked":"SKIP","floor":42.0},{"not_picked":["Koishi:BloodcurdlingScream+1","Koishi:StingingMind+1","Koishi:CatchAndRose+1"],"picked":"Koishi:YoukaiPolygraph","floor":43.0},{"not_picked":["Koishi:UnconsciousUprising","Koishi:JumpScare","Koishi:HeartfeltFancy","Koishi:GhostParty"],"picked":"SKIP","floor":43.0},{"not_picked":["Koishi:DreadfulBlow+1","Koishi:SubterraneanRose+1","Koishi:Possession"],"picked":"Koishi:PerfectMindControl","floor":44.0},{"not_picked":["Koishi:Bloodlust+1","Koishi:SubconsciousSweep+1","Koishi:Possession"],"picked":"Koishi:YoukaiPolygraph+1","floor":46.0},{"not_picked":["Koishi:Vanish","Koishi:GhostParty+1","Koishi:RacingHeart"],"picked":"Koishi:MindNumbingTerror","floor":46.0},{"not_picked":["Koishi:PhantomStrike+1","Koishi:TremblingHands+1","Koishi:SubterraneanRose+1"],"picked":"Koishi:Catatonia","floor":48.0},{"not_picked":["Koishi:GhostParty+1","Koishi:FourthEye","Koishi:VengefulSpirit+1","Koishi:LastRemote"],"picked":"Singing Bowl","floor":48.0},{"not_picked":["Koishi:SubconsciousSweep","Koishi:LastRemote","Koishi:Vanish"],"picked":"Koishi:PhantomBarrier+1","floor":49.0},{"not_picked":["Koishi:ReflexRadar","Koishi:BramblyRoseGarden","Koishi:EmbryosDream+1","Koishi:YoukaiPolygraph+1"],"picked":"Singing Bowl","floor":49.0},{"not_picked":["Koishi:UnansweredLove","Koishi:UnconsciousUrges","Koishi:CatchAndRose+1"],"picked":"Koishi:HeartStoppingHorror","floor":52}],"player_experience":560384,"relics_obtained":[{"floor":7.0,"key":"Bottled Lightning"},{"floor":10.0,"key":"Smiling Mask"},{"floor":24.0,"key":"Happy Flower"},{"floor":25.0,"key":"Prayer Wheel"},{"floor":25.0,"key":"Question Card"},{"floor":26.0,"key":"hexamod:CandleOfCauterizing"},{"floor":30.0,"key":"Tiny Chest"},{"floor":39.0,"key":"Peace Pipe"},{"floor":42.0,"key":"Ornamental Fan"},{"floor":47.0,"key":"Singing Bowl"},{"floor":52,"key":"Pantograph"}],"event_choices":[{"damage_healed":0.0,"max_hp_gain":0.0,"max_hp_loss":0.0,"gold_gain":0.0,"event_name":"Mysterious Sphere","player_choice":"Fight","floor":39.0,"gold_loss":0.0,"damage_taken":0.0}],"is_beta":false,"boss_relics":[{"not_picked":["Sozu","Empty Cage"],"picked":"sneckomod:SneckoTalon"},{"not_picked":["Philosopher\u0027s Stone","Runic Pyramid"],"picked":"Koishi:ColorfulDays"}],"items_purged_floors":[14,44],"is_endless":false,"potions_floor_spawned":[2,3,9,10,16,19,22,26,30,31,36,37,42,43,48,52],"ascension_level":0}}