{"host":"qp7xs8nuzfsyommi","time":1614119872,"event":{"mods":["2.2 Compatiblity","BaseMod","Colored Powertips","DeckTracker","Highlight Path","Minty Spire (QoL Compilation)","Permanent Neow","Quick Restart","StSLib","Weighted Paths"],"gold_per_floor":[368,170,135,172,1,49,23,23,23,23,82,125,125,125,125,214,277,301,301,314,39,53,53,92,92,92],"floor_reached":25,"language":"ENG","playtime":959,"items_purged":[],"score":418,"play_id":"97f4d1ad-5440-4658-a9fc-2fd638c36161","local_time":"20210223173752","is_ascension_mode":true,"campfire_choices":[{"floor":8.0,"key":"REST"},{"data":"HandOfGreed","floor":10.0,"key":"SMITH"},{"floor":13.0,"key":"REST"},{"floor":15.0,"key":"REST"},{"floor":23,"key":"REST"}],"circlet_count":0,"master_deck":["AscendersBane","Strike_B","Strike_B","Strike_B+1","Strike_B","Defend_B","Defend_B","Defend_B","Defend_B","Zap","Dualcast","Gash","HandOfGreed+1","Reinforced Body","Melter","Steam","Doom and Gloom","Rebound","All For One","Compile Driver","Stack","Go for the Eyes","Turbo","Beam Cell","Steam"],"relics":["Cracked Core","Boot","Happy Flower","Orichalcum","Golden Idol","Tiny House","HandDrill"],"acts_visited":["Exordium","TheCity"],"potions_floor_usage":[16,18,22,24,24,25],"damage_taken":[{"damage":2.0,"enemies":"2 Louse","floor":1.0,"turns":3.0},{"damage":7.0,"enemies":"Jaw Worm","floor":4.0,"turns":3.0},{"damage":32.0,"enemies":"Lagavulin","floor":6.0,"turns":9.0},{"damage":29.0,"enemies":"3 Sentries","floor":11.0,"turns":9.0},{"damage":0.0,"enemies":"Cultist","floor":12.0,"turns":3.0},{"damage":51,"enemies":"The Guardian","floor":16,"turns":13},{"damage":24,"enemies":"Shell Parasite","floor":18,"turns":6},{"damage":0,"enemies":"Spheric Guardian","floor":20,"turns":1},{"damage":28,"enemies":"3 Cultists","floor":22,"turns":5},{"damage":23,"enemies":"Chosen and Byrds","floor":24,"turns":7},{"damage":19,"enemies":"Slavers","floor":25,"turns":1}],"seed_played":"5693252695225590920","potions_obtained":[{"floor":12.0,"key":"SteroidPotion"},{"floor":16,"key":"Weak Potion"},{"floor":17,"key":"EntropicBrew"},{"floor":20,"key":"PowerPotion"},{"floor":22,"key":"LiquidBronze"}],"is_trial":false,"path_per_floor":["M","$","?","M","$","E","$","R","T","R","E","M","R","?","R","B",null,"M","?","M","$","M","R","M","E"],"character_chosen":"DEFECT","items_purchased":["HandOfGreed","Boot","Steam","HandDrill","Go for the Eyes","Turbo"],"campfire_rested":4,"item_purchase_floors":[2,5,7,21,21,21],"current_hp_per_floor":[44,44,61,54,54,22,22,43,43,43,14,14,35,35,56,5,60,36,36,36,36,8,30,7,0,0],"gold":92,"neow_bonus":"TWO_FIFTY_GOLD","is_daily":false,"chose_seed":false,"campfire_upgraded":1,"win_rate":0.0,"timestamp":1614119872,"path_taken":["M","$","?","M","$","E","$","R","T","R","E","M","R","?","R","BOSS","M","?","?","$","M","R","M","E"],"items_purchased_type":["Card","Relic","Card","Relic","Card","Card"],"build_version":"2020-12-22","purchased_purges":0,"victory":false,"max_hp_per_floor":[71,71,71,71,71,71,71,71,71,71,71,71,71,71,71,71,76,76,76,76,76,76,76,76,76,76],"card_choices":[{"not_picked":["Ball Lightning","Compile Driver"],"picked":"Gash","floor":1.0},{"not_picked":["Leap","Static Discharge"],"picked":"Reinforced Body","floor":4.0},{"not_picked":["Rebound","Go for the Eyes"],"picked":"Melter","floor":6.0},{"not_picked":["Storm","Turbo"],"picked":"Doom and Gloom","floor":11.0},{"not_picked":["Double Energy","Steam"],"picked":"Rebound","floor":12.0},{"not_picked":["Seek","Buffer"],"picked":"All For One","floor":16},{"not_picked":["Hologram","Steam"],"picked":"Compile Driver","floor":17},{"not_picked":["Consume","Doom and Gloom","Storm"],"picked":"SKIP","floor":18},{"not_picked":["Coolheaded","Meteor Strike"],"picked":"Stack","floor":20},{"not_picked":["Rebound","Reprogram"],"picked":"Beam Cell","floor":22},{"not_picked":["Leap","Sweeping Beam"],"picked":"Steam","floor":24}],"player_experience":1488062,"relics_obtained":[{"floor":6.0,"key":"Happy Flower"},{"floor":11.0,"key":"Orichalcum"}],"event_choices":[{"damage_healed":17.0,"max_hp_gain":0.0,"max_hp_loss":0.0,"gold_gain":0.0,"event_name":"The Cleric","player_choice":"Healed","floor":3.0,"gold_loss":35.0,"damage_taken":0.0},{"damage_healed":0.0,"max_hp_gain":0.0,"max_hp_loss":0.0,"gold_gain":0.0,"event_name":"Golden Idol","player_choice":"Take Wound","floor":14.0,"gold_loss":0.0,"damage_taken":0.0,"relics_obtained":["Golden Idol"],"cards_obtained":["Injury"]},{"cards_removed":["Injury"],"damage_healed":0,"gold_gain":0,"player_choice":"Purged","damage_taken":0,"max_hp_gain":0,"max_hp_loss":0,"event_name":"Purifier","floor":19,"gold_loss":0}],"is_beta":false,"boss_relics":[{"not_picked":["SlaversCollar","Velvet Choker"],"picked":"Tiny House"}],"items_purged_floors":[],"is_endless":false,"potions_floor_spawned":[12,16,20,22],"killed_by":"Slavers","ascension_level":20}}