{"host":"a4s27ghlnr83kbqz","time":1614089637,"event":{"mods":["AchievementEnabler","BaseMod","Colored Map","Minty Spire (QoL Compilation)","Permanent Neow","SuperFastMode"],"gold_per_floor":[117,136,153,153,172,172,186,186,233,233,233,248,266,301,301,378,378,390,390,158,142,152,178,191,191,191,191,191,206,38,55,55,129,129,148,23,37,56,75,75,88,98,98,130,145,145,170,130,130,130],"floor_reached":51,"language":"KOR","playtime":1997,"items_purged":["Strike_G","Injury","Underhanded Strike+1"],"score":1231,"play_id":"b1f32c9d-885c-4c2a-84be-b9cfb1c8cbad","local_time":"20210223231357","is_ascension_mode":true,"campfire_choices":[{"data":"Dagger Spray","floor":6.0,"key":"SMITH"},{"data":"Poisoned Stab","floor":8.0,"key":"SMITH"},{"floor":10.0,"key":"REST"},{"floor":15.0,"key":"REST"},{"data":"Footwork","floor":25.0,"key":"SMITH"},{"floor":27.0,"key":"REST"},{"data":"Footwork","floor":32.0,"key":"SMITH"},{"data":"Acrobatics","floor":40.0,"key":"SMITH"},{"floor":46,"key":"REST"},{"floor":49,"key":"REST"}],"circlet_count":0,"master_deck":["AscendersBane","Defend_G","Defend_G","Defend_G","Defend_G","Defend_G","Survivor","Neutralize+1","Poisoned Stab+1","Quick Slash+1","Dagger Spray+1","PiercingWail","Deadly Poison","Well Laid Plans","Malaise","Dodge and Roll","Dagger Throw+1","Escape Plan","Dodge and Roll+1","Die Die Die","Footwork+1","Backflip+1","Footwork+1","Distraction+1","Die Die Die+1","Acrobatics+1","Footwork","Blur","Footwork+1","Decay"],"relics":["Ring of the Snake","Ginger","Snake Skull","Paper Crane","White Beast Statue","Cursed Key","Orrery","Whetstone","Ornamental Fan","Astrolabe","Ice Cream","Du-Vu Doll"],"acts_visited":["Exordium","TheCity","TheBeyond"],"potions_floor_usage":[50],"damage_taken":[{"damage":0.0,"enemies":"Small Slimes","floor":1.0,"turns":4.0},{"damage":0.0,"enemies":"Cultist","floor":2.0,"turns":3.0},{"damage":3.0,"enemies":"Jaw Worm","floor":3.0,"turns":5.0},{"damage":7.0,"enemies":"Looter","floor":5.0,"turns":4.0},{"damage":8.0,"enemies":"Exordium Wildlife","floor":7.0,"turns":2.0},{"damage":2.0,"enemies":"Exordium Thugs","floor":12.0,"turns":3.0},{"damage":2.0,"enemies":"Looter","floor":13.0,"turns":3.0},{"damage":32.0,"enemies":"Gremlin Nob","floor":14.0,"turns":4.0},{"damage":16.0,"enemies":"Slime Boss","floor":16.0,"turns":9.0},{"damage":10.0,"enemies":"Spheric Guardian","floor":18.0,"turns":7.0},{"damage":0.0,"enemies":"2 Thieves","floor":21.0,"turns":4.0},{"damage":4.0,"enemies":"Chosen and Byrds","floor":22.0,"turns":7.0},{"damage":2.0,"enemies":"Book of Stabbing","floor":23.0,"turns":9.0},{"damage":9.0,"enemies":"Centurion and Healer","floor":24.0,"turns":9.0},{"damage":10.0,"enemies":"Shelled Parasite and Fungi","floor":29.0,"turns":8.0},{"damage":3.0,"enemies":"Cultist and Chosen","floor":31.0,"turns":8.0},{"damage":11.0,"enemies":"Automaton","floor":33.0,"turns":15.0},{"damage":0.0,"enemies":"3 Shapes","floor":35.0,"turns":7.0},{"damage":0.0,"enemies":"Orb Walker","floor":37.0,"turns":5.0},{"damage":0.0,"enemies":"3 Darklings","floor":38.0,"turns":15.0},{"damage":2.0,"enemies":"Writhing Mass","floor":39.0,"turns":11.0},{"damage":25.0,"enemies":"Jaw Worm Horde","floor":41.0,"turns":7.0},{"damage":10.0,"enemies":"Maw","floor":42.0,"turns":13.0},{"damage":0.0,"enemies":"Nemesis","floor":44.0,"turns":13.0},{"damage":0,"enemies":"Writhing Mass","floor":45,"turns":9},{"damage":3,"enemies":"Mind Bloom Boss Battle","floor":47,"turns":13},{"damage":62,"enemies":"Donu and Deca","floor":50,"turns":16}],"seed_played":"7321758956995885659","potions_obtained":[{"floor":1.0,"key":"Ancient Potion"},{"floor":5.0,"key":"CultistPotion"},{"floor":16.0,"key":"Block Potion"},{"floor":21.0,"key":"AttackPotion"},{"floor":22.0,"key":"Dexterity Potion"},{"floor":23.0,"key":"Dexterity Potion"},{"floor":24.0,"key":"FairyPotion"},{"floor":35.0,"key":"FairyPotion"},{"floor":37.0,"key":"PowerPotion"},{"floor":41.0,"key":"Energy Potion"},{"floor":44.0,"key":"FairyPotion"},{"floor":48,"key":"CultistPotion"}],"is_trial":false,"path_per_floor":["M","M","M","?","M","R","M","R","T","R","T","M","M","E","R","B",null,"M","?","$","M","M","E","M","R","T","R","?","M","$","M","R","B",null,"M","$","M","M","M","R","M","M","T","E","M","R","?","?","R","B",null],"character_chosen":"THE_SILENT","items_purchased":["Orrery","Footwork"],"campfire_rested":5,"item_purchase_floors":[20,30],"current_hp_per_floor":[44,44,41,41,34,34,26,26,26,45,45,43,41,9,28,12,53,43,43,43,43,39,37,28,28,28,47,47,37,37,34,34,23,55,55,55,55,55,53,53,28,18,18,18,18,37,34,34,53,19],"gold":130,"neow_bonus":"ONE_RARE_RELIC","is_daily":false,"chose_seed":false,"campfire_upgraded":5,"win_rate":0.0,"timestamp":1614089637,"path_taken":["M","M","M","?","?","R","M","R","T","R","?","M","M","E","R","BOSS","M","?","$","M","M","E","M","R","T","R","?","M","$","M","R","BOSS","M","$","M","M","M","R","M","M","T","E","M","R","?","?","R","BOSS"],"items_purchased_type":["Relic","Card"],"build_version":"2020-12-22","purchased_purges":3,"victory":true,"max_hp_per_floor":[66,66,66,66,66,66,66,66,66,66,66,66,66,66,66,66,66,66,66,66,66,66,66,66,66,66,66,66,66,66,66,66,66,66,66,66,66,66,66,66,66,66,66,66,66,66,66,66,66,66],"card_choices":[{"not_picked":["All Out Attack","Prepared"],"picked":"Poisoned Stab","floor":1.0},{"not_picked":["PiercingWail","Eviscerate"],"picked":"Quick Slash","floor":2.0},{"not_picked":["Underhanded Strike","Prepared","Flechettes"],"picked":"SKIP","floor":3.0},{"not_picked":["Distraction","Deflect"],"picked":"Dagger Spray","floor":5.0},{"not_picked":["Caltrops","Riddle With Holes"],"picked":"PiercingWail","floor":7.0},{"not_picked":["Prepared","Dodge and Roll","Expertise"],"picked":"SKIP","floor":12.0},{"not_picked":["Prepared","Dodge and Roll","Expertise"],"picked":"SKIP","floor":12.0},{"not_picked":["Backflip","Well Laid Plans"],"picked":"Deadly Poison","floor":13.0},{"not_picked":["Expertise","Outmaneuver"],"picked":"Well Laid Plans","floor":14.0},{"not_picked":["Night Terror","Storm of Steel"],"picked":"Malaise","floor":16.0},{"not_picked":["All Out Attack+1","Deadly Poison","Slice"],"picked":"SKIP","floor":18.0},{"not_picked":["Skewer","Reflex"],"picked":"Dodge and Roll","floor":20.0},{"not_picked":["Blur","Backstab"],"picked":"Dagger Throw+1","floor":20.0},{"not_picked":["Slice","Endless Agony"],"picked":"Escape Plan","floor":21.0},{"not_picked":["All Out Attack","Acrobatics"],"picked":"Dodge and Roll+1","floor":22.0},{"not_picked":["Phantasmal Killer","Deadly Poison"],"picked":"Die Die Die","floor":23.0},{"not_picked":["Bouncing Flask","Slice"],"picked":"Footwork","floor":24.0},{"not_picked":["Footwork","Underhanded Strike"],"picked":"Backflip+1","floor":29.0},{"not_picked":["Dash","Quick Slash","Bane"],"picked":"SKIP","floor":31.0},{"not_picked":["Prepared","PiercingWail","Blade Dance"],"picked":"SKIP","floor":35.0},{"not_picked":["Dagger Throw","Outmaneuver"],"picked":"Acrobatics","floor":37.0},{"not_picked":["Eviscerate","Finisher"],"picked":"Footwork","floor":38.0},{"not_picked":["Backflip","PiercingWail"],"picked":"Blur","floor":39.0},{"not_picked":["Storm of Steel","Bane"],"picked":"Footwork+1","floor":41.0},{"not_picked":["Riddle With Holes","Quick Slash","Dagger Throw"],"picked":"SKIP","floor":42.0},{"not_picked":["Riddle With Holes","Sucker Punch","Finisher"],"picked":"SKIP","floor":44.0},{"not_picked":["Deflect","Riddle With Holes+1","Acrobatics"],"picked":"SKIP","floor":45}],"player_experience":1150193,"relics_obtained":[{"floor":9.0,"key":"Snake Skull"},{"floor":11.0,"key":"Paper Crane"},{"floor":14.0,"key":"White Beast Statue"},{"floor":23.0,"key":"Whetstone"},{"floor":26.0,"key":"Ornamental Fan"},{"floor":44.0,"key":"Ice Cream"},{"floor":47,"key":"Du-Vu Doll"}],"event_choices":[{"cards_removed":["Strike_G"],"damage_healed":0.0,"max_hp_gain":0.0,"max_hp_loss":0.0,"gold_gain":0.0,"event_name":"Bonfire Elementals","player_choice":"Offered Basic","floor":4.0,"gold_loss":0.0,"damage_taken":0.0},{"damage_healed":0.0,"max_hp_gain":0.0,"max_hp_loss":0.0,"gold_gain":0.0,"event_name":"Vampires","player_choice":"Ignored","floor":19.0,"gold_loss":0.0,"damage_taken":0.0},{"damage_healed":0.0,"max_hp_gain":0.0,"max_hp_loss":0.0,"gold_gain":0.0,"event_name":"Cursed Tome","player_choice":"Ignored","floor":28.0,"gold_loss":0.0,"damage_taken":0.0},{"damage_healed":0,"gold_gain":0,"player_choice":"Fight","damage_taken":0,"max_hp_gain":0,"max_hp_loss":0,"event_name":"MindBloom","floor":47,"gold_loss":0},{"damage_healed":0,"gold_gain":0,"player_choice":"Bought 3 Potions","damage_taken":0,"max_hp_gain":0,"max_hp_loss":0,"event_name":"The Woman in Blue","floor":48,"gold_loss":0}],"is_beta":false,"boss_relics":[{"not_picked":["Coffee Dripper","Ring of the Serpent"],"picked":"Cursed Key"},{"not_picked":["Runic Pyramid","Velvet Choker"],"picked":"Astrolabe"}],"items_purged_floors":[20,30,36],"is_endless":false,"potions_floor_spawned":[1,5,7,16,18,21,22,23,24,29,31,33,35,37,38,39,41,42,44,45,47],"ascension_level":14}}