{"host":"f5n4tidiz2n5sooh","time":1614081745,"event":{"mods":["BaseMod","Colored Map","Minty Spire (QoL Compilation)","Relic Stats","StSLib"],"gold_per_floor":[119,139,62,73,88,88,108,140,140,140,215,215,234,270,270,369,369,369,369,329,329,35,35,35,35,35],"floor_reached":25,"language":"ENG","playtime":1473,"items_purged":["Strike_B"],"score":641,"play_id":"fa175141-994d-43f1-9e51-b1dcbb39fabf","local_time":"20210223060225","is_ascension_mode":true,"campfire_choices":[{"data":"Doom and Gloom","floor":6.0,"key":"SMITH"},{"data":"Beam Cell","floor":10,"key":"SMITH"},{"floor":15,"key":"REST"},{"data":"Genetic Algorithm","floor":24,"key":"SMITH"}],"circlet_count":0,"master_deck":["AscendersBane","Strike_B","Strike_B","Strike_B","Defend_B","Defend_B","Defend_B","Defend_B","Zap","Dualcast","Sweeping Beam","Ball Lightning","Doom and Gloom+1","Seek","Beam Cell+1","Glacier","Coolheaded","Compile Driver","Electrodynamics","Ghostly","Ghostly","Ghostly","Compile Driver","Ghostly","Genetic Algorithm+1"],"relics":["Cracked Core","Vajra","Golden Idol","Kunai","Ectoplasm","DollysMirror","Mummified Hand"],"acts_visited":["Exordium","TheCity"],"potions_floor_usage":[8,14,16,23,25],"damage_taken":[{"damage":2.0,"enemies":"Cultist","floor":1.0,"turns":4.0},{"damage":2.0,"enemies":"Jaw Worm","floor":2.0,"turns":3.0},{"damage":0.0,"enemies":"2 Louse","floor":4.0,"turns":2.0},{"damage":0.0,"enemies":"Large Slime","floor":5.0,"turns":3.0},{"damage":7.0,"enemies":"Exordium Wildlife","floor":7.0,"turns":3.0},{"damage":30,"enemies":"Lagavulin","floor":8,"turns":6},{"damage":0,"enemies":"2 Fungi Beasts","floor":13,"turns":2},{"damage":10,"enemies":"3 Sentries","floor":14,"turns":4},{"damage":0,"enemies":"Slime Boss","floor":16,"turns":5},{"damage":18,"enemies":"Spheric Guardian","floor":18,"turns":4},{"damage":0,"enemies":"2 Thieves","floor":20,"turns":2},{"damage":10,"enemies":"Centurion and Healer","floor":21,"turns":7},{"damage":0,"enemies":"Gremlin Leader","floor":23,"turns":5},{"damage":27,"enemies":"Book of Stabbing","floor":25,"turns":5}],"seed_played":"3499350573180287271","potions_obtained":[{"floor":2.0,"key":"LiquidMemories"},{"floor":4.0,"key":"Fire Potion"},{"floor":7,"key":"BlessingOfTheForge"},{"floor":8,"key":"SpeedPotion"},{"floor":18,"key":"Fire Potion"},{"floor":23,"key":"FearPotion"}],"is_trial":false,"path_per_floor":["M","M","$","M","M","R","M","E","T","R","?","?","M","E","R","B",null,"M","?","M","M","$","E","R","E"],"character_chosen":"DEFECT","items_purchased":["Doom and Gloom","DollysMirror","BlessingOfTheForge"],"campfire_rested":1,"item_purchase_floors":[3,22,22],"current_hp_per_floor":[69,67,67,67,67,67,60,30,30,30,19,19,19,9,30,30,61,43,35,35,25,25,25,25,0,0],"gold":35,"neow_bonus":"TEN_PERCENT_HP_BONUS","is_daily":false,"chose_seed":false,"campfire_upgraded":3,"win_rate":0.0,"timestamp":1614081745,"path_taken":["M","?","$","M","M","R","M","E","T","R","?","?","M","E","R","BOSS","M","?","M","M","$","E","R","E"],"items_purchased_type":["Card","Relic","Potion"],"build_version":"2020-12-22","purchased_purges":1,"victory":false,"max_hp_per_floor":[78,78,78,78,78,78,78,78,78,78,78,71,71,71,71,71,71,71,35,35,35,35,35,35,35,35],"relic_stats":{"counters":[14,55],"Golden Idol":52,"Mummified Hand":[1],"Ectoplasm":143,"Kunai":[7],"obtain_stats":[{"Golden Idol":12,"DollysMirror":22,"Mummified Hand":23,"Vajra":8,"Ectoplasm":17,"Kunai":14,"Cracked Core":0},{"Golden Idol":6,"DollysMirror":12,"Mummified Hand":13,"Vajra":6,"Ectoplasm":9,"Kunai":8,"Cracked Core":0},{"Golden Idol":21,"DollysMirror":45,"Mummified Hand":50,"Vajra":21,"Ectoplasm":32,"Kunai":27,"Cracked Core":0}]},"card_choices":[{"not_picked":["Coolheaded","Stack"],"picked":"Sweeping Beam","floor":1.0},{"not_picked":["Streamline","Redo"],"picked":"Ball Lightning","floor":2.0},{"not_picked":["Streamline","Conserve Battery"],"picked":"Seek","floor":4.0},{"not_picked":["White Noise","Barrage","Reprogram"],"picked":"SKIP","floor":5.0},{"not_picked":["Gash","Machine Learning"],"picked":"Beam Cell","floor":7},{"not_picked":["Compile Driver","Steam"],"picked":"Glacier","floor":8},{"not_picked":["Gash","Double Energy"],"picked":"Coolheaded","floor":13},{"not_picked":["Skim","Conserve Battery"],"picked":"Compile Driver","floor":14},{"not_picked":["Seek","Machine Learning"],"picked":"Electrodynamics","floor":16},{"not_picked":["Redo","Rebound","Coolheaded"],"picked":"SKIP","floor":18},{"not_picked":["Redo","Beam Cell","Sweeping Beam"],"picked":"SKIP","floor":20},{"not_picked":["Steam","Steam Power"],"picked":"Compile Driver","floor":21},{"not_picked":["Steam","Turbo"],"picked":"Genetic Algorithm","floor":23}],"player_experience":2081255,"relics_obtained":[{"floor":8,"key":"Vajra"},{"floor":14,"key":"Kunai"},{"floor":23,"key":"Mummified Hand"}],"event_choices":[{"damage_healed":0,"gold_gain":75,"player_choice":"Gather Gold","damage_taken":11,"max_hp_gain":0,"max_hp_loss":0,"event_name":"World of Goop","floor":11,"gold_loss":0},{"damage_healed":0,"gold_gain":0,"player_choice":"Lose Max HP","damage_taken":0,"relics_obtained":["Golden Idol"],"max_hp_gain":0,"max_hp_loss":7,"event_name":"Golden Idol","floor":12,"gold_loss":0},{"damage_healed":0,"gold_gain":0,"player_choice":"Became a Ghost","damage_taken":0,"max_hp_gain":0,"max_hp_loss":36,"event_name":"Ghosts","floor":19,"gold_loss":0,"cards_obtained":["Ghostly","Ghostly","Ghostly"]}],"is_beta":false,"boss_relics":[{"not_picked":["Pandora\u0027s Box","Runic Dome"],"picked":"Ectoplasm"}],"items_purged_floors":[22],"is_endless":false,"potions_floor_spawned":[2,4,7,8,18,23],"killed_by":"Book of Stabbing","ascension_level":20}}