{"host":"xkmvu47k9fdstweo","time":1614040124,"event":{"mods":["BaseMod","Colored Map","Conspire","Hubris","Minty Spire (QoL Compilation)","Quick Restart","Shop Mod","StSLib"],"gold_per_floor":[109,6,6,6,25,59,59,59,59,70,70,80,80,91,91,194,194,210,56,56,56,66,66,93,93,93,93,104,19,19,46,46,146,146,157,57,70,70,81,81,81,108,108,108,108,8,25,54,54,54],"floor_reached":51,"language":"ENG","playtime":1547,"items_purged":["Regret","Strike_B+1","Multi-Cast+1"],"score":1221,"play_id":"79b63985-3475-492d-8e3e-66a40a326e5b","local_time":"20210222192844","is_ascension_mode":true,"campfire_choices":[{"data":"Zap","floor":7,"key":"SMITH"},{"data":"Capacitor","floor":15,"key":"SMITH"},{"data":"Biased Cognition","floor":23,"key":"SMITH"},{"floor":25,"key":"REST"},{"data":"RitualDagger","floor":27,"key":"SMITH"},{"data":"Blizzard","floor":32,"key":"SMITH"},{"data":"Machine Learning","floor":40,"key":"SMITH"},{"data":"Coolheaded","floor":44,"key":"SMITH"},{"data":"Barrage","floor":49,"key":"SMITH"}],"circlet_count":0,"master_deck":["AscendersBane","Defend_B+1","Defend_B+1","Defend_B+1","Defend_B+1","Zap+1","Dualcast+1","Ball Lightning","Capacitor+1","Coolheaded+1","Compile Driver","Machine Learning+1","Reinforced Body","Sweeping Beam","Coolheaded+1","Biased Cognition+1","Loop+1","Blizzard+1","RitualDagger+1","Recycle+1","Coolheaded+1","Cold Snap","Hologram+1","Hologram+1","Blizzard+1","Capacitor+1","conspire:NecroticWound","Barrage","Barrage+1"],"relics":["Cracked Core","NeowsBlessing","hubris:OldNail","hubris:PeanutButter","Whetstone","conspire:SpecialSausage","conspire:TopHat","Eternal Feather","conspire:Dentures","Symbiotic Virus","Cursed Key","Bottled Lightning","Strawberry","War Paint","Mummified Hand"],"acts_visited":["Exordium","TheCity","TheBeyond"],"potions_floor_usage":[16,16,24,28,31,33,48,48],"damage_taken":[{"damage":0,"enemies":"2 Louse","floor":1,"turns":1},{"damage":0,"enemies":"Jaw Worm","floor":5,"turns":1},{"damage":0,"enemies":"Gremlin Nob","floor":6,"turns":1},{"damage":0,"enemies":"Cultist","floor":10,"turns":2},{"damage":0,"enemies":"2 Fungi Beasts","floor":12,"turns":3},{"damage":0,"enemies":"Blue Slaver","floor":14,"turns":3},{"damage":49,"enemies":"Hexaghost","floor":16,"turns":9},{"damage":1,"enemies":"Spheric Guardian","floor":18,"turns":4},{"damage":9,"enemies":"Shell Parasite","floor":22,"turns":8},{"damage":14,"enemies":"Book of Stabbing","floor":24,"turns":5},{"damage":18,"enemies":"Snake Plant","floor":28,"turns":5},{"damage":0,"enemies":"Gremlin Leader","floor":31,"turns":8},{"damage":53,"enemies":"hubris:MusketHawk","floor":33,"turns":9},{"damage":5,"enemies":"3 Shapes","floor":35,"turns":3},{"damage":0,"enemies":"3 Darklings","floor":37,"turns":7},{"damage":0,"enemies":"Sphere and 2 Shapes","floor":39,"turns":5},{"damage":0,"enemies":"Nemesis","floor":42,"turns":9},{"damage":0,"enemies":"Maw","floor":47,"turns":7},{"damage":6,"enemies":"Reptomancer","floor":48,"turns":4},{"damage":6,"enemies":"Awakened One","floor":50,"turns":9}],"seed_played":"8212286556171099789","potions_obtained":[{"floor":6,"key":"ColorlessPotion"},{"floor":10,"key":"SteroidPotion"},{"floor":12,"key":"LiquidBronze"},{"floor":16,"key":"LiquidMemories"},{"floor":22,"key":"Fire Potion"},{"floor":28,"key":"Fire Potion"},{"floor":31,"key":"FairyPotion"},{"floor":35,"key":"LiquidMemories"},{"floor":37,"key":"GamblersBrew"},{"floor":39,"key":"Energy Potion"}],"is_trial":false,"path_per_floor":["M","$","?","?","M","E","R","?","T","M","$","M","?","M","R","B",null,"M","$","?","?","M","R","E","R","T","R","M","?","?","E","R","B",null,"M","$","M","$","M","R","?","E","T","R","?","NS","M","E","R","B",null],"character_chosen":"DEFECT","items_purchased":["Capacitor","Coolheaded","Blizzard","Bottled Lightning"],"campfire_rested":1,"item_purchase_floors":[2,2,19,38],"current_hp_per_floor":[68,68,68,68,68,68,68,68,68,68,68,68,53,53,53,4,57,56,56,56,50,41,41,27,49,49,64,46,46,46,46,61,8,58,53,53,53,32,32,47,47,54,54,69,69,69,69,63,78,72],"gold":54,"neow_bonus":"THREE_ENEMY_KILL","is_daily":false,"chose_seed":false,"campfire_upgraded":8,"win_rate":0.0,"timestamp":1614040124,"path_taken":["M","$","?","?","M","E","R","?","T","M","$","?","?","M","R","BOSS","M","$","?","?","M","R","E","R","T","R","?","?","?","E","R","BOSS","M","$","?","?","?","R","?","E","T","R","?","NS","?","E","R","BOSS"],"items_purchased_type":["Card","Card","Card","Relic"],"build_version":"2020-12-22","purchased_purges":3,"victory":true,"max_hp_per_floor":[75,75,75,75,75,75,75,75,75,75,75,75,75,75,75,75,75,75,75,75,75,75,75,75,75,75,75,75,75,75,75,75,75,75,75,75,75,75,75,75,75,82,82,82,82,82,82,82,82,82],"card_choices":[{"not_picked":["Sweeping Beam","Coolheaded"],"picked":"Ball Lightning","floor":1},{"not_picked":["Gash","Leap"],"picked":"Compile Driver","floor":5},{"not_picked":["Static Discharge","Fusion"],"picked":"Machine Learning","floor":6},{"not_picked":["Rebound","Ball Lightning"],"picked":"Reinforced Body","floor":10},{"not_picked":["Reinforced Body","Static Discharge"],"picked":"Sweeping Beam","floor":12},{"not_picked":["Steam","Gash"],"picked":"Coolheaded","floor":14},{"not_picked":["Rainbow","Seek"],"picked":"Biased Cognition","floor":16},{"not_picked":["Hologram","Streamline"],"picked":"Loop+1","floor":18},{"not_picked":["Chaos+1","Gash"],"picked":"Recycle+1","floor":22},{"not_picked":["Beam Cell","Meteor Strike"],"picked":"Coolheaded","floor":24},{"not_picked":["Melter","Chaos+1","Stack"],"picked":"SKIP","floor":28},{"not_picked":["Storm","Barrage"],"picked":"Hologram","floor":31},{"not_picked":["Compile Driver","Steam Power+1"],"picked":"Hologram+1","floor":35},{"not_picked":["Fusion","Steam"],"picked":"Blizzard+1","floor":37},{"not_picked":["Beam Cell+1","Static Discharge"],"picked":"Capacitor+1","floor":39},{"not_picked":["Rebound+1","Hologram+1","Compile Driver"],"picked":"SKIP","floor":42},{"not_picked":["Redo","Scrape"],"picked":"Barrage","floor":47},{"not_picked":["Gash","Static Discharge"],"picked":"Barrage","floor":48}],"player_experience":333405,"relics_obtained":[{"floor":6,"key":"hubris:PeanutButter"},{"floor":9,"key":"Whetstone"},{"floor":24,"key":"conspire:TopHat"},{"floor":26,"key":"Eternal Feather"},{"floor":31,"key":"Symbiotic Virus"},{"floor":42,"key":"Strawberry"},{"floor":43,"key":"War Paint"},{"floor":48,"key":"Mummified Hand"}],"event_choices":[{"damage_healed":0,"gold_gain":0,"player_choice":"Grow","damage_taken":0,"max_hp_gain":0,"max_hp_loss":0,"event_name":"Living Wall","floor":3,"gold_loss":0,"cards_upgraded":["Coolheaded"]},{"damage_healed":0,"gold_gain":0,"player_choice":"Box","damage_taken":0,"relics_obtained":["hubris:OldNail"],"max_hp_gain":0,"max_hp_loss":0,"event_name":"Big Fish","floor":4,"gold_loss":0,"cards_obtained":["Regret"]},{"damage_healed":0,"gold_gain":0,"cards_transformed":["Strike_B"],"player_choice":"Transformed","damage_taken":0,"max_hp_gain":0,"max_hp_loss":0,"event_name":"Transmorgrifier","floor":8,"gold_loss":0,"cards_obtained":["Multi-Cast"]},{"damage_healed":0,"gold_gain":0,"player_choice":"Entered Light","damage_taken":15,"max_hp_gain":0,"max_hp_loss":0,"event_name":"Shining Light","floor":13,"gold_loss":0,"cards_upgraded":["Multi-Cast","Defend_B"]},{"damage_healed":0,"gold_gain":0,"player_choice":"Simplicity","damage_taken":0,"max_hp_gain":0,"max_hp_loss":0,"event_name":"Back to Basics","floor":20,"gold_loss":0,"cards_upgraded":["Strike_B","Defend_B","Defend_B","Defend_B"]},{"damage_healed":0,"gold_gain":0,"player_choice":"Joined the Cult","damage_taken":6,"max_hp_gain":0,"max_hp_loss":0,"event_name":"Nest","floor":21,"gold_loss":0,"cards_obtained":["RitualDagger"]},{"damage_healed":0,"gold_gain":0,"player_choice":"Obtained Relic","damage_taken":0,"relics_obtained":["conspire:Dentures"],"max_hp_gain":0,"max_hp_loss":0,"event_name":"Addict","floor":29,"gold_loss":85},{"damage_healed":0,"gold_gain":0,"player_choice":"Read","damage_taken":0,"max_hp_gain":0,"max_hp_loss":0,"event_name":"The Library","floor":30,"gold_loss":0,"cards_obtained":["Cold Snap"]},{"damage_healed":0,"gold_gain":0,"player_choice":"Upgraded","damage_taken":0,"max_hp_gain":0,"max_hp_loss":0,"event_name":"Upgrade Shrine","floor":45,"gold_loss":0,"cards_upgraded":["Dualcast"]}],"is_beta":false,"boss_relics":[{"not_picked":["conspire:RunicOctahedron","Sozu"],"picked":"conspire:SpecialSausage"},{"not_picked":["Snecko Eye","hubris:HollowSoul"],"picked":"Cursed Key"}],"items_purged_floors":[19,36,38],"is_endless":false,"potions_floor_spawned":[6,10,12,16,22,28,31,35,37,39],"ascension_level":10}}