{"host":"l2dnabsh5e0fsksb","time":1614050464,"event":{"mods":["2.2 Compatiblity","BaseMod","Downfall","Minty Spire (QoL Compilation)","Quick Restart","StSLib"],"gold_per_floor":[99,119,132,132,42,42,42,42,70,70,86,112,112,43,60,162,162,62,78,78,95,80,92,92,181,81,81,100,100,110,142,155,250,250,250,250,269,279,289,164,243,243,257,107,154,5,5,40,50,50],"floor_reached":51,"language":"ENG","playtime":2046,"items_purged":["downfall:Malfunctioning","Regret","downfall:Haunted","downfall:Haunted"],"score":1358,"play_id":"ad0a17f5-efa3-4cce-b1dd-be52befc8ef2","local_time":"20210223135104","is_ascension_mode":true,"campfire_choices":[{"floor":1.0,"key":"RECALL"},{"data":"1","floor":8.0,"key":"LIFT"},{"data":"2","floor":10.0,"key":"LIFT"},{"data":"3","floor":18.0,"key":"LIFT"},{"floor":26.0,"key":"REST"},{"floor":29.0,"key":"REST"},{"data":"hexamod:VolcanoVisage","floor":35.0,"key":"SMITH"},{"floor":42,"key":"REST"},{"floor":47,"key":"REST"}],"circlet_count":0,"master_deck":["AscendersBane","hexamod:Strike","hexamod:Strike+1","hexamod:Strike+1","hexamod:Defend","hexamod:Defend","hexamod:Defend","hexamod:Defend","hexamod:Sear","hexamod:Float","hexamod:ThermalTransfer","hexamod:GhostLash+1","hexamod:BurningTouch","hexamod:GhostLash","hexamod:FlamesFromBeyond","hexamod:GhostOfSpireFuture","hexamod:HexaLevel+1","hexamod:ShieldOfDarkness","hexamod:GhostShield","hexamod:VolcanoVisage","hexamod:NightmareStrike","hexamod:Rewind+1","hexamod:GhostShield","hexamod:PhantomCloak","hexamod:Hexaguard","hexamod:WildfireWeapon","hexamod:ShieldOfDarkness","hexamod:ThermalTransfer+1","hexamod:SwordOfDarkness+1","hexamod:VolcanoVisage+1","hexamod:Haunt+1","hexamod:GhostOfSpirePast","hexamod:FlamesFromBeyond+1","hexamod:PhantomCloak+1","hexamod:Incineration+1","hexamod:ThermalTransfer"],"relics":["hexamod:SpiritBrand","Lantern","Girya","Ancient Tea Set","Du-Vu Doll","SlaversCollar","downfall:HeartBlessingRed","Darkstone Periapt","hexamod:RecyclingMachine","downfall:HeartBlessingBlue","FaceOfCleric","Blood Vial","expansioncontent:StudyCardRelic","bronze:DecasWashers","Turnip","hexamod:BolsterEngine","hexamod:MatchstickCase"],"acts_visited":["Exordium","TheCity","TheBeyond"],"potions_floor_usage":[39,39,50,50],"damage_taken":[{"damage":3.0,"enemies":"2 Louse","floor":2.0,"turns":3.0},{"damage":0.0,"enemies":"Small Slimes","floor":3.0,"turns":3.0},{"damage":0.0,"enemies":"downfall:FleeingMerchant","floor":5.0,"turns":4.0},{"damage":5.0,"enemies":"Gremlin Nob","floor":9.0,"turns":3.0},{"damage":0.0,"enemies":"Cultist","floor":11.0,"turns":2.0},{"damage":20.0,"enemies":"Lagavulin","floor":12.0,"turns":5.0},{"damage":10.0,"enemies":"downfall:FleeingMerchant","floor":14.0,"turns":4.0},{"damage":0.0,"enemies":"downfall:LooterAlt","floor":15.0,"turns":2.0},{"damage":16.0,"enemies":"WA_ARCHETYPE_RETAIN","floor":16.0,"turns":6.0},{"damage":0.0,"enemies":"3 Byrds","floor":19.0,"turns":4.0},{"damage":21.0,"enemies":"Spheric Guardian","floor":21.0,"turns":4.0},{"damage":8.0,"enemies":"downfall:FleeingMerchant","floor":22.0,"turns":4.0},{"damage":5.0,"enemies":"Chosen and Byrds","floor":23.0,"turns":4.0},{"damage":13.0,"enemies":"downfall:FleeingMerchant","floor":25.0,"turns":3.0},{"damage":24.0,"enemies":"Cultist and Chosen","floor":28.0,"turns":5.0},{"damage":18.0,"enemies":"Centurion and Healer","floor":30.0,"turns":6.0},{"damage":30.0,"enemies":"Gremlin Leader","floor":31.0,"turns":6.0},{"damage":6.0,"enemies":"Snake Plant","floor":32.0,"turns":4.0},{"damage":31.0,"enemies":"SI_MIRROR_ARCHETYPE","floor":33.0,"turns":11.0},{"damage":4.0,"enemies":"Orb Walker","floor":37.0,"turns":3.0},{"damage":8.0,"enemies":"3 Shapes","floor":38.0,"turns":2.0},{"damage":59,"enemies":"Transient","floor":39,"turns":5},{"damage":0,"enemies":"Sphere and 2 Shapes","floor":43,"turns":4},{"damage":13,"enemies":"2 Orb Walkers","floor":45,"turns":4},{"damage":0,"enemies":"Nemesis","floor":48,"turns":3},{"damage":20,"enemies":"Spire Growth","floor":49,"turns":5},{"damage":0,"enemies":"IC_BLOCK_ARCHETYPE","floor":50,"turns":9}],"seed_played":"-8698980046356583162","potions_obtained":[{"floor":3.0,"key":"Weak Potion"},{"floor":12.0,"key":"Dexterity Potion"},{"floor":15.0,"key":"hexamod:DoubleChargePotion"},{"floor":16.0,"key":"Block Potion"},{"floor":23.0,"key":"EssenceOfSteel"},{"floor":28.0,"key":"Energy Potion"},{"floor":31.0,"key":"EntropicBrew"},{"floor":33.0,"key":"FearPotion"},{"floor":38.0,"key":"PowerPotion"},{"floor":45,"key":"DistilledChaos"},{"floor":48,"key":"Weak Potion"},{"floor":49,"key":"Dexterity Potion"}],"is_trial":false,"path_per_floor":["R","M","M","?","$","?","T","R","E","R","M","E","?","$","M","B",null,"R","M","?","M","$","M","T","$","R","?","M","R","M","E","M","B",null,"R","?","M","M","M","?","T","R","M","$","?","$","R","E","M","B",null],"character_chosen":"THE_SPIRIT","items_purchased":["hexamod:ShieldOfDarkness","hexamod:RecyclingMachine","hexamod:BolsterEngine"],"campfire_rested":4,"item_purchase_floors":[14,25,46],"current_hp_per_floor":[63,60,60,60,60,60,60,60,55,55,55,35,35,25,25,9,55,55,55,78,57,49,44,44,31,71,71,48,79,62,33,30,2,82,82,82,81,76,20,20,20,53,56,56,46,46,79,82,65,68],"gold":50,"neow_bonus":"RANDOM_COMMON_RELIC","is_daily":false,"chose_seed":false,"campfire_upgraded":1,"win_rate":0.0,"timestamp":1614050464,"path_taken":["R","M","M","?","$","?","T","R","E","R","M","E","?","$","M","BOSS","R","M","?","M","$","M","T","$","R","?","?","R","M","E","M","BOSS","R","?","?","M","M","?","T","R","M","$","?","?","R","E","M","BOSS"],"items_purchased_type":["Card","Relic","Relic"],"build_version":"2020-12-22","purchased_purges":4,"victory":true,"max_hp_per_floor":[70,70,70,70,70,70,70,70,70,70,70,70,70,70,70,70,70,70,70,93,93,93,93,93,93,103,103,104,104,105,106,107,108,108,108,108,109,110,111,111,111,111,112,112,113,113,113,114,115,116],"card_choices":[{"not_picked":["hexamod:InspiringFlames","hexamod:DynamicBlow"],"picked":"hexamod:ThermalTransfer","floor":2.0},{"not_picked":["hexamod:RetreatToShadows","hexamod:HeatCrush"],"picked":"hexamod:GhostLash","floor":3.0},{"not_picked":["hexamod:SuperheatedStrike","hexamod:BacktrackSmack"],"picked":"hexamod:BurningTouch","floor":5.0},{"not_picked":["hexamod:RetreatToShadows","hexamod:HauntingEcho"],"picked":"hexamod:GhostLash","floor":9.0},{"not_picked":["hexamod:GhostShield","hexamod:GhostLash"],"picked":"hexamod:FlamesFromBeyond","floor":11.0},{"not_picked":["hexamod:GhostOfSpirePast","hexamod:SuperheatedStrike"],"picked":"hexamod:GhostOfSpireFuture","floor":12.0},{"not_picked":["hexamod:BacktrackSmack","hexamod:GhostLash"],"picked":"hexamod:HexaLevel","floor":14.0},{"not_picked":["hexamod:SpectralAdrenaline","hexamod:Again"],"picked":"hexamod:GhostShield","floor":15.0},{"not_picked":["hexamod:SearingWound","hexamod:TimeOfNeed"],"picked":"hexamod:VolcanoVisage","floor":16.0},{"not_picked":["hexamod:Again","hexamod:DynamicBlow"],"picked":"hexamod:NightmareStrike","floor":19.0},{"not_picked":["hexamod:FlamesFromBeyond","hexamod:GhostLash"],"picked":"hexamod:Rewind+1","floor":21.0},{"not_picked":["hexamod:SuperheatedStrike","hexamod:FastForward"],"picked":"hexamod:GhostShield","floor":22.0},{"not_picked":["hexamod:FlamesFromBeyond","hexamod:Firestarter"],"picked":"hexamod:PhantomCloak","floor":23.0},{"not_picked":["hexamod:ThermalTransfer","hexamod:Again"],"picked":"hexamod:Hexaguard","floor":25.0},{"not_picked":["hexamod:ThermalTransfer","hexamod:AdvancingGuard"],"picked":"hexamod:WildfireWeapon","floor":28.0},{"not_picked":["hexamod:NightmareStrike","hexamod:Firestarter"],"picked":"hexamod:ShieldOfDarkness","floor":30.0},{"not_picked":["hexamod:HauntingEcho+1","hexamod:InspiringFlames"],"picked":"hexamod:ThermalTransfer+1","floor":31.0},{"not_picked":["hexamod:SecondSeal","hexamod:ShieldOfDarkness"],"picked":"hexamod:SwordOfDarkness+1","floor":32.0},{"not_picked":["hexamod:SearingWound","hexamod:HexaLevel"],"picked":"hexamod:VolcanoVisage","floor":33.0},{"not_picked":["hexamod:HauntingEcho","hexamod:SpectersWail"],"picked":"hexamod:Haunt+1","floor":37.0},{"not_picked":["hexamod:SuperheatedStrike","hexamod:FastForward"],"picked":"hexamod:GhostOfSpirePast","floor":38.0},{"not_picked":["hexamod:HauntingEcho","hexamod:BacktrackSmack","hexamod:BurningTouch"],"picked":"SKIP","floor":39},{"not_picked":["hexamod:AdvancingGuard+1","hexamod:Hexaguard"],"picked":"hexamod:FlamesFromBeyond+1","floor":43},{"not_picked":["hexamod:SpectralSpark","hexamod:FastForward"],"picked":"hexamod:PhantomCloak+1","floor":45},{"not_picked":["hexamod:DynamicBlow","hexamod:SearingWound"],"picked":"hexamod:Incineration+1","floor":48},{"not_picked":["hexamod:Firestarter","hexamod:AdvancingGuard"],"picked":"hexamod:ThermalTransfer","floor":49}],"player_experience":1967612,"relics_obtained":[{"floor":7.0,"key":"Girya"},{"floor":9.0,"key":"Ancient Tea Set"},{"floor":12.0,"key":"Du-Vu Doll"},{"floor":31.0,"key":"Blood Vial"},{"floor":41,"key":"bronze:DecasWashers"},{"floor":45,"key":"Turnip"},{"floor":48,"key":"hexamod:MatchstickCase"}],"event_choices":[{"damage_healed":0.0,"max_hp_gain":0.0,"max_hp_loss":0.0,"gold_gain":0.0,"event_name":"FaceTrader","player_choice":"Trade","floor":27.0,"gold_loss":0.0,"damage_taken":0.0,"relics_obtained":["FaceOfCleric"]},{"damage_healed":0.0,"max_hp_gain":0.0,"max_hp_loss":0.0,"gold_gain":0.0,"event_name":"Accursed Blacksmith","player_choice":"Forge","floor":36.0,"gold_loss":0.0,"damage_taken":0.0,"cards_upgraded":["hexamod:HexaLevel"]},{"damage_healed":0,"gold_gain":0,"player_choice":"Fight","damage_taken":0,"max_hp_gain":0,"max_hp_loss":0,"event_name":"Mysterious Sphere","floor":45,"gold_loss":0}],"is_beta":false,"boss_relics":[{"not_picked":["Cursed Key","Velvet Choker"],"picked":"SlaversCollar"},{"not_picked":["Astrolabe","Black Star"],"picked":"expansioncontent:StudyCardRelic"}],"items_purged_floors":[5,25,40,44],"is_endless":false,"potions_floor_spawned":[3,12,15,16,23,28,30,31,32,33,38,45,48,49],"ascension_level":12}}