{"host":"zefmhu9ryehjj4p1","time":1614113040,"event":{"mods":["100% Spire Juice","2.2 Compatiblity","Act Like it!","Aspiration","BaseMod","Beaked The Cultist","Better Note","CapriCore","Colored Powertips","Conspire","DeckTracker","Downfall","Ekko","Elementarium","Friendly Minions","Gensokyo","Hallownest","Hermit","Highlight Path","Hubris","Infinite Spire","Koishi","Luminous","Marisa????????","Minty Spire (QoL Compilation)","Random Character Button","Reimu??????","Reliquary","Replay The Spire","Ruina","Shade Mod","Shapeshifter Mod","StSLib","The Administrix","The Blue Laboratory","The Bug Knight","The Construct","The Cursed","The Gatherer","The Hierophant","The Immortal","The Judge","The Jungle","The Marked","The Mystic","The Runesmith","The Senshi","The Servant 0.9.4","The Vixen","The Wild Card","TheBandit","TheVacant","Wandering Minibosses"],"gold_per_floor":[110,110,61,77,95,95,130,144,144,144,144,164,184,184,184,281,281,297,297,311,321,321,321],"floor_reached":22,"language":"ENG","playtime":1080,"items_purged":[],"score":188,"play_id":"85c782ba-284b-46c7-bc51-dc4eebe3055f","local_time":"20210223214400","is_ascension_mode":false,"campfire_choices":[{"floor":6,"key":"RECALL"},{"floor":15,"key":"REST"}],"circlet_count":0,"master_deck":["theSenshi:SailorKick","theSenshi:SailorKick","theSenshi:SailorKick","theSenshi:SailorKick","theSenshi:SailorBlock","theSenshi:SailorBlock","theSenshi:SailorBlock","theSenshi:SailorBlock","theSenshi:RoseThrow","theSenshi:MoonPrismPowerMakeUp","theSenshi:MoonPunch","theSenshi:MoonCrisisMakeUp","theSenshi:SailorMarsAssists","theSenshi:SailorChibiMoonAssists","theSenshi:MoonTiaraMagic","theSenshi:MoonTiaraMagic","theSenshi:JupitersPower","theSenshi:MoonTwilightFlash","theSenshi:UranusStrength","theSenshi:JupitersPower","CurseOfTheBell","theSenshi:WarriorOfTheMoon","theSenshi:MoonPrincessHalation+1"],"relics":["theSenshi:TransformationBroochRelic","aspiration:Nostalgia","Replay:M_SmolderingBlood","Strawberry","Calling Bell","Lizard Tail","theSenshi:TransformationPenRelic","reliquary:WeakTea"],"acts_visited":["Exordium","TheCity"],"potions_floor_usage":[16],"damage_taken":[{"damage":0,"enemies":"Small Slimes","floor":1,"turns":4},{"damage":0,"enemies":"Cultist","floor":4,"turns":4},{"damage":1,"enemies":"2 Louse","floor":5,"turns":3},{"damage":29,"enemies":"Lagavulin","floor":7,"turns":9},{"damage":0,"enemies":"Large Slime","floor":8,"turns":4},{"damage":23,"enemies":"Lots of Slimes","floor":12,"turns":4},{"damage":18,"enemies":"Exordium Thugs","floor":13,"turns":3},{"damage":33,"enemies":"Hexaghost","floor":16,"turns":9},{"damage":111,"enemies":"Chosen","floor":18,"turns":6},{"damage":0,"enemies":"conspire:FuzzyDice","floor":20,"turns":5},{"damage":13,"enemies":"Centurion and Healer","floor":21,"turns":6},{"damage":4,"enemies":"Cultist and Chosen","floor":22,"turns":1}],"seed_played":"-567218010290266041","potions_obtained":[{"floor":4,"key":"Regen Potion"},{"floor":8,"key":"Energy Potion"},{"floor":13,"key":"blueLaboratory:RememoryPotion"}],"is_trial":false,"path_per_floor":["M","?","$","M","M","R","E","M","T","?","$","M","M","?","R","B",null,"M","?","M","M","M"],"character_chosen":"THE_SENSHI","items_purchased":["theSenshi:SailorMarsAssists"],"campfire_rested":1,"item_purchase_floors":[3],"current_hp_per_floor":[75,75,75,75,74,74,52,52,52,52,52,29,11,11,35,17,82,16,16,16,3,0,0],"gold":321,"neow_bonus":"NOSTALGIA","is_daily":false,"chose_seed":false,"campfire_upgraded":0,"win_rate":0.0,"timestamp":1614113040,"path_taken":["M","?","$","?","M","R","E","M","T","?","$","M","M","?","R","BOSS","M","?","M","M","M"],"items_purchased_type":["Card"],"build_version":"2020-12-22","purchased_purges":0,"victory":false,"max_hp_per_floor":[75,75,75,75,75,75,82,82,82,82,82,82,82,82,82,82,82,82,82,82,82,82,82],"card_choices":[{"not_picked":["Headbutt","theSenshi:SupersonicWaves"],"picked":"theSenshi:MoonPunch","floor":1},{"not_picked":["Headbutt","Crescendo"],"picked":"theSenshi:SailorChibiMoonAssists","floor":4},{"not_picked":["Uppercut","theSenshi:VenusGlamour"],"picked":"theSenshi:MoonTiaraMagic","floor":5},{"not_picked":["Crescendo","theSenshi:CrisisMakeUp"],"picked":"theSenshi:MoonTiaraMagic","floor":7},{"not_picked":["theSenshi:Sidestep","Crescendo"],"picked":"theSenshi:JupitersPower","floor":8},{"not_picked":["theSenshi:MoonTwilightFlash","Headbutt","theSenshi:MoonsReflection"],"picked":"SKIP","floor":12},{"not_picked":["Headbutt","theSenshi:MoonsReflection"],"picked":"theSenshi:MoonTwilightFlash","floor":12},{"not_picked":["CrushJoints","theSenshi:MoonlightKnight"],"picked":"theSenshi:UranusStrength","floor":13},{"not_picked":["theSenshi:LunaSensingAllies","theSenshi:StudyParty"],"picked":"theSenshi:JupitersPower","floor":16},{"not_picked":["theSenshi:NeptunesGrace","theSenshi:DramaticEntrance"],"picked":"theSenshi:WarriorOfTheMoon","floor":18},{"not_picked":["theSenshi:LateForSchool","theSenshi:LunasBite","theSenshi:MoonPrincessHalation"],"picked":"SKIP","floor":20},{"not_picked":["theSenshi:SailorNeptuneAssists","theSenshi:SailorMercuryAssists+1"],"picked":"theSenshi:MoonPrincessHalation+1","floor":21}],"player_experience":218412,"relics_obtained":[{"floor":7,"key":"Strawberry"},{"floor":17,"key":"Lizard Tail"},{"floor":17,"key":"theSenshi:TransformationPenRelic"},{"floor":17,"key":"reliquary:WeakTea"}],"event_choices":[{"damage_healed":0,"gold_gain":0,"player_choice":"1 cards matched","damage_taken":0,"max_hp_gain":0,"max_hp_loss":0,"event_name":"Match and Keep!","floor":2,"gold_loss":0,"cards_obtained":["theSenshi:MoonCrisisMakeUp"]},{"damage_healed":0,"gold_gain":0,"player_choice":"Ignored","damage_taken":0,"max_hp_gain":0,"max_hp_loss":0,"event_name":"betterNote:BetterNote","floor":19,"gold_loss":0,"cards_obtained":["hexamod:BurningTouch"]}],"is_beta":false,"boss_relics":[{"not_picked":["ReplayTheSpireMod:SealedPack","Philosopher\u0027s Stone"],"picked":"Calling Bell"}],"items_purged_floors":[],"is_endless":false,"potions_floor_spawned":[4,8,13],"killed_by":"Cultist and Chosen","ascension_level":0}}