{"host":"92kgk6frc09v07nq","time":1614100452,"event":{"mods":["BaseMod","Minty Spire (QoL Compilation)"],"gold_per_floor":[114,125,19,34,54,84,94,94,119,194,194,207,207,307,307,432,432,448,448,448,103,202,202,102,142,142,142,157,157,157],"floor_reached":29,"language":"ENG","playtime":875,"items_purged":["BattleHymn","Strike_P"],"score":301,"play_id":"1ff5be33-8dd2-472a-a40e-c521c51393d4","local_time":"20210223111412","is_ascension_mode":true,"campfire_choices":[{"data":"Eruption","floor":8,"key":"SMITH"},{"floor":11,"key":"REST"},{"data":"BattleHymn","floor":15,"key":"SMITH"},{"data":"Adaptation","floor":23,"key":"SMITH"}],"circlet_count":0,"master_deck":["Strike_P","Defend_P","Defend_P","Defend_P","Defend_P","Eruption+1","Vigilance","DevaForm","FollowUp","ThirdEye","Bandage Up","EmptyFist","EmptyFist","Crescendo","BattleHymn+1","CarveReality","ClearTheMind","Vault","EmptyBody+1","EmptyFist","Adaptation+1","Flash of Steel","Evaluate+1","ThirdEye"],"relics":["HolyWater","Kunai","Golden Idol","Oddly Smooth Stone","Omamori","Molten Egg 2"],"acts_visited":["Exordium","TheCity"],"potions_floor_usage":[6,6,7,28,29],"damage_taken":[{"damage":16,"enemies":"Cultist","floor":1,"turns":4},{"damage":0,"enemies":"Jaw Worm","floor":2,"turns":3},{"damage":13,"enemies":"2 Louse","floor":4,"turns":3},{"damage":9,"enemies":"Exordium Thugs","floor":5,"turns":5},{"damage":18,"enemies":"Lagavulin","floor":6,"turns":5},{"damage":11,"enemies":"3 Louse","floor":7,"turns":3},{"damage":3,"enemies":"Blue Slaver","floor":12,"turns":2},{"damage":21,"enemies":"Slime Boss","floor":16,"turns":6},{"damage":13,"enemies":"2 Thieves","floor":18,"turns":4},{"damage":63,"enemies":"Gremlin Leader","floor":25,"turns":5},{"damage":3,"enemies":"Shell Parasite","floor":28,"turns":4},{"damage":5,"enemies":"Snecko","floor":29,"turns":6}],"seed_played":"1944442715691039433","potions_obtained":[{"floor":2,"key":"SteroidPotion"},{"floor":5,"key":"Regen Potion"},{"floor":6,"key":"Weak Potion"},{"floor":7,"key":"EssenceOfSteel"},{"floor":25,"key":"Swift Potion"}],"is_trial":false,"path_per_floor":["M","M","$","M","M","E","M","R","T","?","R","M","?","?","R","B",null,"M","?","?","$","?","R","$","E","T","?","M","M"],"character_chosen":"WATCHER","items_purchased":["Bandage Up","EmptyFist","Adaptation","Oddly Smooth Stone","Flash of Steel"],"campfire_rested":1,"item_purchase_floors":[3,3,21,21,21],"current_hp_per_floor":[56,56,56,47,42,42,31,31,31,20,41,38,38,38,38,21,56,43,65,65,65,65,65,65,6,6,6,7,6,6],"gold":157,"neow_bonus":"ONE_RANDOM_RARE_CARD","is_daily":false,"chose_seed":false,"campfire_upgraded":3,"win_rate":0.0,"timestamp":1614100452,"path_taken":["M","M","$","?","?","E","M","R","T","?","R","M","?","?","R","BOSS","M","?","?","$","?","R","?","E","T","?","M","M"],"items_purchased_type":["Card","Card","Card","Relic","Card"],"build_version":"2020-12-22","purchased_purges":2,"victory":false,"max_hp_per_floor":[72,72,72,72,72,72,72,72,72,72,72,72,67,67,67,67,67,67,67,67,67,67,67,67,67,67,67,67,67,67],"card_choices":[{"not_picked":["Prostrate","Conclude"],"picked":"FollowUp","floor":1},{"not_picked":["BowlingBash","CrushJoints"],"picked":"ThirdEye","floor":2},{"not_picked":["Evaluate","BowlingBash"],"picked":"EmptyFist","floor":4},{"not_picked":["Evaluate","Wallop"],"picked":"Crescendo","floor":5},{"not_picked":["WaveOfTheHand","Nirvana"],"picked":"BattleHymn","floor":6},{"not_picked":["PathToVictory","Nirvana"],"picked":"CarveReality","floor":7},{"not_picked":["Wallop","Halt"],"picked":"ClearTheMind","floor":12},{"not_picked":["DevaForm","Alpha"],"picked":"Vault","floor":16},{"not_picked":["FollowUp+1","BowlingBash"],"picked":"EmptyBody+1","floor":18},{"not_picked":["Protect+1","FlurryOfBlows"],"picked":"Evaluate+1","floor":25},{"not_picked":["Consecrate+1","Crescendo"],"picked":"ThirdEye","floor":28}],"player_experience":1067915,"relics_obtained":[{"floor":6,"key":"Kunai"},{"floor":25,"key":"Omamori"},{"floor":26,"key":"Molten Egg 2"}],"event_choices":[{"damage_healed":0,"gold_gain":75,"player_choice":"Gather Gold","damage_taken":11,"max_hp_gain":0,"max_hp_loss":0,"event_name":"World of Goop","floor":10,"gold_loss":0},{"damage_healed":0,"gold_gain":0,"player_choice":"Lose Max HP","damage_taken":0,"relics_obtained":["Golden Idol"],"max_hp_gain":0,"max_hp_loss":5,"event_name":"Golden Idol","floor":13,"gold_loss":0},{"damage_healed":0,"gold_gain":100,"player_choice":"Pray","damage_taken":0,"max_hp_gain":0,"max_hp_loss":0,"event_name":"Golden Shrine","floor":14,"gold_loss":0},{"damage_healed":22,"gold_gain":0,"player_choice":"Heal","damage_taken":0,"max_hp_gain":0,"max_hp_loss":0,"event_name":"The Library","floor":19,"gold_loss":0},{"damage_healed":0,"gold_gain":0,"cards_transformed":["Strike_P","Strike_P"],"player_choice":"Became Test Subject","damage_taken":0,"max_hp_gain":0,"max_hp_loss":0,"event_name":"Drug Dealer","floor":20,"gold_loss":0,"cards_obtained":["EmptyFist","BattleHymn"]},{"damage_healed":0,"gold_gain":99,"player_choice":"Stole From Cult","damage_taken":0,"max_hp_gain":0,"max_hp_loss":0,"event_name":"Nest","floor":22,"gold_loss":0},{"damage_healed":0,"gold_gain":0,"player_choice":"Ignored","damage_taken":0,"max_hp_gain":0,"max_hp_loss":0,"event_name":"Cursed Tome","floor":27,"gold_loss":0}],"is_beta":false,"boss_relics":[{"not_picked":["Pandora\u0027s Box","Astrolabe"],"picked":"HolyWater"}],"items_purged_floors":[21,24],"is_endless":false,"potions_floor_spawned":[2,5,6,7,25],"killed_by":"Snecko","ascension_level":5}}