{"host":"dbkc9h3etq50r1dq","time":1614119677,"event":{"mods":["AchievementEnabler","BaseMod","Block Reminder","Colored Powertips","Curses Come First","Dark Map","Minty Spire (QoL Compilation)","Permanent Neow","Potion Indicator Mod","Rare Cards Sparkle","StSLib","SuperFastMode"],"gold_per_floor":[110,110,130,146,321,321,339,339,339,339,141,151,165,180,180,277,277,295,315,315,119,119,119,44,44,44,44,63,76,76,90,90,185,185,200,200,40,90,110,135,15,26,26,70,70,70,0,19,19,19,19],"floor_reached":50,"language":"ZHS","playtime":2618,"items_purged":["Doubt","Masterful Stab","Night Terror","Corpse Explosion+1"],"score":723,"play_id":"cb524ff2-31c8-488c-8407-2f4c4d65ec01","local_time":"20210224063437","is_ascension_mode":true,"campfire_choices":[{"data":"Neutralize","floor":6.0,"key":"SMITH"},{"data":"Sucker Punch","floor":10.0,"key":"SMITH"},{"floor":15.0,"key":"REST"},{"floor":23.0,"key":"REST"},{"data":"Noxious Fumes","floor":27.0,"key":"SMITH"},{"data":"Noxious Fumes","floor":32.0,"key":"SMITH"},{"floor":46,"key":"REST"},{"data":"Deep Breath","floor":49,"key":"SMITH"}],"circlet_count":0,"master_deck":["Survivor+1","Neutralize+1","Sucker Punch+1","Noxious Fumes+1","Deep Breath+1","Backflip","Slice","Adrenaline","Deflect","Catalyst+1","Well Laid Plans","Backstab","Night Terror","Heel Hook","Sucker Punch","Dagger Spray+1","Noxious Fumes+1","Bite","Bite","Bite","Bite","Bite","Deflect+1","Prepared+1","Sadistic Nature","Madness+1","Secret Weapon+1","Backflip+1","Backflip+1","Concentrate+1","Noxious Fumes+1","Deadly Poison+1"],"relics":["Ring of the Snake","Snake Skull","Torii","Kunai","Pandora\u0027s Box","Membership Card","Toxic Egg 2","Black Star","Oddly Smooth Stone","Pocketwatch","TungstenRod","War Paint","HornCleat","CeramicFish","Bottled Flame","Red Mask"],"acts_visited":["Exordium","TheCity","TheBeyond"],"potions_floor_usage":[35,39,40,44,44,50],"damage_taken":[{"damage":0.0,"enemies":"2 Louse","floor":1.0,"turns":4.0},{"damage":0.0,"enemies":"Cultist","floor":3.0,"turns":3.0},{"damage":4.0,"enemies":"Small Slimes","floor":4.0,"turns":4.0},{"damage":8.0,"enemies":"Looter","floor":7.0,"turns":3.0},{"damage":6.0,"enemies":"Lots of Slimes","floor":12.0,"turns":3.0},{"damage":2.0,"enemies":"Blue Slaver","floor":13.0,"turns":5.0},{"damage":9.0,"enemies":"Looter","floor":14.0,"turns":3.0},{"damage":29.0,"enemies":"The Guardian","floor":16.0,"turns":11.0},{"damage":1.0,"enemies":"Shell Parasite","floor":18.0,"turns":3.0},{"damage":0.0,"enemies":"3 Byrds","floor":19.0,"turns":2.0},{"damage":12.0,"enemies":"Cultist and Chosen","floor":28.0,"turns":5.0},{"damage":7.0,"enemies":"3 Cultists","floor":29.0,"turns":3.0},{"damage":7.0,"enemies":"Snake Plant","floor":31.0,"turns":6.0},{"damage":33.0,"enemies":"Collector","floor":33.0,"turns":9.0},{"damage":8,"enemies":"Orb Walker","floor":35,"turns":4},{"damage":8,"enemies":"Mind Bloom Boss Battle","floor":38,"turns":8},{"damage":0,"enemies":"3 Shapes","floor":39,"turns":3},{"damage":29,"enemies":"Nemesis","floor":40,"turns":5},{"damage":21,"enemies":"Sphere and 2 Shapes","floor":42,"turns":6},{"damage":27,"enemies":"Giant Head","floor":44,"turns":7},{"damage":0,"enemies":"Maw","floor":48,"turns":6},{"damage":57,"enemies":"Time Eater","floor":50,"turns":5}],"seed_played":"-1217869350403293811","potions_obtained":[{"floor":3.0,"key":"GamblersBrew"},{"floor":7.0,"key":"CunningPotion"},{"floor":13.0,"key":"Swift Potion"},{"floor":16.0,"key":"SneckoOil"},{"floor":18.0,"key":"EssenceOfSteel"},{"floor":28.0,"key":"Block Potion"},{"floor":33.0,"key":"DistilledChaos"},{"floor":35,"key":"Fire Potion"},{"floor":38,"key":"Weak Potion"},{"floor":42,"key":"BlessingOfTheForge"},{"floor":48,"key":"Explosive Potion"}],"is_trial":false,"path_per_floor":["M","?","M","M","?","R","M","?","T","R","$","M","M","M","R","B",null,"M","M","?","$","?","R","?","?","T","R","M","M","?","M","R","B",null,"M","?","$","?","M","E","$","M","T","E","T","R","?","M","R","B"],"character_chosen":"THE_SILENT","items_purchased":["Noxious Fumes","Deep Breath","Membership Card","Oddly Smooth Stone","Backflip+1","Concentrate+1","ColorlessPotion"],"campfire_rested":3,"item_purchase_floors":[11,11,21,37,37,41,41],"current_hp_per_floor":[63,63,63,59,59,59,51,51,51,51,51,45,43,34,55,26,59,58,58,58,58,45,67,67,52,52,52,42,39,39,44,44,31,47,47,37,37,49,52,29,29,32,32,22,22,37,37,52,52,0,0],"gold":19,"neow_bonus":"RANDOM_COMMON_RELIC","is_daily":false,"chose_seed":false,"campfire_upgraded":5,"win_rate":0.0,"timestamp":1614119677,"path_taken":["M","?","?","M","?","R","M","?","T","R","$","M","?","M","R","BOSS","M","M","?","$","?","R","?","?","T","R","M","M","?","M","R","BOSS","M","?","$","?","M","E","$","M","T","E","?","R","?","M","R","BOSS"],"items_purchased_type":["Card","Card","Relic","Relic","Card","Card","Potion"],"build_version":"2020-12-22","purchased_purges":4,"victory":false,"max_hp_per_floor":[70,70,70,70,70,70,70,70,70,70,70,70,70,70,70,70,70,70,70,70,70,75,75,75,52,52,52,52,52,52,52,52,52,52,52,52,52,52,52,52,52,52,52,52,52,52,52,52,52,52,52],"card_choices":[{"not_picked":["Flying Knee","Blur"],"picked":"Poisoned Stab","floor":1.0},{"not_picked":["Cloak And Dagger","Deflect","Blade Dance"],"picked":"SKIP","floor":3.0},{"not_picked":["PiercingWail","Quick Slash"],"picked":"Sucker Punch","floor":4.0},{"not_picked":["Cloak And Dagger","Terror","Poisoned Stab"],"picked":"SKIP","floor":7.0},{"not_picked":["Blade Dance","Flying Knee"],"picked":"Backflip","floor":12.0},{"not_picked":["Skewer","Poisoned Stab"],"picked":"Slice","floor":13.0},{"not_picked":["Blur","Poisoned Stab"],"picked":"Night Terror","floor":14.0},{"not_picked":["Doppelganger","Tools of the Trade"],"picked":"Adrenaline","floor":16.0},{"not_picked":["Backflip","Masterful Stab"],"picked":"Dagger Spray+1","floor":18.0},{"not_picked":["Caltrops","Underhanded Strike+1","Concentrate"],"picked":"SKIP","floor":19.0},{"not_picked":["Blade Dance+1","Footwork"],"picked":"Deflect+1","floor":28.0},{"not_picked":["Expertise+1","Poisoned Stab","Dagger Spray"],"picked":"SKIP","floor":29.0},{"not_picked":["Slice","Flechettes"],"picked":"Prepared+1","floor":31.0},{"not_picked":["Doppelganger+1","Storm of Steel+1"],"picked":"Corpse Explosion+1","floor":33.0},{"not_picked":["Cloak And Dagger+1","Underhanded Strike+1","Dagger Throw+1"],"picked":"SKIP","floor":35},{"not_picked":["Chrysalis+1","Jack Of All Trades+1"],"picked":"Sadistic Nature","floor":36},{"not_picked":["Purity+1","PanicButton+1"],"picked":"Madness+1","floor":36},{"not_picked":["Jack Of All Trades+1","Panacea+1"],"picked":"Secret Weapon+1","floor":36},{"not_picked":["All Out Attack+1","Quick Slash","Reflex+1"],"picked":"SKIP","floor":39},{"not_picked":["Skewer","Slice+1"],"picked":"Backflip+1","floor":40},{"not_picked":["Accuracy+1","Slice+1","Backflip+1"],"picked":"SKIP","floor":42},{"not_picked":["Reflex+1","Underhanded Strike"],"picked":"Noxious Fumes+1","floor":44},{"not_picked":["Dodge and Roll+1","Poisoned Stab+1"],"picked":"Deadly Poison+1","floor":48}],"player_experience":147648,"relics_obtained":[{"floor":9.0,"key":"Kunai"},{"floor":26.0,"key":"Toxic Egg 2"},{"floor":38,"key":"Pocketwatch"},{"floor":40,"key":"TungstenRod"},{"floor":40,"key":"War Paint"},{"floor":43,"key":"HornCleat"},{"floor":44,"key":"CeramicFish"},{"floor":44,"key":"Bottled Flame"}],"event_choices":[{"cards_removed":["Defend_G"],"damage_healed":0.0,"max_hp_gain":0.0,"max_hp_loss":0.0,"gold_gain":0.0,"event_name":"Purifier","player_choice":"Purged","floor":2.0,"gold_loss":0.0,"damage_taken":0.0},{"damage_healed":0.0,"max_hp_gain":0.0,"max_hp_loss":0.0,"gold_gain":175.0,"event_name":"Liars Game","player_choice":"AGREE","floor":5.0,"gold_loss":0.0,"damage_taken":0.0,"cards_obtained":["Doubt"]},{"cards_removed":["Poisoned Stab"],"damage_healed":0.0,"max_hp_gain":0.0,"max_hp_loss":0.0,"gold_gain":0.0,"event_name":"WeMeetAgain","player_choice":"Gave Card","floor":8.0,"gold_loss":0.0,"damage_taken":0.0,"relics_obtained":["Torii"]},{"damage_healed":0.0,"max_hp_gain":0.0,"max_hp_loss":0.0,"gold_gain":0.0,"event_name":"The Library","player_choice":"Read","floor":20.0,"gold_loss":0.0,"damage_taken":0.0,"cards_obtained":["Noxious Fumes"]},{"damage_healed":0.0,"max_hp_gain":5.0,"max_hp_loss":0.0,"gold_gain":0.0,"event_name":"Forgotten Altar","player_choice":"Shed Blood","floor":22.0,"gold_loss":0.0,"damage_taken":18.0},{"cards_removed":["Eviscerate"],"damage_healed":0.0,"max_hp_gain":0.0,"max_hp_loss":0.0,"gold_gain":0.0,"event_name":"Beggar","player_choice":"Gave Gold","floor":24.0,"gold_loss":75.0,"damage_taken":0.0},{"damage_healed":0.0,"max_hp_gain":0.0,"max_hp_loss":23.0,"gold_gain":0.0,"event_name":"Vampires","player_choice":"Became a vampire","floor":25.0,"gold_loss":0.0,"damage_taken":0.0,"cards_obtained":["Bite","Bite","Bite","Bite","Bite"]},{"damage_healed":0,"gold_gain":0,"player_choice":"Memory 3","damage_taken":10,"max_hp_gain":0,"max_hp_loss":0,"event_name":"SensoryStone","floor":36,"gold_loss":0},{"damage_healed":0,"gold_gain":0,"player_choice":"Fight","damage_taken":0,"max_hp_gain":0,"max_hp_loss":0,"event_name":"MindBloom","floor":38,"gold_loss":0},{"damage_healed":0,"gold_gain":0,"player_choice":"Paid","damage_taken":0,"relics_obtained":["Red Mask"],"max_hp_gain":0,"max_hp_loss":0,"event_name":"Tomb of Lord Red Mask","floor":47,"gold_loss":70}],"is_beta":false,"boss_relics":[{"not_picked":["Busted Crown","Sozu"],"picked":"Pandora\u0027s Box"},{"not_picked":["Velvet Choker","Calling Bell"],"picked":"Black Star"}],"items_purged_floors":[11,21,37,41],"is_endless":false,"potions_floor_spawned":[3,7,13,16,18,28,33,35,38,42,48],"killed_by":"Time Eater","ascension_level":7}}