{"host":"tod","time":1614100972,"event":{"mods":["ATMod(∞¢Ë™Mod)","AchievementEnabler","Act Like it!","BaseMod","CapriCore","Energized Spire","Highlight Path","Lobotomy","Marisa£®ÏF”Í°°ƒß¿Ì…≥£©","Minty Spire (QoL Compilation)","Quick Restart","Reimu£®≤©¿ˆ¡È√Œ£©","Relic Filter Mod","Relic Stats","Remilia£®¿Ÿ√◊¿Ú—«£©","Replay The Spire","Shop Mod","StSLib","The Cursed","The Immortal","Yakumo Yukari mod","Youmu£®ªÍ∆«—˝√Œ£©"],"gold_per_floor":[16,16,91,106,56,56,56,71,139,168,182,196,196,214,214,318,318,337,337,350,367,384,418,430,430,430,458,233,258,23,39,39,138,138,150,87,103,28,28,28,62,62,87,98,128,139,149,149,149,149,149],"floor_reached":52,"language":"ZHS","playtime":1829,"items_purged":["Strike_G","Strike_G","Strike_G","Strike_G"],"score":979,"play_id":"e66e51fc-a73c-4d60-8a2c-cf2024702a03","local_time":"20210224012252","is_ascension_mode":true,"campfire_choices":[{"data":"Neutralize","floor":6.0,"key":"SMITH"},{"data":"AT_EssenceShift","floor":13.0,"key":"SMITH"},{"data":"Sucker Punch","floor":15.0,"key":"SMITH"},{"floor":25.0,"key":"REST"},{"data":"Blade Dance","floor":32.0,"key":"SMITH"},{"data":"Blade Dance","floor":40.0,"key":"SMITH"},{"data":"Wraith Form v2","floor":42.0,"key":"SMITH"},{"data":"Hidden Blade","floor":49.0,"key":"SMITH"}],"circlet_count":0,"master_deck":["Defend_G","Defend_G","Defend_G","Defend_G","Survivor","Neutralize+1","AT_EssenceShift+1","Sucker Punch+1","Backstab","Dagger Spray","Blade Dance+1","Hidden Blade+1","Blade Dance+1","Wraith Form v2+1","Replay:Poison Smokescreen+1","AT_WindFlip","Heel Hook","Heel Hook","Cloak And Dagger+1","Cloak And Dagger+1"],"relics":["Ring of the Serpent","AT_ATBox","AT_Kusabimaru","Replay:Mystery Machine","AT_GuinsooRageblade","AT_EbonyIvory","SlaversCollar","Mango","Quantum Egg","AT_RedNoBalance","MealTicket","Membership Card","Meat on the Bone","AT_SpeedBoots","Blue Doll","Replay:Accelerometer","ScarletDevilRocket","AT_BellDemon","Blood Vial","Pet Ghost","ReplayTheSpireMod:Ninjato"],"acts_visited":["Exordium","TheCity","TheBeyond"],"potions_floor_usage":[50],"damage_taken":[{"damage":4.0,"enemies":"Jaw Worm","floor":1.0,"turns":2.0},{"damage":0.0,"enemies":"Small Slimes","floor":4.0,"turns":2.0},{"damage":0.0,"enemies":"2 Louse","floor":8.0,"turns":1.0},{"damage":9.0,"enemies":"Lagavulin","floor":10.0,"turns":5.0},{"damage":0.0,"enemies":"Blue Slaver","floor":11.0,"turns":1.0},{"damage":0.0,"enemies":"Gremlin Gang","floor":12.0,"turns":1.0},{"damage":0.0,"enemies":"Large Slime","floor":14.0,"turns":1.0},{"damage":24.0,"enemies":"The Guardian","floor":16.0,"turns":6.0},{"damage":11.0,"enemies":"2 Thieves","floor":18.0,"turns":2.0},{"damage":10.0,"enemies":"Shell Parasite","floor":20.0,"turns":3.0},{"damage":8.0,"enemies":"Centurion and Healer","floor":21.0,"turns":4.0},{"damage":0.0,"enemies":"Chosen and Byrds","floor":22.0,"turns":3.0},{"damage":28.0,"enemies":"Gremlin Leader","floor":23.0,"turns":3.0},{"damage":3.0,"enemies":"Shelled Parasite and Fungi","floor":24.0,"turns":3.0},{"damage":5.0,"enemies":"Book of Stabbing","floor":27.0,"turns":6.0},{"damage":30.0,"enemies":"Slavers","floor":29.0,"turns":4.0},{"damage":2.0,"enemies":"Centurion and Healer","floor":31.0,"turns":3.0},{"damage":22.0,"enemies":"Automaton","floor":33.0,"turns":5.0},{"damage":0.0,"enemies":"Orb Walker","floor":35.0,"turns":2.0},{"damage":0.0,"enemies":"3 Shapes","floor":37.0,"turns":2.0},{"damage":0.0,"enemies":"R_Hoarder","floor":41.0,"turns":3.0},{"damage":0.0,"enemies":"Spire Growth","floor":44.0,"turns":3.0},{"damage":0.0,"enemies":"Reptomancer","floor":45.0,"turns":3.0},{"damage":0.0,"enemies":"3 Darklings","floor":46.0,"turns":2.0},{"damage":0.0,"enemies":"Sphere and 2 Shapes","floor":47.0,"turns":2.0},{"damage":24,"enemies":"Donu and Deca","floor":50,"turns":3}],"seed_played":"-2433754106701761223","potions_obtained":[{"floor":1.0,"key":"Milkshake"},{"floor":3.0,"key":"EntropicBrew"},{"floor":3.0,"key":"Adrenaline Potion"},{"floor":11.0,"key":"ZuzhouPotion:ReiMu"},{"floor":14.0,"key":"Adrenaline Potion"},{"floor":16.0,"key":"ZuzhouPotion:ReiMu"},{"floor":18.0,"key":"ColorlessPotion"},{"floor":20.0,"key":"PowerPotion"},{"floor":21.0,"key":"AttackPotion"},{"floor":23.0,"key":"CunningPotion"},{"floor":31.0,"key":"EssenceOfSteel"},{"floor":37.0,"key":"PanachePotion"},{"floor":44.0,"key":"Languid Potion"},{"floor":45.0,"key":"SneckoOil"},{"floor":47.0,"key":"SteroidPotion"}],"is_trial":false,"path_per_floor":["M","?","?","M","?","R","$","M","T","E","M","M","R","M","R","B",null,"M","?","M","M","M","E","M","R","T","E","$","E","$","M","R","B",null,"M","$","M","$","?","R","E","R","T","M","E","M","M","T","R","B",null,null],"character_chosen":"THE_SILENT","items_purchased":["Membership Card","Accuracy","AT_SpeedBoots","Heel Hook","Blue Doll"],"campfire_rested":1,"item_purchase_floors":[28,28,30,30,30],"current_hp_per_floor":[66,66,66,66,66,66,66,66,66,57,57,57,57,57,57,33,70,59,73,63,55,55,27,24,49,49,37,52,12,27,52,52,32,84,54,69,69,84,84,84,84,84,84,84,84,84,84,84,84,60,60],"gold":149,"neow_bonus":"ONE_RARE_RELIC","is_daily":false,"chose_seed":false,"campfire_upgraded":7,"win_rate":0.0,"timestamp":1614100972,"path_taken":["M","?","?","M","?","R","$","M","T","E","M","M","R","M","R","BOSS","M","?","M","M","?","E","M","R","T","E","$","E","$","M","R","BOSS","M","$","M","$","?","R","E","R","T","M","E","M","M","?","R","BOSS"],"items_purchased_type":["Relic","Card","Relic","Card","Relic"],"build_version":"2020-12-18","purchased_purges":4,"victory":true,"max_hp_per_floor":[70,70,70,70,70,70,70,70,70,70,70,70,70,70,70,70,70,70,84,84,84,84,84,84,84,84,84,84,84,84,84,84,84,84,84,84,84,84,84,84,84,84,84,84,84,84,84,84,84,84,84],"relic_stats":{"Blood Vial":0,"counters":[26,75],"MealTicket":60,"obtain_stats":[{"AT_BellDemon":45,"Replay:Accelerometer":41,"AT_ATBox":0,"ScarletDevilRocket":43,"ReplayTheSpireMod:Ninjato":48,"Quantum Egg":23,"Mango":19,"Blue Doll":30,"AT_EbonyIvory":10,"AT_SilverBalance":26,"Replay:Mystery Machine":3,"Pet Ghost":47,"Blood Vial":46,"SlaversCollar":17,"AT_SpeedBoots":30,"AT_Kusabimaru":0,"MealTicket":27,"Membership Card":28,"AT_RedNoBalance":35,"AT_GuinsooRageblade":9,"Ring of the Serpent":34,"Ring of the Snake":0,"Meat on the Bone":29},{"AT_BellDemon":23,"Replay:Accelerometer":21,"AT_ATBox":0,"ScarletDevilRocket":21,"ReplayTheSpireMod:Ninjato":25,"Quantum Egg":13,"Mango":9,"Blue Doll":16,"AT_EbonyIvory":4,"AT_SilverBalance":14,"Replay:Mystery Machine":1,"Pet Ghost":25,"Blood Vial":24,"SlaversCollar":8,"AT_SpeedBoots":16,"AT_Kusabimaru":0,"MealTicket":15,"Membership Card":15,"AT_RedNoBalance":19,"AT_GuinsooRageblade":3,"Ring of the Serpent":18,"Ring of the Snake":0,"Meat on the Bone":16},{"AT_BellDemon":68,"Replay:Accelerometer":62,"AT_ATBox":0,"ScarletDevilRocket":62,"ReplayTheSpireMod:Ninjato":72,"Quantum Egg":34,"Mango":21,"Blue Doll":47,"AT_EbonyIvory":10,"AT_SilverBalance":37,"Replay:Mystery Machine":2,"Pet Ghost":72,"Blood Vial":70,"SlaversCollar":19,"AT_SpeedBoots":47,"AT_Kusabimaru":0,"MealTicket":43,"Membership Card":43,"AT_RedNoBalance":55,"AT_GuinsooRageblade":5,"Ring of the Serpent":55,"Ring of the Snake":0,"Meat on the Bone":47}],"Meat on the Bone":36},"card_choices":[{"not_picked":["Draining Mist","Fluid Movement"],"picked":"Sucker Punch","floor":1.0},{"not_picked":["Hidden Blade","Expertise"],"picked":"Backstab","floor":3.0},{"not_picked":["Bouncing Flask","Poisoned Stab"],"picked":"Dagger Spray","floor":4.0},{"not_picked":["Expertise","Skewer","Acrobatics"],"picked":"SKIP","floor":8.0},{"not_picked":["Slice","Toxin Wave"],"picked":"Blade Dance","floor":10.0},{"not_picked":["Hidden Blade","Poisoned Stab","Quick Slash"],"picked":"SKIP","floor":11.0},{"not_picked":["Poisoned Stab","Quick Slash"],"picked":"Hidden Blade","floor":11.0},{"not_picked":["Poisoned Stab","Noxious Fumes","Unload"],"picked":"SKIP","floor":12.0},{"not_picked":["Predator","Deflect"],"picked":"Blade Dance","floor":14.0},{"not_picked":["Corpse Explosion","Bullet Time"],"picked":"Wraith Form v2","floor":16.0},{"not_picked":["Hidden Blade","Underhanded Strike"],"picked":"Replay:Poison Smokescreen+1","floor":18.0},{"not_picked":["Dodge and Roll","Cloak And Dagger"],"picked":"AT_WindFlip","floor":20.0},{"not_picked":["Quick Slash","AT_WindFlip","Sucker Punch"],"picked":"SKIP","floor":21.0},{"not_picked":["AT_WindRun","Deadly Poison","Venomology"],"picked":"SKIP","floor":22.0},{"not_picked":["Flying Knee","Prepared+1","Acrobatics"],"picked":"SKIP","floor":23.0},{"not_picked":["Toxin Wave+1","Deadly Poison+1"],"picked":"Heel Hook","floor":24.0},{"not_picked":["ReplayTheSpireMod:Speed Training","Caltrops+1","Footwork"],"picked":"SKIP","floor":27.0},{"not_picked":["Acrobatics","Skewer","Prepared"],"picked":"SKIP","floor":29.0},{"not_picked":["Hidden Blade","Underhanded Strike+1","Backflip"],"picked":"SKIP","floor":31.0},{"not_picked":["Acrobatics","PiercingWail","Bane+1"],"picked":"SKIP","floor":35.0},{"not_picked":["Deadly Poison+1","Acrobatics","Quick Slash+1"],"picked":"SKIP","floor":37.0},{"not_picked":["Sucker Punch+1","AT_WomanClash+1"],"picked":"Cloak And Dagger+1","floor":41.0},{"not_picked":["Hidden Blade","Escape Plan+1"],"picked":"Cloak And Dagger+1","floor":44.0},{"not_picked":["Underhanded Strike+1","Concentrate+1","Deadly Poison+1"],"picked":"SKIP","floor":45.0},{"not_picked":["ReplayTheSpireMod:Scrap Shanks+1","Distraction","Deadly Poison"],"picked":"SKIP","floor":46.0},{"not_picked":["Deadly Poison","Skewer","ReplayTheSpireMod:Scrap Shanks"],"picked":"SKIP","floor":47.0}],"player_experience":424771,"relics_obtained":[{"floor":3.0,"key":"Replay:Mystery Machine"},{"floor":9.0,"key":"AT_GuinsooRageblade"},{"floor":10.0,"key":"AT_EbonyIvory"},{"floor":23.0,"key":"Quantum Egg"},{"floor":26.0,"key":"AT_SilverBalance"},{"floor":27.0,"key":"MealTicket"},{"floor":29.0,"key":"Meat on the Bone"},{"floor":41.0,"key":"Replay:Accelerometer"},{"floor":43.0,"key":"ScarletDevilRocket"},{"floor":45.0,"key":"AT_BellDemon"},{"floor":46.0,"key":"Blood Vial"},{"floor":47.0,"key":"Pet Ghost"},{"floor":48.0,"key":"ReplayTheSpireMod:Ninjato"}],"event_choices":[{"cards_removed":["Strike_G"],"damage_healed":0.0,"max_hp_gain":0.0,"max_hp_loss":0.0,"gold_gain":0.0,"event_name":"The Cleric","player_choice":"Card Removal","floor":5.0,"gold_loss":50.0,"damage_taken":0.0},{"damage_healed":0.0,"max_hp_gain":0.0,"max_hp_loss":0.0,"gold_gain":0.0,"event_name":"WeMeetAgain","player_choice":"Gave Potion","floor":19.0,"gold_loss":0.0,"damage_taken":0.0,"relics_obtained":["Mango"]},{"cards_removed":["Accuracy"],"damage_healed":0.0,"max_hp_gain":0.0,"max_hp_loss":0.0,"gold_gain":0.0,"event_name":"Falling","player_choice":"Removed Power","floor":39.0,"gold_loss":0.0,"damage_taken":0.0}],"is_beta":true,"boss_relics":[{"not_picked":["Ring of Chaos","ChewingGum"],"picked":"SlaversCollar"},{"not_picked":["Philosopher\u0027s Stone","HoveringKite"],"picked":"Ring of the Serpent"}],"items_purged_floors":[28,30,36,38],"is_endless":false,"potions_floor_spawned":[1,11,14,16,18,20,21,23,31,37,44,45,47],"ascension_level":4}}