{"host":"quiy8wyoisq1qqtn","time":1614082140,"event":{"mods":["BaseMod","Downfall","Minty Spire (QoL Compilation)","StSLib"],"gold_per_floor":[99,116,291,291,291,310,310,326,339,339,366,366,381,481,492,593,593,593,593,19,19,19,19,42,62,62,72,85,111,111,142,155,251,251,151,169,169,189,189,204,204,214,214,214,228,241,341,341,341,341],"floor_reached":48,"language":"ZHS","playtime":7469,"items_purged":["hexamod:Strike"],"score":497,"play_id":"9e0a1815-3cfd-498e-bb23-980b83bfd04b","local_time":"20210223200900","is_ascension_mode":false,"campfire_choices":[{"data":"hexamod:Float","floor":1.0,"key":"SMITH"},{"data":"hexamod:BurningTouch","floor":10.0,"key":"SMITH"},{"floor":12.0,"key":"REST"},{"data":"hexamod:ForkedFlame","floor":18.0,"key":"SMITH"},{"data":"hexamod:Firestarter","floor":23.0,"key":"SMITH"},{"data":"hexamod:EmpoweredFlame","floor":26.0,"key":"SMITH"},{"data":"hexamod:SpectersWail","floor":35.0,"key":"SMITH"},{"data":"hexamod:WildfireWeapon","floor":44,"key":"SMITH"}],"circlet_count":0,"master_deck":["hexamod:Strike+1","hexamod:Defend+1","hexamod:Defend+1","hexamod:Defend+1","hexamod:Sear+1","hexamod:Float+1","hexamod:GhostShield+1","hexamod:FirstSeal","hexamod:NightmareStrike+1","hexamod:BurningTouch+1","hexamod:SixthSeal","hexamod:GhostOfSpireFuture+1","hexamod:PhantomFireball+1","hexamod:Firestarter+1","hexamod:Hexaguard+1","hexamod:ForkedFlame+1","CurseOfTheBell","hexamod:ThirdSeal","hexamod:ShieldOfDarkness+1","hexamod:BurningTouch+1","hexamod:SpectersWail+1","RitualDagger+1","hexamod:BurningTouch+1","hexamod:EmpoweredFlame+1","hexamod:HauntingEcho+1","hexamod:InspiringFlames+1","hexamod:ChargedBarrage+1","hexamod:EtherealExpedition+1","hexamod:WildfireWeapon+1","downfall:Bewildered","hexamod:ShieldOfDarkness+1","hexamod:SoulSteal+1","hexamod:SearingWound+1","hexamod:TimeOfNeed+1","hexamod:SpectralAdrenaline+1","hexamod:FourthSeal","hexamod:NecessarySacrifice+1","hexamod:NecessarySacrifice+1","hexamod:Rewind+1","hexamod:Again+1","hexamod:SkipABeat+1","hexamod:Incineration+1"],"relics":["hexamod:SpiritBrand","Toy Ornithopter","Meat on the Bone","Regal Pillow","Calling Bell","Orichalcum","Eternal Feather","StoneCalendar","Toxic Egg 2","Anchor","Potion Belt","Bottled Flame","sneckomod:BabySnecko","Gambling Chip","Empty Cage","downfall:HeartBlessingGreen"],"acts_visited":["Exordium","TheCity","TheBeyond"],"potions_floor_usage":[45,45,45],"damage_taken":[{"damage":4.0,"enemies":"Cultist","floor":2.0,"turns":4.0},{"damage":1.0,"enemies":"2 Louse","floor":6.0,"turns":4.0},{"damage":1.0,"enemies":"Jaw Worm","floor":8.0,"turns":3.0},{"damage":0.0,"enemies":"Large Slime","floor":9.0,"turns":9.0},{"damage":57.0,"enemies":"Gremlin Nob","floor":11.0,"turns":6.0},{"damage":6.0,"enemies":"3 Louse","floor":13.0,"turns":4.0},{"damage":50.0,"enemies":"downfall:Heads","floor":14.0,"turns":10.0},{"damage":7.0,"enemies":"2 Fungi Beasts","floor":15.0,"turns":3.0},{"damage":4.0,"enemies":"SI_SHIV_ARCHETYPE","floor":16.0,"turns":7.0},{"damage":0.0,"enemies":"Chosen","floor":19.0,"turns":1.0},{"damage":0.0,"enemies":"downfall:FleeingMerchant","floor":20.0,"turns":4.0},{"damage":0.0,"enemies":"Shell Parasite","floor":25.0,"turns":6.0},{"damage":15.0,"enemies":"3 Cultists","floor":27.0,"turns":6.0},{"damage":15.0,"enemies":"Snake Plant","floor":28.0,"turns":3.0},{"damage":37.0,"enemies":"Book of Stabbing","floor":29.0,"turns":7.0},{"damage":31.0,"enemies":"Gremlin Leader","floor":31.0,"turns":9.0},{"damage":7.0,"enemies":"Centurion and Healer","floor":32.0,"turns":5.0},{"damage":9.0,"enemies":"WA_ARCHETYPE_CALM","floor":33.0,"turns":9.0},{"damage":11.0,"enemies":"3 Darklings","floor":36.0,"turns":3.0},{"damage":0.0,"enemies":"Orb Walker","floor":38.0,"turns":3.0},{"damage":20.0,"enemies":"4 Shapes","floor":40.0,"turns":5.0},{"damage":21.0,"enemies":"Maw","floor":42.0,"turns":6.0},{"damage":40,"enemies":"Transient","floor":45,"turns":5},{"damage":21,"enemies":"Jaw Worm Horde","floor":46,"turns":4},{"damage":51,"enemies":"Giant Head","floor":48,"turns":6}],"seed_played":"2606638511845575172","potions_obtained":[{"floor":8.0,"key":"DuplicationPotion"},{"floor":11.0,"key":"BlessingOfTheForge"},{"floor":16.0,"key":"Explosive Potion"},{"floor":21.0,"key":"CultistPotion"},{"floor":25.0,"key":"PowerPotion"},{"floor":28.0,"key":"Weak Potion"},{"floor":29.0,"key":"EntropicBrew"},{"floor":32.0,"key":"DistilledChaos"},{"floor":33.0,"key":"EssenceOfSteel"},{"floor":36.0,"key":"SpeedPotion"},{"floor":40.0,"key":"SkillPotion"},{"floor":40.0,"key":"SkillPotion"},{"floor":42,"key":"GamblersBrew"},{"floor":45,"key":"Fruit Juice"},{"floor":46,"key":"Guardian:BlockOnCardUsePotion"},{"floor":46,"key":"Ancient Potion"}],"is_trial":false,"path_per_floor":["R","M","?","?","?","M","T","M","M","R","E","R","M","?","M","B",null,"R","M","$","?","?","R","T","M","R","M","M","E","?","E","M","B",null,"R","M","?","M","?","M","T","M","?","R","M","M","?","E"],"character_chosen":"THE_SPIRIT","items_purchased":["Toxic Egg 2","Anchor","hexamod:BurningTouch+1","hexamod:SpectersWail"],"campfire_rested":1,"item_purchase_floors":[20,20,20,20],"current_hp_per_floor":[77,73,73,55,55,54,54,60,67,67,29,67,61,30,42,55,77,77,77,77,77,77,77,77,77,77,69,59,46,46,44,56,59,77,77,73,73,73,73,53,53,49,49,70,66,45,45,0,0],"gold":341,"neow_bonus":"TEN_PERCENT_HP_BONUS","is_daily":false,"chose_seed":false,"campfire_upgraded":7,"win_rate":0.0,"timestamp":1614082140,"path_taken":["R","M","?","?","?","M","T","M","M","R","E","R","M","?","M","BOSS","R","M","$","?","?","R","T","M","R","M","M","E","?","E","M","BOSS","R","M","?","M","?","M","T","M","?","R","M","M","?","E"],"items_purchased_type":["Relic","Relic","Card","Card"],"build_version":"2020-12-22","purchased_purges":1,"victory":false,"max_hp_per_floor":[77,77,77,77,77,77,77,77,77,77,77,77,77,77,77,77,77,77,77,77,77,77,77,77,77,77,77,77,77,77,77,77,77,77,77,77,77,77,77,77,77,77,77,77,82,82,82,82,82,82],"card_choices":[{"not_picked":["hexamod:BacktrackSmack","hexamod:ThermalTransfer"],"picked":"hexamod:GhostShield","floor":2.0},{"not_picked":["hexamod:HauntingEcho","hexamod:GhostShield"],"picked":"hexamod:FirstSeal","floor":6.0},{"not_picked":["hexamod:GhostLash","hexamod:HauntingEcho"],"picked":"hexamod:NightmareStrike","floor":8.0},{"not_picked":["hexamod:NightmareStrike","hexamod:GhostShield"],"picked":"hexamod:BurningTouch","floor":9.0},{"not_picked":["hexamod:Hexaguard","hexamod:InspiringFlames"],"picked":"hexamod:SixthSeal","floor":11.0},{"not_picked":["hexamod:BacktrackSmack","hexamod:NightmareStrike"],"picked":"hexamod:GhostOfSpireFuture","floor":13.0},{"not_picked":["hexamod:HeatMetal","hexamod:NightmareStrike"],"picked":"hexamod:Firestarter","floor":14.0},{"not_picked":["hexamod:NightmareGuise","hexamod:HeatCrush"],"picked":"hexamod:Hexaguard","floor":15.0},{"not_picked":["hexamod:GhostflameInferno","hexamod:GhostOfSpirePresent"],"picked":"hexamod:ForkedFlame","floor":16.0},{"not_picked":["hexamod:BacktrackSmack","hexamod:Firestarter"],"picked":"hexamod:ThirdSeal","floor":19.0},{"not_picked":["hexamod:GhostOfSpireFuture","hexamod:EtherealExpedition"],"picked":"hexamod:ShieldOfDarkness+1","floor":20.0},{"not_picked":["hexamod:NightmareGuise","hexamod:TimeWarp","hexamod:ThermalTransfer"],"picked":"SKIP","floor":20.0},{"not_picked":["hexamod:NightmareStrike+1","hexamod:GhostflameBarrier+1"],"picked":"hexamod:EmpoweredFlame","floor":25.0},{"not_picked":["hexamod:NightmareStrike+1","hexamod:NightmareGuise+1"],"picked":"hexamod:HauntingEcho","floor":25.0},{"not_picked":["hexamod:GhostLash","hexamod:NightmareStrike"],"picked":"hexamod:InspiringFlames+1","floor":27.0},{"not_picked":["hexamod:Hexaguard+1","hexamod:Incineration+1"],"picked":"hexamod:ChargedBarrage+1","floor":28.0},{"not_picked":["hexamod:GhostLash","hexamod:FastForward+1"],"picked":"hexamod:EtherealExpedition+1","floor":28.0},{"not_picked":["hexamod:ShieldOfDarkness+1","hexamod:SpectersWail"],"picked":"hexamod:WildfireWeapon","floor":29.0},{"not_picked":["hexamod:HeatMetal","hexamod:GhostflameBarrier+1","hexamod:PhantomCloak+1"],"picked":"SKIP","floor":29.0},{"not_picked":["hexamod:EmpoweredFlame","hexamod:BacktrackSmack"],"picked":"hexamod:ShieldOfDarkness+1","floor":31.0},{"not_picked":["hexamod:PhantomCloak","hexamod:NightmareGuise+1"],"picked":"hexamod:SoulSteal+1","floor":32.0},{"not_picked":["hexamod:ParanormalForm","hexamod:TurnItUp+1"],"picked":"hexamod:SearingWound+1","floor":33.0},{"not_picked":["hexamod:VolcanoVisage","hexamod:SearingWound+1"],"picked":"hexamod:TimeOfNeed+1","floor":33.0},{"not_picked":["hexamod:ThermalTransfer","hexamod:HeatMetal+1"],"picked":"hexamod:SpectralAdrenaline+1","floor":36.0},{"not_picked":["hexamod:HauntingEcho+1","hexamod:BacktrackSmack+1"],"picked":"hexamod:NecessarySacrifice+1","floor":38.0},{"not_picked":["hexamod:HauntingEcho+1","hexamod:SpectersWail"],"picked":"hexamod:NecessarySacrifice+1","floor":38.0},{"not_picked":["hexamod:ThermalTransfer+1","hexamod:NightmareStrike","hexamod:Firestarter+1"],"picked":"SKIP","floor":40.0},{"not_picked":["hexamod:GhostLash","hexamod:RetreatToShadows+1"],"picked":"hexamod:Rewind+1","floor":42},{"not_picked":["hexamod:BacktrackSmack","hexamod:HeatMetal+1"],"picked":"hexamod:Again+1","floor":45},{"not_picked":["hexamod:DynamicBlow","hexamod:Hexaguard+1"],"picked":"hexamod:SkipABeat+1","floor":45},{"not_picked":["hexamod:Rewind+1","hexamod:SwordOfDarkness+1"],"picked":"hexamod:Incineration+1","floor":46}],"player_experience":449781,"relics_obtained":[{"floor":7.0,"key":"Meat on the Bone"},{"floor":11.0,"key":"Regal Pillow"},{"floor":17.0,"key":"Orichalcum"},{"floor":17.0,"key":"Eternal Feather"},{"floor":17.0,"key":"StoneCalendar"},{"floor":24.0,"key":"Potion Belt"},{"floor":29.0,"key":"Bottled Flame"},{"floor":31.0,"key":"Gambling Chip"}],"event_choices":[{"damage_healed":0.0,"max_hp_gain":0.0,"max_hp_loss":0.0,"gold_gain":0.0,"event_name":"Scrap Ooze","player_choice":"Success","floor":4.0,"gold_loss":0.0,"damage_taken":18.0,"relics_obtained":["Toy Ornithopter"]},{"damage_healed":0.0,"max_hp_gain":0.0,"max_hp_loss":0.0,"gold_gain":0.0,"event_name":"The Library","player_choice":"Read","floor":22.0,"gold_loss":0.0,"damage_taken":0.0,"cards_obtained":["hexamod:BurningTouch"]},{"damage_healed":0.0,"max_hp_gain":0.0,"max_hp_loss":0.0,"gold_gain":0.0,"event_name":"Mysterious Sphere","player_choice":"Ignored","floor":39.0,"gold_loss":0.0,"damage_taken":0.0}],"is_beta":false,"boss_relics":[{"not_picked":["Velvet Choker","Astrolabe"],"picked":"Calling Bell"},{"not_picked":["Runic Pyramid","Runic Dome"],"picked":"Empty Cage"}],"items_purged_floors":[20],"is_endless":false,"potions_floor_spawned":[8,11,16,25,28,29,32,33,36,40,46],"killed_by":"Giant Head","ascension_level":0}}