{"host":"2l5k2wp87eek7qja","time":1614114495,"event":{"mods":["BaseMod","Colored Map","Minty Spire (QoL Compilation)","Relic Stats"],"gold_per_floor":[112,129,148,148,148,180,180,207,207,207,223,252,252,267,267,356,356,370,46,67,67,80,80,95,95,146,146,146,190,190,221,221,221,221],"floor_reached":33,"language":"ENG","playtime":1282,"items_purged":["Strike_G"],"score":706,"play_id":"93723ae4-ba0d-4460-9e98-99f64ec01ac0","local_time":"20210223230815","is_ascension_mode":true,"campfire_choices":[{"data":"Dash","floor":7.0,"key":"SMITH"},{"floor":10.0,"key":"REST"},{"data":"Blade Dance","floor":15.0,"key":"SMITH"},{"data":"Accuracy","floor":23,"key":"SMITH"},{"data":"Burst","floor":25,"key":"SMITH"},{"data":"Cloak And Dagger","floor":27,"key":"SMITH"},{"data":"1","floor":32,"key":"LIFT"}],"circlet_count":0,"master_deck":["AscendersBane","Strike_G","Strike_G","Strike_G","Strike_G+1","Defend_G","Defend_G","Defend_G","Defend_G","Defend_G","Survivor","Neutralize+1","Quick Slash+1","Backstab","Dash+1","Dash","Blade Dance+1","Flying Knee","Burst+1","CurseOfTheBell","Accuracy+1","Cloak And Dagger+1","Ghostly","Ghostly","Ghostly","PiercingWail+1"],"relics":["Ring of the Snake","PreservedInsect","Incense Burner","InkBottle","Thread and Needle","Ninja Scroll","Golden Idol","Calling Bell","Centennial Puzzle","Girya","Orichalcum","Boot","Nloth\u0027s Gift","Blood Vial"],"acts_visited":["Exordium","TheCity"],"potions_floor_usage":[],"damage_taken":[{"damage":2.0,"enemies":"Small Slimes","floor":1.0,"turns":5.0},{"damage":1.0,"enemies":"2 Louse","floor":2.0,"turns":3.0},{"damage":10.0,"enemies":"Cultist","floor":3.0,"turns":5.0},{"damage":7.0,"enemies":"Lagavulin","floor":6.0,"turns":5.0},{"damage":7.0,"enemies":"3 Sentries","floor":8.0,"turns":6.0},{"damage":4.0,"enemies":"Large Slime","floor":11.0,"turns":6.0},{"damage":6.0,"enemies":"Lagavulin","floor":12.0,"turns":5.0},{"damage":0.0,"enemies":"Gremlin Gang","floor":14.0,"turns":3.0},{"damage":6.0,"enemies":"Hexaghost","floor":16.0,"turns":11.0},{"damage":8,"enemies":"Shell Parasite","floor":18,"turns":4},{"damage":0,"enemies":"Chosen","floor":20,"turns":3},{"damage":0,"enemies":"Shelled Parasite and Fungi","floor":22,"turns":6},{"damage":0,"enemies":"3 Cultists","floor":24,"turns":5},{"damage":0,"enemies":"Book of Stabbing","floor":29,"turns":4},{"damage":0,"enemies":"Slavers","floor":31,"turns":6},{"damage":38,"enemies":"Champ","floor":33,"turns":16}],"seed_played":"2103288872804215660","potions_obtained":[{"floor":1.0,"key":"Swift Potion"},{"floor":11.0,"key":"BlessingOfTheForge"},{"floor":14.0,"key":"LiquidMemories"},{"floor":20,"key":"Energy Potion"},{"floor":22,"key":"Poison Potion"}],"is_trial":false,"path_per_floor":["M","M","M","?","?","E","R","E","T","R","M","E","?","M","R","B",null,"M","$","M","?","M","R","M","R","T","R","?","E","?","E","R","B"],"character_chosen":"THE_SILENT","items_purchased":["Accuracy","Orichalcum"],"campfire_rested":1,"item_purchase_floors":[19,19],"current_hp_per_floor":[57,56,46,46,26,19,19,12,12,31,27,21,21,21,21,15,49,41,41,41,30,30,30,30,30,30,30,30,30,30,30,30,0,0],"gold":221,"neow_bonus":"RANDOM_COMMON_RELIC","is_daily":false,"chose_seed":false,"campfire_upgraded":5,"win_rate":0.0,"timestamp":1614114495,"path_taken":["M","M","M","?","?","E","R","E","T","R","M","E","?","M","R","BOSS","M","$","M","?","M","R","M","R","T","R","?","E","?","E","R","BOSS"],"items_purchased_type":["Card","Relic"],"build_version":"2020-12-22","purchased_purges":1,"victory":false,"max_hp_per_floor":[66,66,66,66,66,66,66,66,66,66,66,66,60,60,60,60,60,60,60,60,30,30,30,30,30,30,30,30,30,30,30,30,30,30],"relic_stats":{"Blood Vial":0,"Centennial Puzzle":[6],"counters":[16,93],"Golden Idol":49,"PreservedInsect":172,"Nloth\u0027s Gift":0,"Orichalcum":[78],"Boot":[29],"obtain_stats":[{"Girya":17,"Gremlin Horn":17,"Golden Idol":13,"Thread and Needle":9,"PreservedInsect":0,"Incense Burner":6,"Orichalcum":19,"Boot":29,"Calling Bell":17,"Blood Vial":31,"Centennial Puzzle":17,"Ninja Scroll":12,"Nloth\u0027s Gift":30,"InkBottle":8,"Ring of the Snake":0},{"Girya":9,"Gremlin Horn":9,"Golden Idol":7,"Thread and Needle":5,"PreservedInsect":0,"Incense Burner":4,"Orichalcum":10,"Boot":14,"Calling Bell":9,"Blood Vial":15,"Centennial Puzzle":9,"Ninja Scroll":7,"Nloth\u0027s Gift":14,"InkBottle":5,"Ring of the Snake":0},{"Girya":49,"Gremlin Horn":49,"Golden Idol":35,"Thread and Needle":24,"PreservedInsect":0,"Incense Burner":18,"Orichalcum":53,"Boot":71,"Calling Bell":49,"Blood Vial":77,"Centennial Puzzle":49,"Ninja Scroll":35,"Nloth\u0027s Gift":71,"InkBottle":24,"Ring of the Snake":0}],"InkBottle":[32],"Ring of the Snake":[32]},"card_choices":[{"not_picked":["Noxious Fumes","Footwork"],"picked":"Quick Slash","floor":1.0},{"not_picked":["Crippling Poison","Deadly Poison"],"picked":"Backstab","floor":2.0},{"not_picked":["Acrobatics","Flechettes","Deflect"],"picked":"SKIP","floor":3.0},{"not_picked":["Burst","Flechettes"],"picked":"Dash","floor":6.0},{"not_picked":["Quick Slash","Choke"],"picked":"Dash","floor":8.0},{"not_picked":["Tactician","Poisoned Stab"],"picked":"Blade Dance","floor":11.0},{"not_picked":["Skewer","Deflect"],"picked":"Flying Knee","floor":12.0},{"not_picked":["Skewer","Backstab","Prepared"],"picked":"SKIP","floor":14.0},{"not_picked":["Unload","Doppelganger"],"picked":"Burst","floor":16.0},{"not_picked":["Dagger Spray","Doppelganger","Terror"],"picked":"SKIP","floor":18},{"not_picked":["Poisoned Stab","Dagger Spray"],"picked":"Cloak And Dagger","floor":20},{"not_picked":["Deflect","Footwork"],"picked":"PiercingWail+1","floor":22},{"not_picked":["Bane","Outmaneuver","Underhanded Strike"],"picked":"SKIP","floor":24},{"not_picked":["Dodge and Roll","Crippling Poison","Distraction"],"picked":"SKIP","floor":29},{"not_picked":["Flying Knee","Doppelganger","Distraction"],"picked":"SKIP","floor":31}],"player_experience":874534,"relics_obtained":[{"floor":6.0,"key":"Incense Burner"},{"floor":8.0,"key":"InkBottle"},{"floor":9.0,"key":"Thread and Needle"},{"floor":12.0,"key":"Ninja Scroll"},{"floor":17.0,"key":"Centennial Puzzle"},{"floor":17.0,"key":"Gremlin Horn"},{"floor":17.0,"key":"Girya"},{"floor":29,"key":"Boot"},{"floor":31,"key":"Blood Vial"}],"event_choices":[{"damage_healed":0.0,"max_hp_gain":0.0,"max_hp_loss":0.0,"gold_gain":0.0,"event_name":"Living Wall","player_choice":"Grow","floor":4.0,"gold_loss":0.0,"damage_taken":0.0,"cards_upgraded":["Neutralize"]},{"damage_healed":0.0,"max_hp_gain":0.0,"max_hp_loss":0.0,"gold_gain":0.0,"event_name":"Shining Light","player_choice":"Entered Light","floor":5.0,"gold_loss":0.0,"damage_taken":20.0,"cards_upgraded":["Strike_G","Quick Slash"]},{"damage_healed":0.0,"max_hp_gain":0.0,"max_hp_loss":6.0,"gold_gain":0.0,"event_name":"Golden Idol","player_choice":"Lose Max HP","floor":13.0,"gold_loss":0.0,"damage_taken":0.0,"relics_obtained":["Golden Idol"]},{"damage_healed":0,"gold_gain":0,"player_choice":"Became a Ghost","damage_taken":0,"max_hp_gain":0,"max_hp_loss":30,"event_name":"Ghosts","floor":21,"gold_loss":0,"cards_obtained":["Ghostly","Ghostly","Ghostly"]},{"damage_healed":0,"gold_gain":0,"player_choice":"Ignored","damage_taken":0,"max_hp_gain":0,"max_hp_loss":0,"event_name":"Cursed Tome","floor":28,"gold_loss":0},{"damage_healed":0,"gold_gain":0,"player_choice":"Traded Relic","damage_taken":0,"relics_obtained":["Nloth\u0027s Gift"],"max_hp_gain":0,"max_hp_loss":0,"event_name":"N\u0027loth","floor":30,"relics_lost":["Gremlin Horn"],"gold_loss":0}],"is_beta":false,"boss_relics":[{"not_picked":["Astrolabe","Pandora\u0027s Box"],"picked":"Calling Bell"}],"items_purged_floors":[19],"is_endless":false,"potions_floor_spawned":[1,11,14,20,22,29],"killed_by":"Champ","ascension_level":20}}