{"host":"0tbecx6mc13icp35","time":1614122513,"event":{"mods":["AchievementEnabler","BaseMod","Colored Map","Colored Powertips","DeckTracker","Minty Spire (QoL Compilation)","Quick Restart","Relic Stats","Synergy Search","slay the spire mod where everything is the same but ironclad has a cowboy hat"],"gold_per_floor":[118,118,118,137,137,172,200,48,122,157,173,187,203,220,220,325,325,336,349,349,359,369,398,414,414,438,438,121,121,121],"floor_reached":29,"language":"ENG","playtime":1344,"items_purged":[],"score":307,"play_id":"38e61452-c2e2-4102-a395-74f2ae1434c4","local_time":"20210224022153","is_ascension_mode":false,"campfire_choices":[{"floor":15,"key":"REST"},{"floor":25,"key":"REST"}],"circlet_count":0,"master_deck":["Strike_R+1","Strike_R+1","Strike_R+1","Strike_R+1","Strike_R+1","Defend_R+1","Defend_R+1","Defend_R+1","Defend_R+1","Bash","Armaments+1","Flex","Shockwave","Shockwave","Disarm","Havoc","Bloodletting","Thunderclap","Burning Pact+1","Hemokinesis","Uppercut","Feed","Headbutt","Fiend Fire","Rampage","Iron Wave+1","Battle Trance+1","Inflame+1","Rupture","Infernal Blade+1","Apotheosis+1","Brutality"],"relics":["Black Blood","NeowsBlessing","Pear","Odd Mushroom","Orrery","Toxic Egg 2","Omamori","Ice Cream","Bronze Scales"],"acts_visited":["Exordium","TheCity"],"potions_floor_usage":[7,14,16,16,19,21,23,23],"damage_taken":[{"damage":0,"enemies":"Jaw Worm","floor":1,"turns":1},{"damage":0,"enemies":"Small Slimes","floor":4,"turns":1},{"damage":0,"enemies":"Lagavulin","floor":6,"turns":2},{"damage":8,"enemies":"The Mushroom Lair","floor":7,"turns":4},{"damage":41,"enemies":"3 Sentries","floor":10,"turns":10},{"damage":7,"enemies":"2 Louse","floor":11,"turns":4},{"damage":14,"enemies":"Looter","floor":12,"turns":3},{"damage":11,"enemies":"Blue Slaver","floor":13,"turns":3},{"damage":18,"enemies":"Large Slime","floor":14,"turns":10},{"damage":47,"enemies":"The Guardian","floor":16,"turns":10},{"damage":32,"enemies":"Spheric Guardian","floor":18,"turns":6},{"damage":12,"enemies":"2 Thieves","floor":19,"turns":4},{"damage":50,"enemies":"Cultist and Chosen","floor":21,"turns":8},{"damage":29,"enemies":"Snake Plant","floor":22,"turns":3},{"damage":35,"enemies":"Book of Stabbing","floor":23,"turns":5},{"damage":35,"enemies":"Chosen and Byrds","floor":24,"turns":7},{"damage":54,"enemies":"Slavers","floor":29,"turns":5}],"seed_played":"-6810794001877525475","potions_obtained":[{"floor":1,"key":"Energy Potion"},{"floor":7,"key":"ElixirPotion"},{"floor":10,"key":"ColorlessPotion"},{"floor":11,"key":"Block Potion"},{"floor":14,"key":"Explosive Potion"},{"floor":16,"key":"Energy Potion"},{"floor":21,"key":"BloodPotion"},{"floor":22,"key":"Block Potion"},{"floor":23,"key":"Fruit Juice"}],"is_trial":false,"path_per_floor":["M","?","?","M","$","E","?","$","T","E","M","M","M","M","R","B",null,"M","M","?","M","M","E","M","R","T","?","$","E"],"character_chosen":"IRONCLAD","items_purchased":["Orrery","Apotheosis+1","Brutality"],"campfire_rested":2,"item_purchase_floors":[8,28,28],"current_hp_per_floor":[80,80,80,80,80,90,88,88,88,53,52,44,39,27,54,16,93,76,76,96,77,60,45,22,53,53,53,53,0,0],"gold":121,"neow_bonus":"THREE_ENEMY_KILL","is_daily":false,"chose_seed":false,"campfire_upgraded":0,"win_rate":0.0,"timestamp":1614122513,"path_taken":["M","?","?","M","$","E","?","$","T","E","M","M","M","M","R","BOSS","M","M","?","M","M","E","M","R","T","?","$","E"],"items_purchased_type":["Relic","Card","Card"],"build_version":"2020-12-22","purchased_purges":0,"victory":false,"max_hp_per_floor":[80,80,80,80,80,90,90,90,90,90,90,90,90,90,90,93,93,96,96,96,96,96,104,104,104,104,104,104,104,104],"relic_stats":{"counters":[17,86],"Bronze Scales":[30],"Black Blood":114,"obtain_stats":[{"Ice Cream":23,"Pear":6,"NeowsBlessing":0,"Bronze Scales":26,"Orrery":8,"Black Blood":17,"Omamori":10,"Odd Mushroom":7,"Toxic Egg 2":9,"Burning Blood":0},{"Ice Cream":15,"Pear":3,"NeowsBlessing":0,"Bronze Scales":16,"Orrery":4,"Black Blood":10,"Omamori":5,"Odd Mushroom":4,"Toxic Egg 2":4,"Burning Blood":0},{"Ice Cream":74,"Pear":4,"NeowsBlessing":0,"Bronze Scales":81,"Orrery":8,"Black Blood":48,"Omamori":18,"Odd Mushroom":8,"Toxic Egg 2":8,"Burning Blood":0}]},"card_choices":[{"not_picked":["Power Through","Reckless Charge"],"picked":"Armaments","floor":1},{"not_picked":["Twin Strike","Pommel Strike"],"picked":"Flex","floor":4},{"not_picked":["Sever Soul","Entrench"],"picked":"Shockwave","floor":6},{"not_picked":["Feel No Pain","Sever Soul"],"picked":"Shockwave","floor":7},{"not_picked":["Clothesline","Warcry"],"picked":"Disarm","floor":8},{"not_picked":["Clash","Searing Blow"],"picked":"Havoc","floor":8},{"not_picked":["Flex","Heavy Blade"],"picked":"Bloodletting","floor":8},{"not_picked":["True Grit","Iron Wave"],"picked":"Thunderclap","floor":8},{"not_picked":["Sever Soul","Perfected Strike"],"picked":"Burning Pact+1","floor":10},{"not_picked":["Thunderclap","Iron Wave"],"picked":"Hemokinesis","floor":11},{"not_picked":["Wild Strike","Sentinel+1"],"picked":"Uppercut","floor":12},{"not_picked":["Body Slam","Second Wind+1"],"picked":"Feed","floor":13},{"not_picked":["Hemokinesis","Heavy Blade"],"picked":"Headbutt","floor":14},{"not_picked":["Immolate","Double Tap+1"],"picked":"Fiend Fire","floor":16},{"not_picked":["Feel No Pain+1","Dual Wield+1"],"picked":"Rampage","floor":18},{"not_picked":["Pommel Strike","Intimidate+1"],"picked":"Iron Wave+1","floor":19},{"not_picked":["True Grit+1","Perfected Strike+1"],"picked":"Battle Trance+1","floor":21},{"not_picked":["True Grit+1","Body Slam+1"],"picked":"Inflame+1","floor":22},{"not_picked":["Entrench+1","Sever Soul"],"picked":"Rupture","floor":23},{"not_picked":["Heavy Blade","Sever Soul"],"picked":"Infernal Blade+1","floor":24}],"player_experience":70432,"relics_obtained":[{"floor":6,"key":"Pear"},{"floor":7,"key":"Odd Mushroom"},{"floor":9,"key":"Toxic Egg 2"},{"floor":10,"key":"Omamori"},{"floor":23,"key":"Ice Cream"},{"floor":26,"key":"Bronze Scales"}],"event_choices":[{"damage_healed":0,"gold_gain":0,"player_choice":"Grow","damage_taken":0,"max_hp_gain":0,"max_hp_loss":0,"event_name":"Living Wall","floor":2,"gold_loss":0,"cards_upgraded":["Armaments"]},{"damage_healed":0,"gold_gain":0,"player_choice":"Leave","damage_taken":0,"max_hp_gain":0,"max_hp_loss":0,"event_name":"The Cleric","floor":3,"gold_loss":0},{"damage_healed":0,"gold_gain":0,"player_choice":"Fought Mushrooms","damage_taken":0,"max_hp_gain":0,"max_hp_loss":0,"event_name":"Mushrooms","floor":7,"gold_loss":0},{"damage_healed":32,"gold_gain":0,"player_choice":"Heal","damage_taken":0,"max_hp_gain":0,"max_hp_loss":0,"event_name":"The Library","floor":20,"gold_loss":0},{"damage_healed":0,"gold_gain":0,"player_choice":"Simplicity","damage_taken":0,"max_hp_gain":0,"max_hp_loss":0,"event_name":"Back to Basics","floor":27,"gold_loss":0,"cards_upgraded":["Strike_R","Strike_R","Strike_R","Strike_R","Strike_R","Defend_R","Defend_R","Defend_R","Defend_R"]}],"is_beta":false,"boss_relics":[{"not_picked":["Calling Bell","Pandora\u0027s Box"],"picked":"Black Blood"}],"items_purged_floors":[],"is_endless":false,"potions_floor_spawned":[1,7,10,11,14,16,21,22,23],"killed_by":"Slavers","ascension_level":0}}