{"host":"9slw7l0ws16384qq","time":1614095396,"event":{"mods":["A Penny For Your Troubles","BaseMod","Colored Map","Downfall","Evolution","Hubris","Minty Spire (QoL Compilation)","Replay The Spire","StS++","StSLib"],"gold_per_floor":[99,111,123,141,51,51,51,36,36,36,36,36],"floor_reached":10,"language":"FRA","playtime":300,"items_purged":["Guardian:Defend_Guardian"],"score":101,"play_id":"ff5a12b2-e276-4d43-a465-467b6bdbe4f7","local_time":"20210223164956","is_ascension_mode":true,"campfire_choices":[{"data":"Guardian:CurlUp","floor":1,"key":"SMITH"}],"circlet_count":0,"master_deck":["AscendersBane","Guardian:TemporalStrike","Guardian:TemporalStrike","Guardian:Strike_Guardian","Guardian:Defend_Guardian","Guardian:Defend_Guardian","Guardian:Defend_Guardian","Guardian:CurlUp+1","Guardian:TwinSlam","Guardian:Gem_Fragmented","Spreading Infection"],"relics":["Guardian:ModeShifter","EVO:Axolotl","StSpp:XCola","Ring of Searing","Ring of Fangs","Blue Candle"],"acts_visited":["Exordium"],"potions_floor_usage":[10],"damage_taken":[{"damage":1,"enemies":"Cultist","floor":2,"turns":5},{"damage":8,"enemies":"Jaw Worm","floor":3,"turns":6},{"damage":3,"enemies":"2 Louse","floor":4,"turns":3},{"damage":5,"enemies":"downfall:FleeingMerchant","floor":5,"turns":4},{"damage":11,"enemies":"downfall:FleeingMerchant","floor":8,"turns":4},{"damage":36,"enemies":"Lagavulin","floor":10,"turns":6}],"seed_played":"7751129132736334830","potions_obtained":[{"floor":3,"key":"hexamod:SoulburnPotion"}],"is_trial":false,"path_per_floor":["R","M","M","M","$","?","T","$","?","E"],"character_chosen":"GUARDIAN","items_purchased":[],"campfire_rested":0,"item_purchase_floors":[],"current_hp_per_floor":[47,46,38,35,30,30,30,19,19,0,0,0],"gold":36,"neow_bonus":"ONE_RARE_RELIC","is_daily":false,"chose_seed":false,"campfire_upgraded":1,"win_rate":0.0,"timestamp":1614095396,"path_taken":["R","M","?","M","$","?","T","$","?","E"],"items_purchased_type":[],"build_version":"2020-12-22","purchased_purges":1,"victory":false,"max_hp_per_floor":[72,72,72,72,72,72,72,72,72,72,72,72],"card_choices":[{"not_picked":["Guardian:ShieldCharger","Guardian:Gem_Lightblue","Guardian:RollAttack"],"picked":"SKIP","floor":2},{"not_picked":["Guardian:Gem_Green","Guardian:ShieldCharger"],"picked":"Guardian:Gem_Fragmented","floor":3},{"not_picked":["Guardian:Gem_Crimson","Guardian:Reroute","Guardian:Gem_Green"],"picked":"SKIP","floor":4},{"not_picked":["Guardian:Gem_Crimson","Guardian:Reroute","Guardian:Gem_Green"],"picked":"SKIP","floor":4},{"not_picked":["Guardian:VentSteam","Guardian:EvasiveProtocol","Guardian:TemporalStrike"],"picked":"SKIP","floor":5},{"not_picked":["Guardian:Recover","Guardian:WalkerClaw","Guardian:TimeSifter"],"picked":"SKIP","floor":8}],"player_experience":1723612,"relics_obtained":[{"floor":6,"key":"Ring of Searing"},{"floor":6,"key":"Ring of Fangs"},{"floor":7,"key":"Blue Candle"}],"event_choices":[],"is_beta":false,"boss_relics":[],"items_purged_floors":[5],"is_endless":false,"potions_floor_spawned":[3],"killed_by":"Lagavulin","ascension_level":16}}