{"host":"gm50ke85n5jz306u","time":1614089420,"event":{"mods":["AchievementEnabler","AlwaysNeverKeys","Aspiration","BaseMod","Bestiary","Better Altar","Better Match","Better Note","Better Sensory Stone","Better Skull","Better Third Choice","Better Vampires","Better-Laid Plans","BetterRewards","Colored Powertips","Curses Come First","DNKmod","Defuse TimeMaze Blight","Disable Question Mark Monsters","Displayed Cursed Tome","Downfall","Emptier Cage","Extra Virgin Snecko Oil","Filter the Spire","Friendly Minions","Gremlin Skip","Hermit","Hubris","Hyrulean Relics","Ironclad Rager","Jorbs\u0027s Wanderer Trilogy","Koishi","Lobotomy","Marisa????????","Marked Mod","Minty Spire (QoL Compilation)","Permanent Neow","Poor People Problems","Quick Restart","Reimu??????","Relic Filter Mod","Relic Sorter","Remilia??????","Remove Card Discount Mod","Reorder Act Four","Replay The Spire","Shop Mod","StSLib","Synergy Search","Td1madao Mod","The Administrix","The Animator","The Blue Laboratory","The Bug Knight","The Construct","The Cursed","The Disciple","The Hierophant","The Necromancer","The Runesmith","The Senshi","The Servant 0.9.4","Thieving Mod","Transform Curses","WarShipGirlsR/????R mod","Youmu??????"],"gold_per_floor":[10000,10011,10025,9112,9262,9281,9281,9281,9295,9311,9311,8634,8634,8634,8654,8756,8756,8756,8767,7972,7972,7972,7989,8013,8028,7211,7227,7244,7257,7257,7257,7268,7366,7366,7366,7386,7486,7609,7659,7383,7408,7420,7420,7431,7451,7462,7462,7475,7487,7487],"floor_reached":51,"language":"ENG","playtime":4331,"items_purged":["champ:Execute","champ:Taunt","champ:Strike","champ:Strike","champ:Parry+1","downfall:Icky","champ:Strike","champ:Strike","champ:FanOfKnives","champ:Defend","champ:Defend","champ:HoldFirm+1","champ:Defend","champ:Defend","champ:FanOfKnives","champ:EnGarde"],"score":670,"play_id":"6a668804-793f-4316-addf-67092ab53757","local_time":"20210223151020","is_ascension_mode":false,"campfire_choices":[{"data":"champ:HoldFirm","floor":1.0,"key":"SMITH"},{"data":"Apotheosis","floor":13.0,"key":"SMITH"},{"data":"champ:GladiatorForm","floor":18.0,"key":"SMITH"},{"data":"champ:BerserkerStyle","floor":30.0,"key":"SMITH"},{"data":"champ:LastStand","floor":35,"key":"SMITH"},{"data":"champ:EnragedBash","floor":43,"key":"SMITH"},{"data":"champ:FanOfKnives","floor":47,"key":"SMITH"}],"circlet_count":0,"master_deck":["champ:EnragedBash+1","champ:ShieldSlam+1","champ:BerserkerStyle+1","champ:FanOfKnives+1","champ:EnragedBash+1","Apotheosis+1","champ:Shatter","champ:GladiatorForm+1","champ:FanOfKnives+1","champ:FocusedBerserking","champ:AdrenalArmor","champ:LastStand+1","champ:AdrenalArmor","champ:FocusedBerserking","champ:Endure","champ:AdrenalArmor+1","champ:Shatter+1","champ:Shatter+1","champ:Endure"],"relics":["champ:ChampionCrown","InkBottle","Letter Opener","champ:BerserkersGuideToSlaughter","hubris:Reverence","CaptainsWheel","MerchantsRug","Lantern","Mastiff:ReiMu","Centennial Puzzle","HandDrill","Mirror","Turnip","Bag of Preparation","hubris:MysteriousPyramids","ClockworkSouvenir","Apod","Vajra","Painkiller Herb","Philosopher\u0027s Stone","Membership Card","hubris:TenFootPole","Bottled Lightning","hubris:EmptyBottle","Matryoshka","aspiration:Nostalgia","Guide Book"],"acts_visited":["Exordium","TheCity","TheBeyond"],"potions_floor_usage":[],"damage_taken":[{"damage":11.0,"enemies":"2 Louse","floor":2.0,"turns":2.0},{"damage":10.0,"enemies":"Small Slimes","floor":3.0,"turns":3.0},{"damage":35.0,"enemies":"downfall:FleeingMerchant","floor":4.0,"turns":4.0},{"damage":6.0,"enemies":"Jaw Worm","floor":6.0,"turns":3.0},{"damage":10.0,"enemies":"Exordium Wildlife","floor":9.0,"turns":4.0},{"damage":10.0,"enemies":"Lots of Slimes","floor":10.0,"turns":3.0},{"damage":5.0,"enemies":"downfall:FleeingMerchant","floor":12.0,"turns":4.0},{"damage":10.0,"enemies":"Gremlin Gang","floor":15.0,"turns":3.0},{"damage":23.0,"enemies":"WA_ARCHETYPE_RETAIN","floor":16.0,"turns":6.0},{"damage":19.0,"enemies":"downfall:LooterAlt2","floor":19.0,"turns":3.0},{"damage":20.0,"enemies":"downfall:FleeingMerchant","floor":20.0,"turns":4.0},{"damage":27.0,"enemies":"Chosen","floor":23.0,"turns":4.0},{"damage":47.0,"enemies":"Snecko","floor":25.0,"turns":4.0},{"damage":30.0,"enemies":"downfall:FleeingMerchant","floor":26.0,"turns":4.0},{"damage":21.0,"enemies":"3 Cultists","floor":27.0,"turns":2.0},{"damage":31.0,"enemies":"Chosen and Byrds","floor":28.0,"turns":3.0},{"damage":30.0,"enemies":"Snake Plant","floor":29.0,"turns":2.0},{"damage":50,"enemies":"Centurion and Healer","floor":32,"turns":3},{"damage":112,"enemies":"IC_MUSHROOM_ARCHETYPE","floor":33,"turns":5},{"damage":72,"enemies":"Orb Walker","floor":36,"turns":3},{"damage":81,"enemies":"downfall:FleeingMerchant","floor":38,"turns":4},{"damage":98,"enemies":"downfall:FleeingMerchant","floor":39,"turns":3},{"damage":32,"enemies":"3 Shapes","floor":42,"turns":1},{"damage":57,"enemies":"Spire Growth","floor":44,"turns":2},{"damage":39,"enemies":"Sphere and 2 Shapes","floor":45,"turns":1},{"damage":99,"enemies":"Maw","floor":46,"turns":3},{"damage":129,"enemies":"Transient","floor":48,"turns":5},{"damage":30,"enemies":"3 Darklings","floor":49,"turns":2},{"damage":111,"enemies":"DF_ARCHETYPE_ORBS","floor":50,"turns":4}],"seed_played":"7193611584397692720","potions_obtained":[{"floor":9.0,"key":"champ:OpenerPotion"},{"floor":10.0,"key":"Weak Potion"},{"floor":15.0,"key":"blueLaboratory:BottleOfRum"},{"floor":27.0,"key":"MagicPotion:ReiMu"},{"floor":32,"key":"Milkshake"},{"floor":44,"key":"Fire Potion"},{"floor":45,"key":"Explosive Potion"},{"floor":49,"key":"Energy Potion"}],"is_trial":false,"path_per_floor":["R","M","M","$","?","M","T","?","M","M","?","$","R","?","M","B",null,"R","M","$","?","?","M","T","M","$","M","M","M","R","?","M","B",null,"T","?","?","T","?","T","T","?","T","?","?","?","T","?","?","B",null],"character_chosen":"THE_CHAMP","items_purchased":["ClockworkSouvenir","Mirror","hubris:TenFootPole","champ:Shatter","champ:BerserkerStyle","MerchantsRug","Fire Potion","FearPotion","hubris:EmptyBottle","Matryoshka","Apotheosis","Fruit Juice","hubris:Reverence","HandDrill","InkBottle","champ:EnGarde","champ:CounterPotion","hexamod:SoulburnPotion","aspiration:Nostalgia","champ:BerserkersGuideToSlaughter","Turnip","champ:AdrenalArmor","champ:FocusedBerserking","Elixir","Membership Card","Bag of Preparation","Vajra","Guide Book","hubris:MysteriousPyramids","Swift Potion"],"campfire_rested":0,"item_purchase_floors":[4,4,4,4,4,4,4,4,12,12,12,12,20,20,20,20,20,20,26,26,26,26,26,26,38,38,40,40,40,40],"current_hp_per_floor":[90,89,89,84,84,83,83,83,78,73,73,73,73,73,83,75,100,100,91,86,86,96,94,94,83,73,83,92,100,100,100,97,91,100,100,100,100,99,100,100,100,100,100,100,100,100,100,100,100,93],"gold":7487,"neow_bonus":"ONE_RANDOM_RARE_CARD","is_daily":false,"chose_seed":false,"campfire_upgraded":7,"win_rate":0.0,"timestamp":1614089420,"path_taken":["R","M","M","$","?","M","T","?","M","M","?","$","R","?","M","BOSS","R","M","$","?","?","M","T","?","$","M","M","?","R","?","M","BOSS","T","?","?","?","?","T","T","?","T","?","?","?","T","?","?","BOSS"],"items_purchased_type":["Relic","Relic","Relic","Card","Card","Relic","Potion","Potion","Relic","Relic","Card","Potion","Relic","Relic","Relic","Card","Potion","Potion","Relic","Relic","Relic","Card","Card","Potion","Relic","Relic","Relic","Relic","Relic","Potion"],"build_version":"2020-12-22","purchased_purges":16,"victory":true,"max_hp_per_floor":[90,90,90,90,90,90,90,90,90,90,90,90,90,90,100,100,100,100,100,100,100,100,100,100,100,100,100,100,100,100,100,100,100,100,100,100,100,100,100,100,100,100,100,100,100,100,100,100,100,100],"card_choices":[{"not_picked":["champ:BerserkersShout","champ:StanceDance"],"picked":"champ:FanOfKnives","floor":2.0},{"not_picked":["champ:StanceDance","champ:GutPunch"],"picked":"champ:EnragedBash","floor":3.0},{"not_picked":["champ:DefensiveShout","champ:EnGarde"],"picked":"champ:ShieldSlam","floor":4.0},{"not_picked":["champ:FocusedDefense","champ:Haymaker"],"picked":"champ:FanOfKnives","floor":6.0},{"not_picked":["champ:PerfectedStrike","champ:IronFortress","champ:DancingMaster"],"picked":"SKIP","floor":9.0},{"not_picked":["champ:FalseCounter","champ:TornadoPunch"],"picked":"champ:FanOfKnives","floor":10.0},{"not_picked":["champ:FanOfKnives","champ:PreemptiveStrike"],"picked":"champ:EnragedBash","floor":12.0},{"not_picked":["champ:FanOfKnives","champ:BringItOn"],"picked":"champ:Shatter","floor":15.0},{"not_picked":["champ:UltimateStance","champ:MurderStrike"],"picked":"champ:GladiatorForm","floor":16.0},{"not_picked":["champ:PreciseThrust","champ:BerserkersShout"],"picked":"champ:FanOfKnives+1","floor":19.0},{"not_picked":["champ:FlashCut","champ:CrownThrow"],"picked":"champ:FocusedBerserking","floor":20.0},{"not_picked":["champ:HoldFirm","champ:ShieldWall"],"picked":"champ:AdrenalArmor","floor":23.0},{"not_picked":["champ:SetATrap","champ:SkillfulDodge+1","champ:PreciseThrust+1"],"picked":"SKIP","floor":25.0},{"not_picked":["champ:ViciousMockery+1","champ:DefensiveStyle"],"picked":"champ:LastStand","floor":26.0},{"not_picked":["champ:FocusedDefense","champ:BringItOn"],"picked":"champ:Endure","floor":27.0},{"not_picked":["champ:StanceDance","champ:PerfectedStrike","champ:Circumvent"],"picked":"SKIP","floor":28.0},{"not_picked":["champ:RecklessLeap","champ:FanOfKnives"],"picked":"champ:AdrenalArmor+1","floor":29.0},{"not_picked":["champ:ViciousMockery+1","champ:RecklessLeap","champ:GutPunch+1"],"picked":"SKIP","floor":32},{"not_picked":["champ:Circumvent+1","champ:FlashCut"],"picked":"champ:Shatter+1","floor":36},{"not_picked":["champ:SkillfulDodge+1","champ:FancyFootwork","champ:TornadoPunch"],"picked":"SKIP","floor":38},{"not_picked":["champ:CrownThrow+1","champ:Backstep+1"],"picked":"champ:Shatter+1","floor":42},{"not_picked":["champ:CrownThrow+1","champ:Circumvent+1","champ:Shatter+1"],"picked":"SKIP","floor":44},{"not_picked":["champ:Backstep+1","champ:EnGarde","champ:Shatter"],"picked":"SKIP","floor":45},{"not_picked":["champ:Backstep+1","champ:EnGarde","champ:Shatter"],"picked":"SKIP","floor":45},{"not_picked":["champ:GutPunch+1","champ:EnGarde+1","champ:EnragedBash"],"picked":"SKIP","floor":46},{"not_picked":["champ:PreemptiveStrike","champ:Backstep","champ:TornadoPunch+1"],"picked":"SKIP","floor":48},{"not_picked":["champ:FocusedBerserking+1","champ:Backstep+1"],"picked":"champ:Endure","floor":49}],"player_experience":422565,"relics_obtained":[{"floor":7.0,"key":"Bottled Lightning"},{"floor":24.0,"key":"Letter Opener"},{"floor":24.0,"key":"Centennial Puzzle"},{"floor":39,"key":"CaptainsWheel"},{"floor":41,"key":"Lantern"},{"floor":41,"key":"Mastiff:ReiMu"}],"event_choices":[{"damage_healed":0.0,"max_hp_gain":0.0,"max_hp_loss":0.0,"gold_gain":1.0,"event_name":"betterStone:BetterStone","player_choice":"1","floor":8.0,"gold_loss":0.0,"damage_taken":0.0},{"cards_removed":["Apotheosis"],"damage_healed":0.0,"max_hp_gain":0.0,"max_hp_loss":0.0,"gold_gain":0.0,"event_name":"betterNote:BetterNote","player_choice":"Give","floor":21.0,"gold_loss":0.0,"damage_taken":0.0,"cards_obtained":["Dramatic Entrance"]}],"is_beta":false,"boss_relics":[{"not_picked":["Black Star","bronze:MakeshiftBattery"],"picked":"Philosopher\u0027s Stone"},{"not_picked":["Fusion Hammer","Abe\u0027s Treasure"],"picked":"Painkiller Herb"}],"items_purged_floors":[4,4,4,4,12,12,12,12,20,26,26,38,38,38,38,38],"is_endless":false,"potions_floor_spawned":[9,10,15,25,27,32,39,44,45,49],"ascension_level":0}}