{"host":"y2bqfd80u7hqgj5z","time":1614039341,"event":{"mods":["AchievementEnabler","Act Like it!","Arknights","BaseMod","BetterRewards","CapriCore","Colored Map","Colored Powertips","Data Control","DeckTracker","Dio Mod","Downfall","Friendly Minions","Good Game Mod","HololiveMod","Koishi","Marisa????????","Minty Spire (QoL Compilation)","Permanent Neow","RRrroohrrRGHHhhh!!","Rare Cards Sparkle","Reimu??????","Remilia??????","Replay The Spire","RumiaBox-????????","Shop Mod","Spikes Relics","StSLib","SuperFastMode","The Administrix","The Immortal","The Servant 0.9.4","The Wild Card","Together in Spire","Transform Curses","Youmu??????"],"gold_per_floor":[110,128,93,111,123,148,167,167,235,235,235,235],"floor_reached":10,"language":"ENG","playtime":989,"items_purged":[],"score":70,"play_id":"c5e9bb6d-5550-4cd4-9ad3-66f796f41c9e","local_time":"20210222181541","is_ascension_mode":false,"campfire_choices":[{"floor":8,"key":"RECALL"}],"circlet_count":0,"master_deck":["bronze:Strike","bronze:Strike","bronze:Strike","bronze:Strike","bronze:Defend","bronze:Defend","bronze:Defend","bronze:Defend","bronze:Replicate","bronze:Goto","Chrysalis","bronze:BronzeOrb","bronze:FollowUp","bronze:Overheat","bronze:FineTuning","bronze:Fortify","bronze:Overload"],"relics":["bronze:BronzeCore","REME:ComplimentaryCards","RuthlessExorcism:ReiMu"],"acts_visited":["Exordium"],"potions_floor_usage":[6,6,7,10],"damage_taken":[{"damage":4,"enemies":"ats:Genji","floor":1,"turns":5},{"damage":0,"enemies":"2 Louse","floor":2,"turns":2},{"damage":0,"enemies":"Jaw Worm","floor":4,"turns":4},{"damage":12,"enemies":"3 Louse","floor":5,"turns":3},{"damage":17,"enemies":"Lagavulin","floor":6,"turns":5},{"damage":6,"enemies":"Exordium Thugs","floor":7,"turns":3},{"damage":41,"enemies":"Gremlin Nob","floor":10,"turns":3}],"seed_played":"5774305621331763800","potions_obtained":[{"floor":4,"key":"Fire Potion"},{"floor":5,"key":"hexamod:SoulburnPotion"},{"floor":6,"key":"Toxic Potion"},{"floor":7,"key":"PowerPotion"}],"is_trial":false,"path_per_floor":["M","M","?","M","M","E","M","R","T","E"],"character_chosen":"THE_AUTOMATON","items_purchased":[],"campfire_rested":0,"item_purchase_floors":[],"current_hp_per_floor":[59,59,63,63,51,34,28,28,28,0,0,0],"gold":235,"neow_bonus":"RANDOM_COLORLESS_2","is_daily":false,"chose_seed":false,"campfire_upgraded":0,"win_rate":0.0,"timestamp":1614039341,"path_taken":["M","M","?","M","M","E","M","R","T","E"],"items_purchased_type":[],"build_version":"2020-12-22","purchased_purges":0,"victory":false,"max_hp_per_floor":[63,63,63,63,63,63,63,63,63,63,63,63],"card_choices":[{"not_picked":["Mayhem","Violence"],"picked":"Chrysalis","floor":0},{"not_picked":["bronze:CloningBeam","bronze:Shield"],"picked":"bronze:BronzeOrb","floor":1},{"not_picked":["bronze:MaxOutput","bronze:Backtrace"],"picked":"bronze:FollowUp","floor":2},{"not_picked":["bronze:BuggyMess","bronze:Branch"],"picked":"bronze:Overheat","floor":4},{"not_picked":["bronze:CutThrough","bronze:CloningBeam"],"picked":"bronze:FineTuning","floor":5},{"not_picked":["bronze:DelayedSlice","bronze:Frontload"],"picked":"bronze:Fortify","floor":6},{"not_picked":["bronze:ForLoop","bronze:Turbo"],"picked":"bronze:Overload","floor":7}],"player_experience":112707,"relics_obtained":[{"floor":6,"key":"RuthlessExorcism:ReiMu"}],"event_choices":[{"damage_healed":15,"gold_gain":0,"player_choice":"Healed","damage_taken":0,"max_hp_gain":0,"max_hp_loss":0,"event_name":"The Cleric","floor":3,"gold_loss":35}],"is_beta":false,"boss_relics":[],"items_purged_floors":[],"is_endless":false,"potions_floor_spawned":[4,5,6,7],"killed_by":"Gremlin Nob","ascension_level":0}}