{"host":"w2kjv12xyhtt0cv2","time":1614106322,"event":{"mods":["10 clothes from DAL","100% Spire Juice","Act Like it!","BaseMod","Colored Map","Friendly Minions","Gensokyo","GifTheSpireLib","Highlight Path","Hubris","Library of Ruina","Minty Spire (QoL Compilation)","Quick Restart","Relic Stats","Reliquary","Replay The Spire","Ring Of Destiny","Robot Space Explorer","Shop Mod","Spicy Shops","StSLib","The Dragon Tamer","UnlockEverythingMod","Waifu the Spire","[IsaacMod]以撒尖塔","[功能]功能增强和修复MOD","【功能Mod】Neow奖励","【功能Mod】聪明的最终Boss","【遗物卡牌】REMEMod","没有小屋子和绿帽子啦"],"gold_per_floor":[111,127,127,127,147,174,174,208,208,208,242,242,242,273,273,373,373,391,405,46,46,46,106,106,136,163,199,244,280,316,348,409,516,516,535,535,552,552,578,611,611,657,706,706,706,731,777,818,818,850,850,850,1172,1209,1273],"floor_reached":56,"language":"ZHS","playtime":3017,"items_purged":["Replay:Hysterical Blindness"],"score":2088,"play_id":"649fb4c3-3369-4887-9a20-cc23495b0a0a","local_time":"20210224025202","is_ascension_mode":true,"campfire_choices":[{"floor":15.0,"key":"DIG"},{"data":"RingOfDestiny:LazyCloak","floor":24.0,"key":"SMITH"},{"floor":49,"key":"RECALL"},{"data":"RingOfDestiny:EnvyNecklace","floor":52,"key":"SMITH"}],"circlet_count":0,"master_deck":["RingOfDestiny:DoomsdayProphecy+1","RingOfDestiny:Strike_SU","RingOfDestiny:Strike_SU","RingOfDestiny:MaliciousBarrier","RingOfDestiny:PowerOfEnvy","BloodyBrimstone","RingOfDestiny:NightPendant","RingOfDestiny:LazyCloak","RingOfDestiny:MaskOfSuffering+1","RingOfDestiny:DoomsdayProphecy+1","RingOfDestiny:DoomsdayProphecy+1","RingOfDestiny:DevilKing+1","RingOfDestiny:MaliciousBarrier+1","RingOfDestiny:DoomsdayMeteorite","RingOfDestiny:HegemonyOfDevil+1","RingOfDestiny:MaliciousConversion+1","RingOfDestiny:DoomsdayMadness+1","RingOfDestiny:FairDealing+1","RingOfDestiny:EnvyNecklace+1","RingOfDestiny:EnvyNecklace+1","RingOfDestiny:SummonOfDoomsday+1","RingOfDestiny:DoomsdayMadness+1"],"relics":["RingOfDestiny:DemonicContract","REME_ComplimentaryCards","HushsDoor","MoneyPower","hubris:CuriousFeather","Gensokyo:PortableGap","Happy Flower","PillsDrop","Ring of Searing","Ring of Hypnosis","hubris:SlimyHat","Oddly Smooth Stone","hubris:Towel","Meat on the Bone","Bag of Preparation","Gensokyo:NagashiBinaDoll","Toxic Egg 2","BelialBook","Philosopher\u0027s Stone","JudasShadow","DeadEye","Gensokyo:SongOfSouls","PageOfNothingThere","Replay:Bandana","PageOfSpiderBud","BookOfRevelations","Incense Burner","DALC_SEVEN","Lantern","GuppysPaw","Replay:Drink Me","Gensokyo:DualWield","reliquary:ExpiredCoupon","Mango","reliquary:FerryPass","reliquary:Aerogel","reliquary:PorcupineQuills","hubris:NiceRug","Iron Hammer","Lee\u0027s Waffle","BookofShadows","ReplayFunnel","reliquary:Bookmark","DALC_NINE","reliquary:Stiletto"],"acts_visited":["Gensokyo:Gensokyo","Gensokyo:Gensokyoer","Gensokyo:Gensokyoest","TheEnding"],"potions_floor_usage":[55],"damage_taken":[{"damage":0.0,"enemies":"Gensokyo:3_Fairies","floor":1.0,"turns":3.0},{"damage":2.0,"enemies":"Gensokyo:Python","floor":2.0,"turns":3.0},{"damage":0.0,"enemies":"Gensokyo:Gryphon","floor":5.0,"turns":3.0},{"damage":0.0,"enemies":"Gensokyo:Aya","floor":6.0,"turns":4.0},{"damage":19.0,"enemies":"Gensokyo:Cirno","floor":8.0,"turns":5.0},{"damage":11.0,"enemies":"Gensokyo:Aya","floor":11.0,"turns":3.0},{"damage":1.0,"enemies":"Gensokyo:Cirno","floor":14.0,"turns":5.0},{"damage":14.0,"enemies":"Gensokyo:Yukari","floor":16.0,"turns":4.0},{"damage":17.0,"enemies":"Gensokyo:3_Dogs","floor":18.0,"turns":4.0},{"damage":0.0,"enemies":"Gensokyo:2_Gloops","floor":19.0,"turns":3.0},{"damage":37.0,"enemies":"Gensokyo:Reisen","floor":23.0,"turns":4.0},{"damage":0.0,"enemies":"Gensokyo:Koishi","floor":25.0,"turns":3.0},{"damage":0.0,"enemies":"Gensokyo:Reisen","floor":27.0,"turns":3.0},{"damage":0.0,"enemies":"Gensokyo:Koishi","floor":28.0,"turns":2.0},{"damage":0.0,"enemies":"Gensokyo:Tenshi","floor":29.0,"turns":2.0},{"damage":0.0,"enemies":"Gensokyo:Koishi","floor":30.0,"turns":2.0},{"damage":0.0,"enemies":"Gensokyo:Reisen","floor":31.0,"turns":2.0},{"damage":0.0,"enemies":"Gensokyo:Eternal_Rivals","floor":33.0,"turns":5.0},{"damage":0.0,"enemies":"Gensokyo:AncientGuardian","floor":35.0,"turns":1.0},{"damage":0.0,"enemies":"Gensokyo:3_Bats","floor":37.0,"turns":1.0},{"damage":0.0,"enemies":"Gensokyo:Dusk_and_Dawn","floor":39.0,"turns":1.0},{"damage":0.0,"enemies":"Gensokyo:Marisa","floor":40.0,"turns":1.0},{"damage":0.0,"enemies":"Gensokyo:Kasen","floor":42.0,"turns":2.0},{"damage":0,"enemies":"Gensokyo:Marisa","floor":47,"turns":2},{"damage":0,"enemies":"Gensokyo:Doremy","floor":48,"turns":2},{"damage":0,"enemies":"Gensokyo:Yuyuko","floor":50,"turns":1},{"damage":0,"enemies":"hubris:Merchant","floor":53,"turns":3},{"damage":0,"enemies":"Shield and Spear","floor":54,"turns":1},{"damage":0,"enemies":"LittleHush","floor":55,"turns":10}],"seed_played":"2620669588434342155","potions_obtained":[{"floor":2.0,"key":"LifebloodPotion"},{"floor":5.0,"key":"Strength Potion"},{"floor":16.0,"key":"Block Potion"},{"floor":18.0,"key":"REME_GoldPotion"},{"floor":19.0,"key":"Strength Potion"},{"floor":29.0,"key":"AttackPotion"},{"floor":32.0,"key":"Flashbang"},{"floor":32.0,"key":"Milkshake"},{"floor":33.0,"key":"BlessingOfTheForge"},{"floor":40.0,"key":"AttackPotion"},{"floor":53,"key":"Elixir"},{"floor":54,"key":"Venom Potion"}],"is_trial":false,"path_per_floor":["M","M","?","?","M","E","?","E","T","?","E","T","?","E","R_BF","B",null,"M","M","$","?","?","E","R","E","T","E","E","E","E","E","R_BF","B",null,"M","?","M","?","M","E","?","E","T","$","?","T","E","E","R","B",null,"R","$","E","B",null],"character_chosen":"Summoner","items_purchased":["JudasShadow","DeadEye","RingOfDestiny:DoomsdayProphecy+1"],"campfire_rested":0,"item_purchase_floors":[17,20,20],"current_hp_per_floor":[80,78,72,72,72,69,69,50,50,50,39,39,39,38,38,36,48,31,31,31,31,31,1,1,1,1,1,1,1,1,1,1,1,1,1,1,1,1,1,1,1,12,9,9,9,9,6,3,3,3,3,3,10,10,4],"gold":1273,"neow_bonus":"ONE_RARE_RELIC","is_daily":false,"chose_seed":false,"campfire_upgraded":2,"win_rate":0.0,"timestamp":1614106322,"path_taken":["M","M","?","?","?","E","?","E","T","?","E","?","?","E","R_BF","BOSS","M","?","$","?","?","E","R","E","T","E","E","E","E","E","R_BF","BOSS","M","?","?","?","?","E","?","E","T","?","?","?","E","E","R","BOSS","R","$","E","BOSS"],"items_purchased_type":["Relic","Relic","Card"],"build_version":"2020-12-22","purchased_purges":1,"victory":true,"max_hp_per_floor":[80,80,72,72,72,69,69,69,69,69,69,69,69,66,66,66,48,48,48,48,48,48,1,1,1,1,1,1,1,1,1,1,1,1,1,1,1,1,1,1,1,12,9,9,9,9,6,3,3,3,3,3,10,10,4],"relic_stats":{"Lee\u0027s Waffle":7,"Happy Flower":[26],"counters":[29,84],"Bag of Preparation":[46],"obtain_stats":[{"ReplayFunnel":53,"Lantern":30,"GuppysPaw":31,"reliquary:Aerogel":47,"PageOfNothingThere":23,"Mango":42,"Gensokyo:NagashiBinaDoll":13,"hubris:SlimyHat":8,"Bag of Preparation":12,"Incense Burner":28,"DeadEye":20,"Gensokyo:PortableGap":3,"Gensokyo:DualWield":36,"Ring of Searing":7,"PageOfSpiderBud":26,"reliquary:FerryPass":46,"Frozen Eye":25,"Replay:Bandana":25,"PillsDrop":6,"Philosopher\u0027s Stone":17,"hubris:CuriousFeather":0,"Iron Hammer":53,"Toxic Egg 2":14,"Replay:Drink Me":34,"Gensokyo:SongOfSouls":22,"KeepersGift":0,"Lee\u0027s Waffle":53,"BookofShadows":53,"Happy Flower":4,"Ring of Hypnosis":7,"JudasShadow":17,"Oddly Smooth Stone":9,"BelialBook":15,"BookOfRevelations":27,"DALC_SEVEN":29,"MoneyPower":0,"hubris:Towel":10,"RingOfDestiny:DemonicContract":0,"reliquary:Bookmark":53,"reliquary:ExpiredCoupon":40,"reliquary:PorcupineQuills":48,"reliquary:Stiletto":54,"DALC_NINE":53,"HushsDoor":0,"REME_ComplimentaryCards":0,"Meat on the Bone":11,"hubris:NiceRug":53},{"ReplayFunnel":27,"Lantern":16,"GuppysPaw":17,"reliquary:Aerogel":24,"PageOfNothingThere":11,"Mango":23,"Gensokyo:NagashiBinaDoll":6,"hubris:SlimyHat":5,"Bag of Preparation":6,"Incense Burner":14,"DeadEye":10,"Gensokyo:PortableGap":2,"Gensokyo:DualWield":19,"Ring of Searing":4,"PageOfSpiderBud":12,"reliquary:FerryPass":23,"Frozen Eye":11,"Replay:Bandana":12,"PillsDrop":4,"Philosopher\u0027s Stone":8,"hubris:CuriousFeather":0,"Iron Hammer":27,"Toxic Egg 2":7,"Replay:Drink Me":18,"Gensokyo:SongOfSouls":10,"KeepersGift":0,"Lee\u0027s Waffle":27,"BookofShadows":27,"Happy Flower":2,"Ring of Hypnosis":4,"JudasShadow":8,"Oddly Smooth Stone":5,"BelialBook":7,"BookOfRevelations":13,"DALC_SEVEN":15,"MoneyPower":0,"hubris:Towel":5,"RingOfDestiny:DemonicContract":0,"reliquary:Bookmark":27,"reliquary:ExpiredCoupon":22,"reliquary:PorcupineQuills":25,"reliquary:Stiletto":28,"DALC_NINE":27,"HushsDoor":0,"REME_ComplimentaryCards":0,"Meat on the Bone":6,"hubris:NiceRug":27},{"ReplayFunnel":74,"Lantern":53,"GuppysPaw":55,"reliquary:Aerogel":68,"PageOfNothingThere":41,"Mango":66,"Gensokyo:NagashiBinaDoll":21,"hubris:SlimyHat":18,"Bag of Preparation":21,"Incense Burner":49,"DeadEye":37,"Gensokyo:PortableGap":6,"Gensokyo:DualWield":61,"Ring of Searing":13,"PageOfSpiderBud":44,"reliquary:FerryPass":66,"Frozen Eye":41,"Replay:Bandana":44,"PillsDrop":13,"Philosopher\u0027s Stone":30,"hubris:CuriousFeather":0,"Iron Hammer":74,"Toxic Egg 2":26,"Replay:Drink Me":60,"Gensokyo:SongOfSouls":37,"KeepersGift":0,"Lee\u0027s Waffle":74,"BookofShadows":74,"Happy Flower":6,"Ring of Hypnosis":13,"JudasShadow":30,"Oddly Smooth Stone":18,"BelialBook":26,"BookOfRevelations":47,"DALC_SEVEN":51,"MoneyPower":0,"hubris:Towel":18,"RingOfDestiny:DemonicContract":0,"reliquary:Bookmark":74,"reliquary:ExpiredCoupon":64,"reliquary:PorcupineQuills":70,"reliquary:Stiletto":75,"DALC_NINE":74,"HushsDoor":0,"REME_ComplimentaryCards":0,"Meat on the Bone":21,"hubris:NiceRug":74}],"Meat on the Bone":12},"card_choices":[{"not_picked":[],"picked":"BloodyBrimstone","floor":0.0},{"not_picked":["RingOfDestiny:MaliciousLeakage","RingOfDestiny:PowerOfEnvy","RingOfDestiny:MaliciousSword"],"picked":"SKIP","floor":1.0},{"not_picked":["RingOfDestiny:TemptingFruits","RingOfDestiny:FeastOfDoomsday","RingOfDestiny:MaliciousFang"],"picked":"SKIP","floor":2.0},{"not_picked":["RingOfDestiny:PowerOfGluttony","RingOfDestiny:MaliciousBlade"],"picked":"RingOfDestiny:LazyCloak","floor":5.0},{"not_picked":["RingOfDestiny:Demonic","RingOfDestiny:PowerOfGluttony","RingOfDestiny:PowerOfEnvy"],"picked":"SKIP","floor":6.0},{"not_picked":["RingOfDestiny:MaliciousErode","RingOfDestiny:MaliciousBlade","RingOfDestiny:TortureBlade"],"picked":"SKIP","floor":8.0},{"not_picked":["RingOfDestiny:EnvyNecklace","RingOfDestiny:MaskOfSuffering","RingOfDestiny:DemonVanguard"],"picked":"SKIP","floor":11.0},{"not_picked":["RingOfDestiny:MaskOfSuffering+1","RingOfDestiny:SoulDiversion+1","RingOfDestiny:EndlessDesire+1"],"picked":"SKIP","floor":14.0},{"not_picked":["RingOfDestiny:SoulDiversion+1","RingOfDestiny:EndlessDesire+1"],"picked":"RingOfDestiny:MaskOfSuffering+1","floor":14.0},{"not_picked":["RingOfDestiny:HegemonyOfDevil+1","RingOfDestiny:ScepterOfGluttony"],"picked":"RingOfDestiny:DoomsdayProphecy+1","floor":16.0},{"not_picked":["RingOfDestiny:DoomsdayEcho+1","RingOfDestiny:GreedySummon+1"],"picked":"RingOfDestiny:LazyCloak","floor":18.0},{"not_picked":["RingOfDestiny:Demonic+1","RingOfDestiny:RingOfGreed","RingOfDestiny:MaliciousBlade+1"],"picked":"SKIP","floor":19.0},{"not_picked":["RingOfDestiny:EnvyNecklace","RingOfDestiny:MemoryBlade","RingOfDestiny:SoulAccumulation+1"],"picked":"SKIP","floor":23.0},{"not_picked":["RingOfDestiny:CupOfDesire","RingOfDestiny:Demonic+1"],"picked":"RingOfDestiny:DevilKing+1","floor":25.0},{"not_picked":["RingOfDestiny:MaliciousRelease+1","RingOfDestiny:MaliciousErode","RingOfDestiny:RingOfGreed"],"picked":"SKIP","floor":27.0},{"not_picked":["RingOfDestiny:FeastOfDoomsday+1","RingOfDestiny:PowerOfGreed","RingOfDestiny:MaliciousFang"],"picked":"SKIP","floor":28.0},{"not_picked":["RingOfDestiny:EnvyNecklace","RingOfDestiny:MaliciousRelease+1","RingOfDestiny:SoulDiversion+1"],"picked":"SKIP","floor":29.0},{"not_picked":["RingOfDestiny:CostOfSoul+1","RingOfDestiny:MaliciousFang"],"picked":"RingOfDestiny:MaliciousBarrier+1","floor":30.0},{"not_picked":["RingOfDestiny:MaliciousFang","RingOfDestiny:MaliciousBarrier+1"],"picked":"RingOfDestiny:DoomsdayMeteorite","floor":31.0},{"not_picked":["RingOfDestiny:DoomsdayBlade","RingOfDestiny:CrownOfPride+1"],"picked":"RingOfDestiny:HegemonyOfDevil+1","floor":33.0},{"not_picked":["RingOfDestiny:MaliciousSword","RingOfDestiny:MaliciousRelease+1"],"picked":"RingOfDestiny:MaliciousConversion+1","floor":35.0},{"not_picked":["RingOfDestiny:SongOfDoomsday+1","RingOfDestiny:DoomsdayStrike+1"],"picked":"RingOfDestiny:DoomsdayMadness+1","floor":37.0},{"not_picked":["RingOfDestiny:EnvyNecklace","RingOfDestiny:CupOfDesire+1","RingOfDestiny:DoomsdayStrike"],"picked":"SKIP","floor":39.0},{"not_picked":["RingOfDestiny:MaliciousBlade","RingOfDestiny:Demonic+1"],"picked":"RingOfDestiny:EnvyNecklace+1","floor":40.0},{"not_picked":["RingOfDestiny:PowerOfGreed+1","RingOfDestiny:RingOfGreed+1"],"picked":"RingOfDestiny:EnvyNecklace","floor":42.0},{"not_picked":["RingOfDestiny:SarcasticSword","RingOfDestiny:PowerOfGreed+1","RingOfDestiny:MaliciousRelease+1"],"picked":"SKIP","floor":47},{"not_picked":["RingOfDestiny:FeastOfDoomsday+1","RingOfDestiny:MaliciousRelease+1"],"picked":"RingOfDestiny:DoomsdayMadness+1","floor":48},{"not_picked":["RingOfDestiny:AbyssOfDesire"],"picked":"SKIP","floor":53},{"not_picked":["RingOfDestiny:DoomsdayStrike"],"picked":"SKIP","floor":53},{"not_picked":["RingOfDestiny:SoulAccumulation+1"],"picked":"SKIP","floor":53},{"not_picked":["RingOfDestiny:EndlessDesire+1"],"picked":"SKIP","floor":53},{"not_picked":["RingOfDestiny:LazyCloak"],"picked":"SKIP","floor":53},{"not_picked":["REME_TheoryOfElimination+1"],"picked":"SKIP","floor":53},{"not_picked":["Master of Strategy+1"],"picked":"SKIP","floor":53},{"not_picked":["RingOfDestiny:EndlessDesire+1","RingOfDestiny:MaliciousFang","RingOfDestiny:MaliciousBarrier+1"],"picked":"SKIP","floor":54}],"player_experience":30425,"relics_obtained":[{"floor":6.0,"key":"PillsDrop"},{"floor":7.0,"key":"Ring of Searing"},{"floor":7.0,"key":"Ring of Hypnosis"},{"floor":8.0,"key":"hubris:SlimyHat"},{"floor":9.0,"key":"Oddly Smooth Stone"},{"floor":11.0,"key":"Meat on the Bone"},{"floor":12.0,"key":"Bag of Preparation"},{"floor":14.0,"key":"Toxic Egg 2"},{"floor":15.0,"key":"BelialBook"},{"floor":23.0,"key":"PageOfNothingThere"},{"floor":25.0,"key":"Replay:Bandana"},{"floor":26.0,"key":"PageOfSpiderBud"},{"floor":27.0,"key":"BookOfRevelations"},{"floor":28.0,"key":"Incense Burner"},{"floor":29.0,"key":"DALC_SEVEN"},{"floor":30.0,"key":"Lantern"},{"floor":31.0,"key":"GuppysPaw"},{"floor":40.0,"key":"reliquary:ExpiredCoupon"},{"floor":42.0,"key":"Mango"},{"floor":46,"key":"reliquary:FerryPass"},{"floor":47,"key":"reliquary:Aerogel"},{"floor":48,"key":"reliquary:PorcupineQuills"},{"floor":53,"key":"Iron Hammer"},{"floor":53,"key":"Lee\u0027s Waffle"},{"floor":53,"key":"BookofShadows"},{"floor":53,"key":"ReplayFunnel"},{"floor":53,"key":"reliquary:Bookmark"},{"floor":53,"key":"DALC_NINE"},{"floor":54,"key":"reliquary:Stiletto"}],"event_choices":[],"is_beta":false,"boss_relics":[{"not_picked":["hubris:HollowSoul","Honey Jar"],"picked":"Philosopher\u0027s Stone"},{"not_picked":[]},{"not_picked":["hubris:VirtuousBlindfold","REME_ChargedStone"],"picked":"Replay:Drink Me"},{"not_picked":[]}],"items_purged_floors":[17],"is_endless":false,"potions_floor_spawned":[2,5,16,18,19,29,33,40,47,54],"ascension_level":1}}