{"host":"zsnmfqgcm92hlreo","time":1614046161,"event":{"mods":["AchievementEnabler","BaseMod","Bestiary","Block Reminder","Colored Map","Colored Powertips","Filter the Spire","Minty Spire (QoL Compilation)","Permanent Neow","Quick Restart","Relic Stats","StSLib","Weighted Paths"],"gold_per_floor":[114,129,129,147,147,190,190,231,231,254,272,272,308,331,331,425,425,473,473,491,184,233,292,363,397,451,515,604,643,689,315,315,474,474,578,578,681,785,834,869,869,407,407,430,181,181,214,282,282,282,342,342,342,15,54,54,54],"floor_reached":56,"language":"ENG","playtime":3145,"items_purged":["Strike_P","Strike_P","Pain"],"score":2486,"play_id":"ed5c5bc7-29f6-493c-b3c9-4b12e9bd91f0","local_time":"20210222200921","is_ascension_mode":true,"campfire_choices":[{"data":"Ragnarok","floor":7.0,"key":"SMITH"},{"data":"Vigilance","floor":12.0,"key":"SMITH"},{"data":"Protect","floor":15.0,"key":"SMITH"},{"data":"Wish","floor":32.0,"key":"SMITH"},{"floor":41.0,"key":"REST"},{"floor":46.0,"key":"RECALL"},{"floor":49.0,"key":"REST"},{"data":"Wish","floor":53.0,"key":"SMITH"}],"circlet_count":0,"master_deck":["AscendersBane","Strike_P","Strike_P","Defend_P","Defend_P","Defend_P","Defend_P","Eruption","Vigilance+1","EmptyFist","Protect+1","Ragnarok+1","Vengeance","Sanctity","Protect","Wish+1","Fasting2","BowlingBash","Omniscience","DevaForm","WheelKick","Tantrum","TalkToTheHand+1","Worship","Tantrum","BowlingBash","Adaptation+1","Worship","Wish+1","Worship","WheelKick+1","Omniscience","SandsOfTime+1","Brilliance+1","Wallop+1"],"relics":["Snecko Eye","Golden Idol","Orichalcum","CloakClasp","HornCleat","Tiny Chest","Calling Bell","Nunchaku","InkBottle","Prayer Wheel","Mercury Hourglass","StoneCalendar","Bag of Preparation","Ancient Tea Set","Shuriken","SlaversCollar","WarpedTongs","Molten Egg 2","Orrery","Potion Belt","Centennial Puzzle","Damaru","Membership Card","Pantograph","TungstenRod"],"acts_visited":["Exordium","TheCity","TheBeyond","TheEnding"],"potions_floor_usage":[56],"damage_taken":[{"damage":0.0,"enemies":"2 Louse","floor":1.0,"turns":2.0},{"damage":0.0,"enemies":"Jaw Worm","floor":2.0,"turns":4.0},{"damage":0.0,"enemies":"Cultist","floor":4.0,"turns":3.0},{"damage":10.0,"enemies":"Gremlin Nob","floor":6.0,"turns":3.0},{"damage":12.0,"enemies":"3 Sentries","floor":8.0,"turns":6.0},{"damage":0.0,"enemies":"Exordium Wildlife","floor":10.0,"turns":1.0},{"damage":0.0,"enemies":"Gremlin Gang","floor":11.0,"turns":3.0},{"damage":1.0,"enemies":"Lagavulin","floor":13.0,"turns":3.0},{"damage":0.0,"enemies":"3 Louse","floor":14.0,"turns":2.0},{"damage":0.0,"enemies":"Slime Boss","floor":16.0,"turns":6.0},{"damage":0.0,"enemies":"Chosen","floor":18.0,"turns":2.0},{"damage":0.0,"enemies":"3 Byrds","floor":20.0,"turns":3.0},{"damage":0.0,"enemies":"Cultist and Chosen","floor":22.0,"turns":5.0},{"damage":0.0,"enemies":"Book of Stabbing","floor":23.0,"turns":1.0},{"damage":5.0,"enemies":"Centurion and Healer","floor":24.0,"turns":5.0},{"damage":0.0,"enemies":"Gremlin Leader","floor":25.0,"turns":2.0},{"damage":0.0,"enemies":"Snecko","floor":27.0,"turns":3.0},{"damage":4.0,"enemies":"Slavers","floor":28.0,"turns":6.0},{"damage":0.0,"enemies":"3 Cultists","floor":29.0,"turns":3.0},{"damage":5.0,"enemies":"Snake Plant","floor":30.0,"turns":4.0},{"damage":5.0,"enemies":"Champ","floor":33.0,"turns":7.0},{"damage":17.0,"enemies":"3 Darklings","floor":35.0,"turns":4.0},{"damage":7.0,"enemies":"3 Shapes","floor":37.0,"turns":7.0},{"damage":3.0,"enemies":"Transient","floor":38.0,"turns":6.0},{"damage":3.0,"enemies":"Writhing Mass","floor":39.0,"turns":4.0},{"damage":3.0,"enemies":"Nemesis","floor":40.0,"turns":5.0},{"damage":0.0,"enemies":"3 Darklings","floor":44.0,"turns":1.0},{"damage":0.0,"enemies":"Reptomancer","floor":47.0,"turns":1.0},{"damage":0.0,"enemies":"Maw","floor":48.0,"turns":3.0},{"damage":0.0,"enemies":"Donu and Deca","floor":50.0,"turns":5.0},{"damage":25.0,"enemies":"Time Eater","floor":51.0,"turns":6.0},{"damage":7,"enemies":"Shield and Spear","floor":55,"turns":3},{"damage":62,"enemies":"The Heart","floor":56,"turns":3}],"seed_played":"5346624922214608722","potions_obtained":[{"floor":2.0,"key":"Ancient Potion"},{"floor":4.0,"key":"BottledMiracle"},{"floor":11.0,"key":"LiquidMemories"},{"floor":16.0,"key":"SneckoOil"},{"floor":22.0,"key":"DuplicationPotion"},{"floor":24.0,"key":"BlessingOfTheForge"},{"floor":33.0,"key":"FearPotion"},{"floor":39.0,"key":"SteroidPotion"},{"floor":44.0,"key":"AttackPotion"},{"floor":48.0,"key":"StancePotion"}],"is_trial":false,"path_per_floor":["M","M","?","M","?","E","R","E","T","M","M","R","E","M","R","B",null,"M","?","M","$","M","E","M","E","T","M","E","M","M","$","R","B",null,"M","?","M","M","M","E","R","$","T","M","$","R","E","M","R","B","B",null,"R","$","E","B"],"character_chosen":"WATCHER","items_purchased":["DevaForm","WheelKick","Shuriken","Orrery","Potion Belt","Centennial Puzzle","StancePotion","Membership Card","Pantograph","BottledMiracle"],"campfire_rested":2,"item_purchase_floors":[21,21,31,42,42,45,45,54,54,54],"current_hp_per_floor":[61,61,61,61,61,51,51,39,39,39,39,39,38,38,38,38,56,56,56,56,56,56,56,51,51,51,51,47,47,42,42,42,37,56,39,39,32,29,26,23,41,41,41,41,41,41,41,41,59,59,34,55,55,55,48,0,0],"gold":54,"neow_bonus":"BOSS_RELIC","is_daily":false,"chose_seed":false,"campfire_upgraded":5,"win_rate":0.0,"timestamp":1614046161,"path_taken":["M","M","?","M","?","E","R","E","T","M","M","R","E","M","R","BOSS","M","?","M","$","M","E","M","E","T","M","E","M","M","$","R","BOSS","M","?","M","?","M","E","R","$","T","M","$","R","E","M","R","BOSS","BOSS","R","$","E","BOSS"],"items_purchased_type":["Card","Card","Relic","Relic","Relic","Relic","Potion","Relic","Relic","Potion"],"build_version":"2020-12-22","purchased_purges":3,"victory":false,"max_hp_per_floor":[68,68,68,68,62,62,62,62,62,62,62,62,62,62,62,62,62,62,62,62,62,62,62,62,62,62,62,62,62,62,62,62,62,62,62,62,62,62,62,62,62,62,62,62,62,62,62,62,62,62,62,62,62,62,62,62,62],"relic_stats":{"counters":[33,120],"Golden Idol":213,"StoneCalendar":[25],"CloakClasp":[429],"Bag of Preparation":[34],"Orichalcum":[102],"Mercury Hourglass":[295],"WarpedTongs":[44],"Nunchaku":[18],"Centennial Puzzle":[8],"Shuriken":[21],"Pantograph":14,"Snecko Eye":[240,238,237,233],"Tiny Chest":0,"Prayer Wheel":13,"obtain_stats":[{"StoneCalendar":25,"CloakClasp":8,"Bag of Preparation":26,"Ancient Tea Set":28,"Nunchaku":17,"Centennial Puzzle":45,"HornCleat":9,"Pantograph":54,"Tiny Chest":13,"Prayer Wheel":17,"InkBottle":17,"Potion Belt":42,"Golden Idol":5,"Damaru":47,"Orichalcum":6,"Mercury Hourglass":23,"WarpedTongs":36,"Calling Bell":17,"SlaversCollar":34,"Shuriken":31,"Snecko Eye":0,"Orrery":42,"Molten Egg 2":40,"Membership Card":54,"PureWater":0,"TungstenRod":55},{"StoneCalendar":16,"CloakClasp":5,"Bag of Preparation":16,"Ancient Tea Set":18,"Nunchaku":10,"Centennial Puzzle":27,"HornCleat":5,"Pantograph":31,"Tiny Chest":8,"Prayer Wheel":10,"InkBottle":10,"Potion Belt":26,"Golden Idol":3,"Damaru":28,"Orichalcum":4,"Mercury Hourglass":14,"WarpedTongs":22,"Calling Bell":10,"SlaversCollar":21,"Shuriken":20,"Snecko Eye":0,"Orrery":26,"Molten Egg 2":26,"Membership Card":31,"PureWater":0,"TungstenRod":32},{"StoneCalendar":51,"CloakClasp":18,"Bag of Preparation":51,"Ancient Tea Set":59,"Nunchaku":33,"Centennial Puzzle":99,"HornCleat":18,"Pantograph":114,"Tiny Chest":25,"Prayer Wheel":33,"InkBottle":33,"Potion Belt":98,"Golden Idol":9,"Damaru":100,"Orichalcum":12,"Mercury Hourglass":44,"WarpedTongs":76,"Calling Bell":33,"SlaversCollar":72,"Shuriken":65,"Snecko Eye":0,"Orrery":98,"Molten Egg 2":98,"Membership Card":114,"PureWater":0,"TungstenRod":117}],"InkBottle":[37],"TungstenRod":19},"card_choices":[{"not_picked":["ThirdEye","WreathOfFlame"],"picked":"EmptyFist","floor":1.0},{"not_picked":["Consecrate","FollowUp","SashWhip"],"picked":"SKIP","floor":2.0},{"not_picked":["Wireheading","EmptyBody"],"picked":"Protect","floor":4.0},{"not_picked":["LikeWater","CutThroughFate"],"picked":"Ragnarok","floor":6.0},{"not_picked":["Crescendo","Wireheading"],"picked":"Vengeance","floor":8.0},{"not_picked":["PathToVictory","Prostrate"],"picked":"Sanctity","floor":10.0},{"not_picked":["Indignation","Protect","Pray"],"picked":"SKIP","floor":11.0},{"not_picked":["Indignation","Pray"],"picked":"Protect","floor":11.0},{"not_picked":["FlurryOfBlows","Prostrate","MasterReality"],"picked":"SKIP","floor":13.0},{"not_picked":["Protect","Consecrate","ThirdEye"],"picked":"SKIP","floor":14.0},{"not_picked":["LessonLearned","Blasphemy"],"picked":"Wish","floor":16.0},{"not_picked":["SashWhip","Prostrate"],"picked":"Fasting2","floor":18.0},{"not_picked":["Halt","EmptyBody","CutThroughFate"],"picked":"SKIP","floor":18.0},{"not_picked":["InnerPeace","Prostrate"],"picked":"BowlingBash","floor":20.0},{"not_picked":["Adaptation","SandsOfTime"],"picked":"Omniscience","floor":20.0},{"not_picked":["BattleHymn","Wireheading"],"picked":"Tantrum","floor":22.0},{"not_picked":["SashWhip+1","Halt+1","FlyingSleeves"],"picked":"SKIP","floor":22.0},{"not_picked":["Vengeance","CrushJoints"],"picked":"TalkToTheHand+1","floor":23.0},{"not_picked":["ClearTheMind","Halt+1"],"picked":"Worship","floor":24.0},{"not_picked":["JustLucky+1","CrushJoints","FlurryOfBlows"],"picked":"SKIP","floor":24.0},{"not_picked":["FollowUp","Blasphemy"],"picked":"Tantrum","floor":25.0},{"not_picked":["Evaluate","Study"],"picked":"BowlingBash","floor":27.0},{"not_picked":["FollowUp","PathToVictory+1","Consecrate"],"picked":"SKIP","floor":27.0},{"not_picked":["ConjureBlade","BowlingBash"],"picked":"Adaptation+1","floor":28.0},{"not_picked":["Crescendo","FlurryOfBlows","JustLucky+1"],"picked":"SKIP","floor":29.0},{"not_picked":["Sanctity+1","ThirdEye","FollowUp"],"picked":"SKIP","floor":29.0},{"not_picked":["MentalFortress","ForeignInfluence"],"picked":"Worship","floor":30.0},{"not_picked":["FlyingSleeves","CutThroughFate","ClearTheMind"],"picked":"SKIP","floor":30.0},{"not_picked":["LessonLearned","Scrawl"],"picked":"Wish","floor":33.0},{"not_picked":["FollowUp+1","ThirdEye","BowlingBash"],"picked":"SKIP","floor":35.0},{"not_picked":["ThirdEye+1","Halt","BattleHymn+1"],"picked":"SKIP","floor":35.0},{"not_picked":["Nirvana","ClearTheMind","BowlingBash"],"picked":"SKIP","floor":37.0},{"not_picked":["Consecrate+1","ForeignInfluence","SignatureMove"],"picked":"SKIP","floor":37.0},{"not_picked":["Weave","JustLucky+1"],"picked":"Worship","floor":38.0},{"not_picked":["EmptyBody+1","WindmillStrike+1","Consecrate"],"picked":"SKIP","floor":38.0},{"not_picked":["Consecrate","PathToVictory","Perseverance"],"picked":"SKIP","floor":39.0},{"not_picked":["Halt","BattleHymn","BowlingBash"],"picked":"SKIP","floor":39.0},{"not_picked":["Study","Judgement","BowlingBash+1"],"picked":"SKIP","floor":40.0},{"not_picked":["Swivel+1","EmptyFist+1"],"picked":"WheelKick+1","floor":42.0},{"not_picked":["ClearTheMind","FlurryOfBlows+1"],"picked":"Omniscience","floor":42.0},{"not_picked":["EmptyBody+1","PathToVictory+1"],"picked":"SandsOfTime+1","floor":44.0},{"not_picked":["PathToVictory+1","Halt","LikeWater"],"picked":"SKIP","floor":44.0},{"not_picked":["EmptyFist+1","FlyingSleeves+1"],"picked":"Brilliance+1","floor":47.0},{"not_picked":["Halt+1","JustLucky+1"],"picked":"Wallop+1","floor":48.0},{"not_picked":["ClearTheMind+1","BattleHymn+1","Crescendo"],"picked":"SKIP","floor":48.0},{"not_picked":["Crescendo","SashWhip+1","Consecrate+1"],"picked":"SKIP","floor":55}],"player_experience":1274716,"relics_obtained":[{"floor":6.0,"key":"Orichalcum"},{"floor":8.0,"key":"CloakClasp"},{"floor":9.0,"key":"HornCleat"},{"floor":13.0,"key":"Tiny Chest"},{"floor":17.0,"key":"Nunchaku"},{"floor":17.0,"key":"InkBottle"},{"floor":17.0,"key":"Prayer Wheel"},{"floor":23.0,"key":"Mercury Hourglass"},{"floor":25.0,"key":"StoneCalendar"},{"floor":26.0,"key":"Bag of Preparation"},{"floor":28.0,"key":"Ancient Tea Set"},{"floor":40.0,"key":"Molten Egg 2"},{"floor":47.0,"key":"Damaru"},{"floor":55,"key":"TungstenRod"}],"event_choices":[{"damage_healed":0.0,"max_hp_gain":0.0,"max_hp_loss":0.0,"gold_gain":0.0,"event_name":"The Cleric","player_choice":"Leave","floor":3.0,"gold_loss":0.0,"damage_taken":0.0},{"damage_healed":0.0,"max_hp_gain":0.0,"max_hp_loss":6.0,"gold_gain":0.0,"event_name":"Golden Idol","player_choice":"Lose Max HP","floor":5.0,"gold_loss":0.0,"damage_taken":0.0,"relics_obtained":["Golden Idol"]},{"damage_healed":0.0,"max_hp_gain":0.0,"max_hp_loss":0.0,"gold_gain":0.0,"event_name":"Vampires","player_choice":"Ignored","floor":19.0,"gold_loss":0.0,"damage_taken":0.0},{"damage_healed":0.0,"max_hp_gain":0.0,"max_hp_loss":0.0,"gold_gain":0.0,"event_name":"Accursed Blacksmith","player_choice":"Rummage","floor":36.0,"gold_loss":0.0,"damage_taken":0.0,"relics_obtained":["WarpedTongs"],"cards_obtained":["Pain"]}],"is_beta":false,"boss_relics":[{"not_picked":["Fusion Hammer","Cursed Key"],"picked":"Calling Bell"},{"not_picked":["Sozu","Pandora\u0027s Box"],"picked":"SlaversCollar"}],"items_purged_floors":[21,31,42],"is_endless":false,"potions_floor_spawned":[2,4,11,16,20,22,24,25,33,39,40,44,48],"killed_by":"The Heart","ascension_level":20}}