{"host":"47dy5sq35ip5a0sv","time":1614067954,"event":{"mods":["BaseMod","Duelist Mod","Minty Spire (QoL Compilation)","StSLib","The Runesmith"],"gold_per_floor":[159,198,198,18,78,153,252,330,342,444,561,573,666,711,723,1029,1041,1110,1182,1194,1206,1263,1380,1425,1521,1533,1641,1147,1189,1273,1324,1324,1639,1639,1639],"floor_reached":34,"language":"ZHS","playtime":3606,"items_purged":[],"score":730,"play_id":"a8601137-2d08-427b-9f08-2849ce7cc838","local_time":"20210223161234","daily_mods":["SealedDeck","Vintage","Colorless Cards","Heirloom","DeadlyEvents","Elite Swarm","Midas"],"is_ascension_mode":false,"campfire_choices":[{"floor":12,"key":"REST"},{"floor":15,"key":"REST"},{"floor":32,"key":"REST"}],"circlet_count":0,"master_deck":["Runesmith:NegativeSpace","Runesmith:Empowerment","Runesmith:EarthShield","Runesmith:ChiselStab","Runesmith:Firewall","Runesmith:HeatExchange","Runesmith:EnergizedChisel","Runesmith:Reinforce","Runesmith:ShiftingStrike","Runesmith:DoubleUp","Bandage Up","Runesmith:RunicBlueprint+1","Apotheosis","Runesmith:ArcReactor","Runesmith:CraftIndustria","Runesmith:CreatorForm","Runesmith:HeatedChisel","Runesmith:CraftMedicinae","Runesmith:LightningRod+1","Runesmith:Duplicate","Runesmith:ChaoticBlast","Runesmith:PoweredAnvil","Runesmith:CraftIndustria"],"relics":["Runesmith:CoreCrystal","Lizard Tail","Happy Flower","Mummified Hand","Blood Vial","Eternal Feather","Bottled Lightning","Runesmith:EmergencyProvisions","MawBank","Sundial","MealTicket","Boot","Runesmith:AutoHammer","Dead Branch","Singing Bowl","Toy Ornithopter","Bag of Preparation","Runesmith:Locket","Ginger","HornCleat","Ice Cream","Blue Candle","Chemical X","Omamori","Vajra","Lantern","War Paint","SlaversCollar"],"acts_visited":["Exordium","TheCity","TheBeyond"],"potions_floor_usage":[6,10,16,22,23,23,25,30,33],"damage_taken":[{"damage":0,"enemies":"Small Slimes","floor":1,"turns":2},{"damage":0,"enemies":"Cultist","floor":2,"turns":3},{"damage":3,"enemies":"Jaw Worm","floor":5,"turns":3},{"damage":2,"enemies":"Lagavulin","floor":6,"turns":5},{"damage":0,"enemies":"Gremlin Nob","floor":7,"turns":3},{"damage":0,"enemies":"Lagavulin","floor":8,"turns":4},{"damage":0,"enemies":"Gremlin Nob","floor":10,"turns":3},{"damage":5,"enemies":"3 Sentries","floor":11,"turns":3},{"damage":0,"enemies":"Gremlin Nob","floor":13,"turns":3},{"damage":10,"enemies":"Looter","floor":14,"turns":3},{"damage":3,"enemies":"The Guardian","floor":16,"turns":7},{"damage":20,"enemies":"Chosen","floor":18,"turns":5},{"damage":0,"enemies":"Spheric Guardian","floor":19,"turns":4},{"damage":2,"enemies":"Snake Plant","floor":22,"turns":5},{"damage":39,"enemies":"Slavers","floor":23,"turns":4},{"damage":10,"enemies":"Centurion and Healer","floor":24,"turns":6},{"damage":0,"enemies":"Gremlin Leader","floor":25,"turns":5},{"damage":22,"enemies":"Slavers","floor":27,"turns":5},{"damage":0,"enemies":"Chosen and Byrds","floor":29,"turns":3},{"damage":5,"enemies":"Book of Stabbing","floor":30,"turns":5},{"damage":0,"enemies":"Snake Plant","floor":31,"turns":4},{"damage":11,"enemies":"Collector","floor":33,"turns":6}],"seed_played":"-820005417524670749","potions_obtained":[{"floor":1,"key":"AttackPotion"},{"floor":7,"key":"AttackPotion"},{"floor":10,"key":"LiquidBronze"},{"floor":11,"key":"Weak Potion"},{"floor":13,"key":"SpeedPotion"},{"floor":18,"key":"BlessingOfTheForge"},{"floor":23,"key":"BlessingOfTheForge"},{"floor":29,"key":"Explosive Potion"},{"floor":30,"key":"PowerPotion"},{"floor":33,"key":"Block Potion"}],"is_trial":true,"path_per_floor":["M","M","?","$","M","E","E","E","T","E","E","R","E","M","R","B",null,"M","M","?","?","M","E","M","E","T","E","$","M","E","M","R","B",null],"character_chosen":"RUNESMITH_CLASS","items_purchased":["Blood Vial","Runesmith:RunicBlueprint","Runesmith:ChaoticBlast","Runesmith:PoweredAnvil","Chemical X","Omamori","FearPotion","BlessingOfTheForge"],"campfire_rested":3,"item_purchase_floors":[4,4,28,28,28,28,28,28],"current_hp_per_floor":[70,70,70,70,70,68,70,70,70,70,65,70,70,60,70,67,70,50,58,58,58,69,31,32,47,47,38,53,61,67,72,72,72,72,72],"gold":1639,"neow_bonus":"","is_daily":false,"chose_seed":false,"campfire_upgraded":0,"win_rate":0.0,"timestamp":1614067954,"path_taken":["M","M","?","$","M","E","?","E","T","E","?","R","E","M","R","BOSS","M","M","?","?","M","E","M","E","T","E","$","M","E","?","R","BOSS"],"items_purchased_type":["Relic","Card","Card","Card","Relic","Relic","Potion","Potion"],"build_version":"2020-12-22","purchased_purges":0,"victory":false,"max_hp_per_floor":[70,70,70,70,70,70,70,70,70,70,70,70,70,70,70,70,70,70,70,70,70,70,70,70,70,70,70,70,70,72,72,72,72,72,72],"card_choices":[{"not_picked":["Runesmith:ArcReactor","Violence"],"picked":"Apotheosis","floor":6},{"not_picked":["Runesmith:DuctTape","Chrysalis"],"picked":"Runesmith:ArcReactor","floor":7},{"not_picked":["Runesmith:Supernova","Panache","Runesmith:DuctTape"],"picked":"SKIP","floor":8},{"not_picked":["Sadistic Nature","Magnetism","Panache"],"picked":"SKIP","floor":10},{"not_picked":["Chrysalis","Secret Technique"],"picked":"Runesmith:CraftIndustria","floor":11},{"not_picked":["Runesmith:LightningRod","Sadistic Nature","Runesmith:Supernova"],"picked":"SKIP","floor":13},{"not_picked":["Transmutation","Sadistic Nature"],"picked":"Runesmith:CreatorForm","floor":16},{"not_picked":["HandOfGreed","Thinking Ahead"],"picked":"Runesmith:CraftMedicinae","floor":23},{"not_picked":["Runesmith:CraftIndustria","Master of Strategy"],"picked":"Runesmith:LightningRod","floor":25},{"not_picked":["Runesmith:CraftMedicinae","theDuelist:OrbMetronome"],"picked":"Runesmith:Duplicate","floor":27},{"not_picked":["Magnetism","Runesmith:LightningRod","Apotheosis"],"picked":"Singing Bowl","floor":30},{"not_picked":["Runesmith:CraftMedicinae","Apotheosis"],"picked":"Runesmith:CraftIndustria","floor":33}],"player_experience":298691,"relics_obtained":[{"floor":1,"key":"Happy Flower"},{"floor":2,"key":"Mummified Hand"},{"floor":5,"key":"Eternal Feather"},{"floor":6,"key":"Bottled Lightning"},{"floor":7,"key":"Runesmith:EmergencyProvisions"},{"floor":8,"key":"MawBank"},{"floor":9,"key":"Sundial"},{"floor":10,"key":"MealTicket"},{"floor":11,"key":"Boot"},{"floor":13,"key":"Runesmith:AutoHammer"},{"floor":14,"key":"Dead Branch"},{"floor":18,"key":"Singing Bowl"},{"floor":19,"key":"Toy Ornithopter"},{"floor":22,"key":"Bag of Preparation"},{"floor":23,"key":"Runesmith:Locket"},{"floor":24,"key":"Ginger"},{"floor":25,"key":"HornCleat"},{"floor":26,"key":"Ice Cream"},{"floor":27,"key":"Blue Candle"},{"floor":29,"key":"Vajra"},{"floor":30,"key":"Lantern"},{"floor":31,"key":"War Paint"}],"event_choices":[{"damage_healed":0,"gold_gain":0,"player_choice":"1 cards matched","damage_taken":0,"max_hp_gain":0,"max_hp_loss":0,"event_name":"Match and Keep!","floor":3,"gold_loss":0,"cards_obtained":["Bandage Up"]},{"damage_healed":0,"gold_gain":0,"player_choice":"Read","damage_taken":0,"max_hp_gain":0,"max_hp_loss":0,"event_name":"The Library","floor":20,"gold_loss":0,"cards_obtained":["Runesmith:HeatedChisel"]},{"damage_healed":0,"gold_gain":0,"player_choice":"Ignored","damage_taken":0,"max_hp_gain":0,"max_hp_loss":0,"event_name":"Ghosts","floor":21,"gold_loss":0}],"is_beta":false,"boss_relics":[{"not_picked":["Runesmith:UraniumAnvil","Velvet Choker"],"picked":"Runesmith:CoreCrystal"},{"not_picked":["Cursed Key","Runic Dome"],"picked":"SlaversCollar"}],"items_purged_floors":[],"is_endless":false,"potions_floor_spawned":[1,7,10,11,13,18,23,29,30,33],"ascension_level":0}}