{"host":"4yf2n7l3ni368tvf","time":1614076021,"event":{"mods":["AchievementEnabler","BaseMod","Colored Map","DeckTracker","Keyboard Shortcuts","Minty Spire (QoL Compilation)","SuperFastMode"],"gold_per_floor":[112,129,83,100,100,129,129,129,210,226,257,257,233,245,245,344,344,357,371,347,366,377,377,406,16,16,36,36,36,51,80,80,179,179,191,191],"floor_reached":35,"language":"KOR","playtime":1057,"items_purged":[],"score":509,"play_id":"b619cd1d-402e-49d1-b3d7-fb894ca81bdd","local_time":"20210223192701","is_ascension_mode":true,"campfire_choices":[{"data":"Perfected Strike","floor":8.0,"key":"SMITH"},{"data":"Inflame","floor":12.0,"key":"SMITH"},{"floor":15.0,"key":"REST"},{"floor":23,"key":"REST"},{"floor":32,"key":"REST"}],"circlet_count":0,"master_deck":["Strike_R+1","Strike_R+1","Strike_R+1","Strike_R+1","Strike_R+1","Defend_R+1","Defend_R+1","Defend_R+1","Defend_R+1","Bash","Double Tap","Inflame+1","Twin Strike","Shrug It Off","Spot Weakness","Perfected Strike+1","Twin Strike","Flex","Shrug It Off","Intimidate+1","Perfected Strike+1","Sword Boomerang","Flex","Ghostly Armor","Impervious","Demon Form"],"relics":["Burning Blood","Orichalcum","Matryoshka","Blood Vial","Omamori","Pantograph","Bronze Scales","SacredBark","Mummified Hand","Toolbox","Gremlin Horn","Bag of Marbles","Question Card","Self Forming Clay","Calling Bell","MawBank","Molten Egg 2","Torii"],"acts_visited":["Exordium","TheCity","TheBeyond"],"potions_floor_usage":[24,31,33],"damage_taken":[{"damage":6.0,"enemies":"Cultist","floor":1.0,"turns":3.0},{"damage":12.0,"enemies":"Small Slimes","floor":2.0,"turns":3.0},{"damage":0.0,"enemies":"2 Louse","floor":4.0,"turns":3.0},{"damage":25.0,"enemies":"Lagavulin","floor":6.0,"turns":6.0},{"damage":14.0,"enemies":"Lots of Slimes","floor":10.0,"turns":6.0},{"damage":12.0,"enemies":"3 Sentries","floor":11.0,"turns":5.0},{"damage":10.0,"enemies":"Gremlin Gang","floor":14.0,"turns":3.0},{"damage":35.0,"enemies":"The Guardian","floor":16.0,"turns":10.0},{"damage":29,"enemies":"Shell Parasite","floor":18,"turns":3},{"damage":12,"enemies":"3 Byrds","floor":19,"turns":3},{"damage":24,"enemies":"Sentry and Sphere","floor":21,"turns":5},{"damage":31,"enemies":"Centurion and Healer","floor":22,"turns":4},{"damage":21,"enemies":"Slavers","floor":24,"turns":4},{"damage":0,"enemies":"3 Cultists","floor":27,"turns":3},{"damage":15,"enemies":"Snake Plant","floor":30,"turns":3},{"damage":21,"enemies":"Book of Stabbing","floor":31,"turns":3},{"damage":116,"enemies":"Automaton","floor":33,"turns":11},{"damage":68,"enemies":"3 Darklings","floor":35,"turns":4}],"seed_played":"-1623786030269848844","potions_obtained":[{"floor":1.0,"key":"Fire Potion"},{"floor":4.0,"key":"Weak Potion"},{"floor":10.0,"key":"FairyPotion"},{"floor":14.0,"key":"Swift Potion"},{"floor":22,"key":"Fire Potion"},{"floor":27,"key":"Swift Potion"},{"floor":29,"key":"Block Potion"},{"floor":29,"key":"Ancient Potion"},{"floor":30,"key":"BloodPotion"}],"is_trial":false,"path_per_floor":["M","M","$","M","?","E","?","R","T","M","E","R","$","M","R","B",null,"M","M","$","M","M","R","E","$","T","M","?","?","M","E","R","B",null,"M"],"character_chosen":"IRONCLAD","items_purchased":["Shrug It Off","Flex","Sword Boomerang","Toolbox","Gremlin Horn"],"campfire_rested":3,"item_purchase_floors":[3,13,20,25,25],"current_hp_per_floor":[80,74,74,80,73,54,54,54,54,48,44,44,44,42,66,51,73,52,48,48,32,9,33,20,20,20,28,28,28,21,40,64,22,66,0,0],"gold":191,"neow_bonus":"ONE_RANDOM_RARE_CARD","is_daily":false,"chose_seed":false,"campfire_upgraded":2,"win_rate":0.0,"timestamp":1614076021,"path_taken":["M","?","$","M","?","E","?","R","T","?","E","R","$","M","R","BOSS","M","M","$","M","?","R","E","$","T","M","?","?","M","E","R","BOSS","M"],"items_purchased_type":["Card","Card","Card","Relic","Relic"],"build_version":"2020-12-22","purchased_purges":0,"victory":false,"max_hp_per_floor":[80,80,80,80,80,80,80,80,80,80,80,80,80,80,80,80,80,80,80,80,80,80,80,80,80,80,80,80,80,80,80,80,80,80,80,80],"card_choices":[{"not_picked":["Battle Trance","Sword Boomerang"],"picked":"Inflame","floor":1.0},{"not_picked":["Seeing Red","True Grit"],"picked":"Twin Strike","floor":2.0},{"not_picked":["Body Slam","Wild Strike"],"picked":"Spot Weakness","floor":4.0},{"not_picked":["Cleave","Headbutt"],"picked":"Perfected Strike","floor":6.0},{"not_picked":["Havoc","Juggernaut","Thunderclap"],"picked":"SKIP","floor":10.0},{"not_picked":["Armaments","Pommel Strike"],"picked":"Twin Strike","floor":11.0},{"not_picked":["True Grit","Cleave"],"picked":"Shrug It Off","floor":14.0},{"not_picked":["Body Slam","Dual Wield"],"picked":"Intimidate+1","floor":18},{"not_picked":["Clothesline+1","Headbutt+1"],"picked":"Perfected Strike+1","floor":19},{"not_picked":["Power Through","True Grit+1"],"picked":"Flex","floor":21},{"not_picked":["Cleave","Havoc"],"picked":"Ghostly Armor","floor":22},{"not_picked":["Rampage","Infernal Blade+1","Thunderclap"],"picked":"SKIP","floor":24},{"not_picked":["Thunderclap","Rage","Warcry","True Grit"],"picked":"SKIP","floor":27},{"not_picked":["Havoc","Rampage","Dark Embrace","Disarm"],"picked":"SKIP","floor":30},{"not_picked":["Power Through+1","Warcry","Armaments"],"picked":"Impervious","floor":31},{"not_picked":["Bludgeon","Offering","Berserk"],"picked":"Demon Form","floor":33}],"player_experience":276065,"relics_obtained":[{"floor":6.0,"key":"Matryoshka"},{"floor":9.0,"key":"Omamori"},{"floor":9.0,"key":"Pantograph"},{"floor":11.0,"key":"Bronze Scales"},{"floor":24,"key":"Mummified Hand"},{"floor":26,"key":"Bag of Marbles"},{"floor":26,"key":"Question Card"},{"floor":31,"key":"Self Forming Clay"},{"floor":34,"key":"MawBank"},{"floor":34,"key":"Molten Egg 2"},{"floor":34,"key":"Torii"}],"event_choices":[{"damage_healed":0.0,"max_hp_gain":0.0,"max_hp_loss":0.0,"gold_gain":0.0,"event_name":"Scrap Ooze","player_choice":"Success","floor":5.0,"gold_loss":0.0,"damage_taken":7.0,"relics_obtained":["Orichalcum"]},{"damage_healed":0.0,"max_hp_gain":0.0,"max_hp_loss":0.0,"gold_gain":0.0,"event_name":"WeMeetAgain","player_choice":"Gave Potion","floor":7.0,"gold_loss":0.0,"damage_taken":0.0,"relics_obtained":["Blood Vial"]},{"damage_healed":0,"gold_gain":0,"player_choice":"Simplicity","damage_taken":0,"max_hp_gain":0,"max_hp_loss":0,"event_name":"Back to Basics","floor":28,"gold_loss":0,"cards_upgraded":["Strike_R","Strike_R","Strike_R","Strike_R","Strike_R","Defend_R","Defend_R","Defend_R","Defend_R"]},{"damage_healed":0,"gold_gain":0,"player_choice":"Got Potions","damage_taken":0,"max_hp_gain":0,"max_hp_loss":0,"event_name":"Lab","floor":29,"gold_loss":0}],"is_beta":false,"boss_relics":[{"not_picked":["Coffee Dripper","Runic Dome"],"picked":"SacredBark"},{"not_picked":["Velvet Choker","Astrolabe"],"picked":"Calling Bell"}],"items_purged_floors":[],"is_endless":false,"potions_floor_spawned":[1,4,10,14,22,27,30],"killed_by":"3 Darklings","ascension_level":5}}