{"host":"yn1175etg9ni8l0q","time":1614085009,"event":{"mods":["AchievementEnabler","BaseMod","Colored Map","Colored Powertips","DeckTracker","Minty Spire (QoL Compilation)","Rare Cards Sparkle","Relic Stats","SuperFastMode","everything is the same but u backflip on backflip"],"gold_per_floor":[16,26,44,64,74,74,106,106,106,125,145,157,186,199,199,296,296,311,311,322,339,264,264,289,289,359,359,274,286,286,296,296,393,393,409,425,439,80,80,80,80,80,80,115,126,101,101,129,129,129,129,129,4,35,35],"floor_reached":56,"language":"KOR","playtime":1876,"items_purged":["Dash","Masterful Stab","Deadly Poison"],"score":1266,"play_id":"4883487e-12ac-41f4-bb0f-3ae10c4f615d","local_time":"20210223215649","is_ascension_mode":false,"campfire_choices":[{"data":"Crippling Poison","floor":6,"key":"SMITH"},{"data":"Bouncing Flask","floor":8,"key":"SMITH"},{"floor":15,"key":"REST"},{"data":"Corpse Explosion","floor":23,"key":"SMITH"},{"data":"Acrobatics","floor":27,"key":"SMITH"},{"data":"Tactician","floor":32,"key":"SMITH"},{"data":"Malaise","floor":40,"key":"SMITH"},{"data":"Noxious Fumes","floor":42,"key":"SMITH"},{"data":"Acrobatics","floor":47,"key":"SMITH"},{"floor":49,"key":"RECALL"},{"data":"Adrenaline","floor":52,"key":"SMITH"}],"circlet_count":0,"master_deck":["Survivor","Neutralize","Crippling Poison+1","Blur","Bouncing Flask+1","Backflip","Dagger Throw","Tactician+1","Noxious Fumes+1","Corpse Explosion+1","Acrobatics+1","Wraith Form v2+1","Backflip","Wraith Form v2+1","Footwork+1","Malaise+1","Catalyst+1","Prepared+1","Adrenaline+1","Reflex+1","Sucker Punch","Escape Plan","Acrobatics+1","Catalyst+1"],"relics":["Ring of the Snake","Omamori","Blue Candle","Frozen Egg 2","Pandora\u0027s Box","Eternal Feather","Turnip","Empty Cage","Paper Crane","Gremlin Horn","Toy Ornithopter","White Beast Statue","Ninja Scroll"],"acts_visited":["Exordium","TheCity","TheBeyond","TheEnding"],"potions_floor_usage":[10,13,13,14,24,24,50,55,55,55],"damage_taken":[{"damage":0,"enemies":"2 Louse","floor":1,"turns":2},{"damage":0,"enemies":"Small Slimes","floor":2,"turns":3},{"damage":0,"enemies":"Cultist","floor":3,"turns":3},{"damage":0,"enemies":"Large Slime","floor":4,"turns":4},{"damage":6,"enemies":"Exordium Thugs","floor":5,"turns":4},{"damage":9,"enemies":"Lagavulin","floor":7,"turns":6},{"damage":12,"enemies":"Exordium Wildlife","floor":10,"turns":6},{"damage":13,"enemies":"Lots of Slimes","floor":11,"turns":4},{"damage":13,"enemies":"Gremlin Gang","floor":12,"turns":3},{"damage":9,"enemies":"Gremlin Nob","floor":13,"turns":4},{"damage":16,"enemies":"Large Slime","floor":14,"turns":5},{"damage":12,"enemies":"The Guardian","floor":16,"turns":9},{"damage":3,"enemies":"Shell Parasite","floor":18,"turns":6},{"damage":3,"enemies":"Chosen","floor":20,"turns":5},{"damage":18,"enemies":"Snake Plant","floor":21,"turns":4},{"damage":18,"enemies":"Gremlin Leader","floor":24,"turns":7},{"damage":14,"enemies":"Cultist and Chosen","floor":29,"turns":6},{"damage":2,"enemies":"Shelled Parasite and Fungi","floor":31,"turns":5},{"damage":10,"enemies":"Collector","floor":33,"turns":8},{"damage":16,"enemies":"3 Shapes","floor":35,"turns":3},{"damage":1,"enemies":"Orb Walker","floor":36,"turns":4},{"damage":24,"enemies":"Writhing Mass","floor":37,"turns":7},{"damage":0,"enemies":"Nemesis","floor":44,"turns":7},{"damage":7,"enemies":"Jaw Worm Horde","floor":45,"turns":2},{"damage":8,"enemies":"Giant Head","floor":48,"turns":6},{"damage":26,"enemies":"Donu and Deca","floor":50,"turns":7},{"damage":18,"enemies":"Shield and Spear","floor":54,"turns":3},{"damage":42,"enemies":"The Heart","floor":55,"turns":5}],"seed_played":"-1031145336455480365","potions_obtained":[{"floor":2,"key":"Weak Potion"},{"floor":3,"key":"Block Potion"},{"floor":7,"key":"Fruit Juice"},{"floor":10,"key":"PowerPotion"},{"floor":13,"key":"Regen Potion"},{"floor":16,"key":"AttackPotion"},{"floor":20,"key":"Regen Potion"},{"floor":24,"key":"FearPotion"},{"floor":29,"key":"LiquidBronze"},{"floor":44,"key":"Poison Potion"},{"floor":54,"key":"DistilledChaos"}],"is_trial":false,"path_per_floor":["M","M","M","M","M","R","E","R","T","M","M","M","E","M","R","B",null,"M","?","M","M","$","R","E","?","T","R","?","M","?","M","R","B",null,"M","M","M","$","?","R","$","R","T","E","M","$","R","E","R","B",null,"R","$","E","B",null],"character_chosen":"THE_SILENT","items_purchased":["Paper Crane","Acrobatics"],"campfire_rested":1,"item_purchase_floors":[38,46],"current_hp_per_floor":[70,70,70,70,64,64,55,55,55,48,35,22,13,9,31,19,75,72,58,55,37,37,37,34,34,34,46,46,32,32,30,42,32,80,64,63,39,39,39,51,51,63,63,63,56,56,68,60,72,51,80,80,80,62,35],"gold":35,"neow_bonus":"TRANSFORM_TWO_CARDS","is_daily":false,"chose_seed":false,"campfire_upgraded":9,"win_rate":0.0,"timestamp":1614085009,"path_taken":["M","M","M","M","M","R","E","R","T","M","M","M","E","M","R","BOSS","M","?","M","M","$","R","E","?","T","R","?","M","?","M","R","BOSS","M","M","?","$","?","R","?","R","T","E","M","$","R","E","R","BOSS","R","$","E","BOSS"],"items_purchased_type":["Relic","Card"],"build_version":"2020-12-22","purchased_purges":3,"victory":true,"max_hp_per_floor":[70,70,70,70,70,70,70,70,70,75,75,75,75,75,75,75,75,75,80,80,80,80,80,80,80,80,80,80,80,80,80,80,80,80,80,80,80,80,80,80,80,80,80,80,80,80,80,80,80,80,80,80,80,80,80],"relic_stats":{"Gremlin Horn":[0,0],"counters":[28,138],"Blue Candle":[0],"Pandora\u0027s Box":["Backflip","Masterful Stab","Grand Finale","Dash","Cloak And Dagger","Wraith Form v2","Skewer","Footwork"],"Eternal Feather":72,"Turnip":[5],"obtain_stats":[{"Gremlin Horn":43,"Blue Candle":9,"Eternal Feather":24,"Omamori":7,"Frozen Egg 2":13,"Paper Crane":38,"Empty Cage":34,"White Beast Statue":48,"Ninja Scroll":54,"Pandora\u0027s Box":17,"Turnip":28,"Toy Ornithopter":44,"Ring of the Snake":0},{"Gremlin Horn":22,"Blue Candle":6,"Eternal Feather":16,"Omamori":6,"Frozen Egg 2":10,"Paper Crane":22,"Empty Cage":19,"White Beast Statue":25,"Ninja Scroll":27,"Pandora\u0027s Box":12,"Turnip":16,"Toy Ornithopter":23,"Ring of the Snake":0},{"Gremlin Horn":108,"Blue Candle":22,"Eternal Feather":75,"Omamori":22,"Frozen Egg 2":39,"Paper Crane":108,"Empty Cage":94,"White Beast Statue":123,"Ninja Scroll":133,"Pandora\u0027s Box":53,"Turnip":75,"Toy Ornithopter":115,"Ring of the Snake":0}],"Toy Ornithopter":20,"Ring of the Snake":[56]},"card_choices":[{"not_picked":["Prepared","Dagger Spray"],"picked":"Blur","floor":1},{"not_picked":["Dagger Spray","Slice"],"picked":"Bouncing Flask","floor":2},{"not_picked":["PiercingWail","Heel Hook"],"picked":"Backflip","floor":3},{"not_picked":["Heel Hook","Choke"],"picked":"Dagger Throw","floor":4},{"not_picked":["Backflip","Caltrops"],"picked":"Deadly Poison","floor":5},{"not_picked":["Infinite Blades","Expertise"],"picked":"Tactician","floor":7},{"not_picked":["Outmaneuver","Choke"],"picked":"Noxious Fumes","floor":10},{"not_picked":["Prepared","Acrobatics"],"picked":"Corpse Explosion","floor":11},{"not_picked":["Sucker Punch","Skewer","Bouncing Flask"],"picked":"SKIP","floor":12},{"not_picked":["PiercingWail","Quick Slash"],"picked":"Acrobatics","floor":13},{"not_picked":["Sucker Punch","Flying Knee","Backflip"],"picked":"SKIP","floor":14},{"not_picked":["Tools of the Trade+1","Grand Finale"],"picked":"Wraith Form v2+1","floor":16},{"not_picked":["Predator","Blade Dance","Slice+1"],"picked":"SKIP","floor":18},{"not_picked":["Dodge and Roll","Concentrate","Setup"],"picked":"SKIP","floor":20},{"not_picked":["Underhanded Strike+1","Sucker Punch","Backstab"],"picked":"SKIP","floor":21},{"not_picked":["Poisoned Stab","All Out Attack"],"picked":"Malaise","floor":24},{"not_picked":["Endless Agony","Deadly Poison+1"],"picked":"Catalyst+1","floor":29},{"not_picked":["Dash","Endless Agony"],"picked":"Prepared+1","floor":31},{"not_picked":["Grand Finale","Corpse Explosion"],"picked":"Adrenaline","floor":33},{"not_picked":["Deadly Poison","Quick Slash"],"picked":"Reflex+1","floor":35},{"not_picked":["Dagger Throw+1","Deadly Poison","Deflect"],"picked":"SKIP","floor":36},{"not_picked":["Blade Dance","Deflect","Unload"],"picked":"SKIP","floor":37},{"not_picked":["Deflect","Poisoned Stab"],"picked":"Escape Plan","floor":44},{"not_picked":["Flying Knee+1","Blur","Dodge and Roll"],"picked":"SKIP","floor":45},{"not_picked":["Quick Slash","Cloak And Dagger+1","Acrobatics+1"],"picked":"SKIP","floor":48},{"not_picked":["Masterful Stab","Backstab"],"picked":"Catalyst+1","floor":54}],"player_experience":395913,"relics_obtained":[{"floor":7,"key":"Omamori"},{"floor":9,"key":"Blue Candle"},{"floor":13,"key":"Frozen Egg 2"},{"floor":24,"key":"Eternal Feather"},{"floor":43,"key":"Gremlin Horn"},{"floor":44,"key":"Toy Ornithopter"},{"floor":48,"key":"White Beast Statue"},{"floor":54,"key":"Ninja Scroll"}],"event_choices":[{"damage_healed":0,"gold_gain":0,"player_choice":"Shed Blood","damage_taken":19,"max_hp_gain":5,"max_hp_loss":0,"event_name":"Forgotten Altar","floor":19,"gold_loss":0},{"damage_healed":0,"gold_gain":0,"player_choice":"Ignored","damage_taken":0,"max_hp_gain":0,"max_hp_loss":0,"event_name":"Vampires","floor":25,"gold_loss":0},{"damage_healed":0,"gold_gain":0,"player_choice":"Obtained Relic","damage_taken":0,"relics_obtained":["Turnip"],"max_hp_gain":0,"max_hp_loss":0,"event_name":"Addict","floor":28,"gold_loss":85},{"cards_removed":["Skewer"],"damage_healed":0,"gold_gain":0,"player_choice":"Purged","damage_taken":0,"max_hp_gain":0,"max_hp_loss":0,"event_name":"Purifier","floor":30,"gold_loss":0},{"damage_healed":0,"gold_gain":0,"cards_transformed":["Bane"],"player_choice":"Transformed","damage_taken":0,"max_hp_gain":0,"max_hp_loss":0,"event_name":"Transmorgrifier","floor":39,"gold_loss":0,"cards_obtained":["Sucker Punch"]}],"is_beta":false,"boss_relics":[{"not_picked":["Black Star","HoveringKite"],"picked":"Pandora\u0027s Box"},{"not_picked":["WristBlade","SacredBark"],"picked":"Empty Cage"}],"items_purged_floors":[22,38,53],"is_endless":false,"potions_floor_spawned":[2,3,7,10,11,13,16,20,21,24,29,33,44,48,54],"ascension_level":0}}