{"host":"t5kis9necmbui802","time":1614074780,"event":{"mods":["100% Spire Juice","Act Like it!","BaseMod","CapriCore","Chen","Colored Powertips","Downfall","Gensokyo","HololiveMod","Koishi","KomeijiMod","Lobotomy","LobotomyExtend","Minty Spire (QoL Compilation)","MostiFishMod","Replay The Spire","Robot Space Explorer","Shop Mod","Spicy Shops","StSLib","The Alterego","The Immortal","TheWitcher","Uncapped","Yuri Mod","noobMod"],"gold_per_floor":[99,110,124,37,35,35,62,87,17,17,31,31,60,80,99,197,197,197,207,207,87,87,104,104,104,104,138,164,178,210,210,226,321,321,321,339,356,5,62,22,22,33,33,46,79,89,89,114,131,131,131],"floor_reached":52,"language":"ZHS","playtime":2524,"items_purged":[],"score":1046,"play_id":"efa3c858-42a4-4d28-930d-0db4cad39e90","local_time":"20210223180620","is_ascension_mode":true,"campfire_choices":[{"data":"bronze:Virus","floor":10,"key":"SMITH"},{"data":"bronze:ForLoop","floor":12,"key":"SMITH"},{"data":"Magnetism","floor":43,"key":"SMITH"},{"data":"ReplayTheSpireMod:Brewmster","floor":47,"key":"SMITH"}],"circlet_count":0,"master_deck":["bronze:Strike","bronze:Strike","bronze:Strike","bronze:Defend","bronze:Defend","bronze:Defend","bronze:Defend+1","bronze:Replicate","bronze:Virus+1","bronze:NullPointer","bronze:WhirlingStrike","bronze:Iterate","bronze:InfiniteBeams","bronze:ForLoop+1","bronze:Break","bronze:CloningBeam","bronze:Format+1","bronze:InfiniteBeams","bronze:Branch","bronze:Format","bronze:ThunderWave","bronze:Branch","bronze:Turbo+1","bronze:CleanCode","Crow Ritual","bronze:BitShift+1","bronze:WildBeam+1","bronze:Return+1","bronze:WildBeam+1","bronze:Branch+1","bronze:ItsAFeature","bronze:ClassDefault+1","Gensokyo:Shovel","bronze:MaxOutput","bronze:Repulsor+1","Magnetism+1","ReplayTheSpireMod:Brewmster+1","MostiFishMod:ButterFly","bronze:Terminator+1","bronze:Allocate+1","bronze:ForLoop+1","bronze:Overload+1","bronze:FineTuning+1"],"relics":["bronze:BronzeCore","DaveBox","ice","OrangePellets","LetterFromLob","Gensokyo:Justice","HoshigumaDish","KyoryuNoHagoromo","FeatherPendant","Gensokyo:ConquerorOfFear","bronze:BottledCode","Gensokyo:DemonMask","Gensokyo:SongOfSouls","Mercury Hourglass","Pantograph","Question Card","MerchantsRug","Replay:Bottled Snecko","Gremlin Horn","ChiXiaoBlade","BirthdayGift-Icosahedron","Omamori","ReplayTheSpireMod:ShopPack","Toxic Egg 2","War Paint","Replay:Accelerometer"],"acts_visited":["Gensokyo:Gensokyo","Gensokyo:Gensokyoer","Gensokyo:Gensokyoest"],"potions_floor_usage":[16,36,37,37,50,50],"damage_taken":[{"damage":1,"enemies":"Gensokyo:Python","floor":2,"turns":3},{"damage":0,"enemies":"Gensokyo:3_Fairies","floor":3,"turns":4},{"damage":0,"enemies":"downfall:FleeingMerchant","floor":4,"turns":4},{"damage":6,"enemies":"Gensokyo:Aya","floor":8,"turns":5},{"damage":0,"enemies":"Gensokyo:2_Kodama","floor":11,"turns":2},{"damage":6,"enemies":"Gensokyo:Cirno","floor":13,"turns":5},{"damage":14,"enemies":"Gensokyo:Kitsune","floor":14,"turns":3},{"damage":0,"enemies":"Gensokyo:LivingMonolith","floor":15,"turns":3},{"damage":44,"enemies":"WA_ARCHETYPE_RETAIN","floor":16,"turns":5},{"damage":5,"enemies":"Gensokyo:AngelMirror","floor":19,"turns":2},{"damage":0,"enemies":"Gensokyo:Chomper","floor":23,"turns":2},{"damage":15,"enemies":"downfall:FleeingMerchant","floor":27,"turns":4},{"damage":21,"enemies":"Gensokyo:Koishi","floor":28,"turns":4},{"damage":7,"enemies":"Gensokyo:Swordslinger","floor":29,"turns":3},{"damage":20,"enemies":"Gensokyo:Tenshi","floor":30,"turns":3},{"damage":6,"enemies":"Gensokyo:Monolith_and_Dog","floor":32,"turns":3},{"damage":7,"enemies":"IC_MUSHROOM_ARCHETYPE","floor":33,"turns":3},{"damage":18,"enemies":"Gensokyo:3_Boulders","floor":36,"turns":4},{"damage":20,"enemies":"Gensokyo:AncientGuardian","floor":37,"turns":3},{"damage":0,"enemies":"Gensokyo:Sharpion","floor":42,"turns":2},{"damage":0,"enemies":"Gensokyo:AtlasGolem","floor":44,"turns":2},{"damage":0,"enemies":"Gensokyo:Kasen","floor":45,"turns":1},{"damage":0,"enemies":"Gensokyo:SeedOfUnknown","floor":46,"turns":1},{"damage":0,"enemies":"Gensokyo:Marisa","floor":48,"turns":1},{"damage":0,"enemies":"Gensokyo:Dusk_and_Dawn","floor":49,"turns":2},{"damage":0,"enemies":"DF_ARCHETYPE_ORBS","floor":50,"turns":2}],"seed_played":"1240192739971456278","potions_obtained":[{"floor":2,"key":"CalmPotion"},{"floor":3,"key":"Regen Potion"},{"floor":11,"key":"CalmPotion"},{"floor":13,"key":"Swift Potion"},{"floor":30,"key":"CalmPotion"},{"floor":32,"key":"PowerPotion"},{"floor":33,"key":"Weak Potion"},{"floor":36,"key":"Fruit Juice"},{"floor":37,"key":"Fruit Juice"},{"floor":39,"key":"CalmPotion"},{"floor":46,"key":"FearPotion"}],"is_trial":false,"path_per_floor":["R","M","M","$","?","?","T","E","?","R","M","R","E","M","M","B",null,"R","M","?","?","?","M","T","?","T","$","E","M","E","?","M","B",null,"R","M","M","COS","?","$","T","M","R","M","E","M","R","E","M","B",null,null],"character_chosen":"THE_AUTOMATON","items_purchased":["bronze:InfiniteBeams","Question Card","MerchantsRug","ReplayTheSpireMod:ShopPack"],"campfire_rested":0,"item_purchase_floors":[4,27,27,40],"current_hp_per_floor":[70,69,69,69,70,70,70,71,71,71,71,71,65,51,51,19,77,77,72,67,67,67,67,67,67,67,52,31,24,4,19,13,31,67,67,54,39,39,20,20,20,21,21,22,23,68,68,77,77,77,77],"gold":131,"neow_bonus":"RANDOM_COLORLESS","is_daily":false,"chose_seed":false,"campfire_upgraded":4,"win_rate":0.0,"timestamp":1614074780,"path_taken":["R","M","M","$","?","?","T","E","?","R","?","R","E","M","M","BOSS","R","M","?","?","?","?","T","?","?","?","E","M","E","?","M","BOSS","R","M","M","COS","?","?","T","M","R","?","E","M","R","E","M","BOSS"],"items_purchased_type":["Card","Relic","Relic","Relic"],"build_version":"2020-12-22","purchased_purges":0,"victory":true,"max_hp_per_floor":[70,70,70,70,70,70,70,77,77,77,77,77,77,77,77,77,77,77,77,67,67,67,67,67,67,67,67,67,67,67,67,67,67,67,67,72,77,77,77,77,77,77,77,77,77,77,77,77,77,77,77],"card_choices":[{"not_picked":["GradualImprovement","Replay:Bootleg Shield Generator"],"picked":"ReplayTheSpireMod:Uncanny Aura","floor":0},{"not_picked":["bronze:Safeguard","bronze:WhirlingStrike"],"picked":"bronze:NullPointer","floor":2},{"not_picked":["bronze:BronzeArmor","bronze:CutThrough"],"picked":"bronze:WhirlingStrike","floor":3},{"not_picked":["bronze:Fortify","bronze:Refactor"],"picked":"bronze:Iterate","floor":4},{"not_picked":["bronze:DelayedGuard","bronze:Flail","bronze:Invalidate"],"picked":"SKIP","floor":8},{"not_picked":["bronze:DelayedGuard","bronze:Return"],"picked":"bronze:ForLoop","floor":11},{"not_picked":["bronze:FollowUp","bronze:Turbo","bronze:ChildClass"],"picked":"SKIP","floor":13},{"not_picked":["bronze:DelayedGuard","bronze:Turbo"],"picked":"bronze:Break","floor":14},{"not_picked":["bronze:Terminator","bronze:Deprecate"],"picked":"bronze:CloningBeam","floor":15},{"not_picked":["bronze:Verify","bronze:Virus"],"picked":"bronze:Format","floor":16},{"not_picked":["bronze:Shield","bronze:DelayedSlice+1"],"picked":"bronze:InfiniteBeams","floor":19},{"not_picked":["bronze:Constructor","bronze:Shield+1"],"picked":"bronze:Branch","floor":23},{"not_picked":["bronze:WhirlingStrike","bronze:Fortify"],"picked":"bronze:Format","floor":27},{"not_picked":["bronze:Flail+1","bronze:Repair","bronze:FollowUp"],"picked":"bronze:ThunderWave","floor":28},{"not_picked":["bronze:CutThrough","bronze:Repair","bronze:Invalidate"],"picked":"bronze:Branch","floor":29},{"not_picked":["bronze:Separator","bronze:FindAndReplace","bronze:Invalidate+1"],"picked":"bronze:Turbo+1","floor":30},{"not_picked":["bronze:Branch","bronze:WildBeam","bronze:Turbo","bronze:WhirlingStrike"],"picked":"SKIP","floor":32},{"not_picked":["bronze:HardenedForm","bronze:Verify","bronze:FindAndReplace"],"picked":"bronze:CleanCode","floor":33},{"not_picked":["bronze:Branch","bronze:Refactor+1","bronze:Fortify+1"],"picked":"bronze:BitShift+1","floor":36},{"not_picked":["bronze:DelayedSlice+1","bronze:BitShift+1","bronze:Separator"],"picked":"bronze:WildBeam+1","floor":37},{"not_picked":["bronze:ForLoop+1","bronze:BitShift+1","bronze:ClassDefault+1"],"picked":"bronze:Return+1","floor":38},{"not_picked":["bronze:Branch","bronze:HardenedForm","bronze:Philosophize"],"picked":"bronze:WildBeam+1","floor":38},{"not_picked":["bronze:Deprecate","bronze:WhirlingStrike+1","bronze:DigitalCarnage"],"picked":"bronze:Branch+1","floor":38},{"not_picked":["bronze:Shield+1","bronze:FollowUp","bronze:Overheat+1"],"picked":"bronze:ItsAFeature","floor":38},{"not_picked":["bronze:Turbo","bronze:DelayedGuard+1","bronze:Flail"],"picked":"bronze:ClassDefault+1","floor":38},{"not_picked":["bronze:ItsAFeature+1","bronze:Allocate+1","bronze:Shell"],"picked":"bronze:MaxOutput","floor":39},{"not_picked":["bronze:Fortify+1","bronze:Overload","bronze:BitShift"],"picked":"bronze:Repulsor+1","floor":39},{"not_picked":["ReplayUltimateDefense","ReplayTheSpireMod:Necrogeddon","Panache"],"picked":"Magnetism","floor":40},{"not_picked":["ReplayTheSpireMod:Trickstab","Violence","Crow Ritual"],"picked":"ReplayTheSpireMod:Brewmster","floor":40},{"not_picked":["Replay:Sssssssssshield","MostiFishMod:ElfcollectionBox","Chrysalis"],"picked":"MostiFishMod:ButterFly","floor":40},{"not_picked":["bronze:DigitalCarnage","bronze:DelayedGuard+1","bronze:WildBeam+1"],"picked":"bronze:Terminator+1","floor":42},{"not_picked":["bronze:Repair+1","bronze:Refactor+1","bronze:DigitalCarnage+1"],"picked":"bronze:Allocate+1","floor":44},{"not_picked":["bronze:Separator+1","bronze:ItsAFeature+1","bronze:Safeguard+1"],"picked":"bronze:ForLoop+1","floor":45},{"not_picked":["bronze:Terminator+1","bronze:Refactor+1","bronze:InfiniteBeams"],"picked":"bronze:Overload+1","floor":46},{"not_picked":["bronze:DelayedGuard+1","bronze:Allocate+1","bronze:WildBeam"],"picked":"bronze:FineTuning+1","floor":48},{"not_picked":["bronze:WildBeam+1","bronze:Invalidate+1","bronze:BitShift+1","bronze:Philosophize+1"],"picked":"SKIP","floor":49}],"player_experience":440701,"relics_obtained":[{"floor":2,"key":"LetterFromLob"},{"floor":7,"key":"HoshigumaDish"},{"floor":8,"key":"Strawberry"},{"floor":13,"key":"KyoryuNoHagoromo"},{"floor":19,"key":"Gensokyo:ConquerorOfFear"},{"floor":24,"key":"Mercury Hourglass"},{"floor":26,"key":"Pantograph"},{"floor":28,"key":"Replay:Bottled Snecko"},{"floor":30,"key":"Gremlin Horn"},{"floor":39,"key":"Omamori"},{"floor":41,"key":"Toxic Egg 2"},{"floor":45,"key":"War Paint"},{"floor":48,"key":"Replay:Accelerometer"}],"event_choices":[],"is_beta":false,"boss_relics":[{"not_picked":["OneHitWonderSystem","Velvet Choker"],"picked":"FeatherPendant"},{"not_picked":["Coffee Dripper","Pandora\u0027s Box"],"picked":"ChiXiaoBlade"}],"items_purged_floors":[],"is_endless":false,"potions_floor_spawned":[2,3,11,13,30,32,33,36,37,46],"ascension_level":1}}