{"host":"w14xfy17z3c5mpoi","time":1614119303,"event":{"mods":["AchievementEnabler","BaseMod","Minty Spire (QoL Compilation)","Relic Stats"],"gold_per_floor":[119,137,151,151,151,181,181,200,248,266,298,312,312,322,322,400,400,416,431,431,431,431],"floor_reached":21,"language":"ENG","playtime":2417,"items_purged":[],"score":347,"play_id":"34dc9c9e-dd36-46a7-a812-8a4ba98099bf","local_time":"20210223172823","is_ascension_mode":true,"campfire_choices":[{"data":"Terror","floor":7,"key":"SMITH"},{"floor":13,"key":"REST"},{"data":"Phantasmal Killer","floor":15,"key":"SMITH"}],"circlet_count":0,"master_deck":["AscendersBane","Strike_G","Strike_G","Strike_G","Defend_G","Defend_G","Defend_G","Defend_G","Defend_G","Survivor","Neutralize","Terror+1","Poisoned Stab","Phantasmal Killer+1","Dagger Spray","Dagger Throw","Crippling Poison","Unload","Underhanded Strike","Riddle With Holes","Prepared"],"relics":["Ring of the Snake","Vajra","Bottled Lightning","Blood Vial","Omamori","Calling Bell","Ancient Tea Set","Eternal Feather","Prayer Wheel"],"acts_visited":["Exordium","TheCity"],"potions_floor_usage":[16,16,16],"damage_taken":[{"damage":0,"enemies":"Jaw Worm","floor":1,"turns":3},{"damage":0,"enemies":"Small Slimes","floor":2,"turns":4},{"damage":0,"enemies":"Cultist","floor":3,"turns":3},{"damage":12,"enemies":"Lagavulin","floor":6,"turns":5},{"damage":1,"enemies":"2 Fungi Beasts","floor":8,"turns":4},{"damage":8,"enemies":"Blue Slaver","floor":10,"turns":2},{"damage":25,"enemies":"3 Sentries","floor":11,"turns":7},{"damage":6,"enemies":"Lots of Slimes","floor":12,"turns":2},{"damage":7,"enemies":"Exordium Thugs","floor":14,"turns":2},{"damage":61,"enemies":"Slime Boss","floor":16,"turns":10},{"damage":25,"enemies":"Shell Parasite","floor":18,"turns":5},{"damage":25,"enemies":"Spheric Guardian","floor":19,"turns":4}],"seed_played":"-904846193609707103","potions_obtained":[{"floor":1,"key":"FairyPotion"},{"floor":10,"key":"Swift Potion"},{"floor":11,"key":"EntropicBrew"}],"is_trial":false,"path_per_floor":["M","M","M","?","?","E","R","M","T","M","E","M","R","M","R","B",null,"M","M","?","?"],"character_chosen":"THE_SILENT","items_purchased":[],"campfire_rested":1,"item_purchase_floors":[],"current_hp_per_floor":[59,59,59,52,52,40,40,39,39,33,10,6,25,20,20,5,51,28,5,18,0,0],"gold":431,"neow_bonus":"RANDOM_COMMON_RELIC","is_daily":false,"chose_seed":false,"campfire_upgraded":2,"win_rate":0.0,"timestamp":1614119303,"path_taken":["M","M","M","?","?","E","R","M","T","M","E","?","R","M","R","BOSS","M","M","?","?"],"items_purchased_type":[],"build_version":"2020-12-22","purchased_purges":0,"victory":false,"max_hp_per_floor":[66,66,66,66,66,66,66,66,66,66,66,66,66,66,66,66,66,66,66,66,66,66],"relic_stats":{"Blood Vial":14,"counters":[12,51],"Eternal Feather":0,"Prayer Wheel":2,"obtain_stats":[{"Blood Vial":9,"Calling Bell":17,"Vajra":0,"Eternal Feather":17,"Prayer Wheel":17,"Omamori":11,"Bottled Lightning":6,"Ancient Tea Set":17,"Ring of the Snake":0},{"Blood Vial":5,"Calling Bell":10,"Vajra":0,"Eternal Feather":10,"Prayer Wheel":10,"Omamori":7,"Bottled Lightning":4,"Ancient Tea Set":10,"Ring of the Snake":0},{"Blood Vial":19,"Calling Bell":42,"Vajra":0,"Eternal Feather":42,"Prayer Wheel":42,"Omamori":28,"Bottled Lightning":15,"Ancient Tea Set":42,"Ring of the Snake":0}],"Ring of the Snake":[24]},"card_choices":[{"not_picked":["Distraction","Well Laid Plans"],"picked":"Terror","floor":1},{"not_picked":["Bane","Deadly Poison","Tactician"],"picked":"SKIP","floor":2},{"not_picked":["Backflip","Prepared"],"picked":"Poisoned Stab","floor":3},{"not_picked":["Calculated Gamble","Masterful Stab"],"picked":"Phantasmal Killer","floor":6},{"not_picked":["Backflip","Deflect"],"picked":"Dagger Spray","floor":8},{"not_picked":["Catalyst","Dodge and Roll"],"picked":"Dagger Throw","floor":10},{"not_picked":["Catalyst","Flechettes"],"picked":"Crippling Poison","floor":11},{"not_picked":["Distraction","Quick Slash","Deadly Poison"],"picked":"SKIP","floor":12},{"not_picked":["Bouncing Flask","Reflex","Tactician"],"picked":"SKIP","floor":14},{"not_picked":["Storm of Steel","Bullet Time"],"picked":"Unload","floor":16},{"not_picked":["Calculated Gamble","Deadly Poison"],"picked":"Underhanded Strike","floor":18},{"not_picked":["Expertise","Riddle With Holes","Deflect"],"picked":"SKIP","floor":18},{"not_picked":["Expertise","Deflect"],"picked":"Riddle With Holes","floor":18},{"not_picked":["Accuracy","Backflip"],"picked":"Prepared","floor":19},{"not_picked":["Corpse Explosion","Terror","Catalyst"],"picked":"SKIP","floor":19}],"player_experience":791731,"relics_obtained":[{"floor":6,"key":"Bottled Lightning"},{"floor":9,"key":"Blood Vial"},{"floor":11,"key":"Omamori"},{"floor":17,"key":"Ancient Tea Set"},{"floor":17,"key":"Eternal Feather"},{"floor":17,"key":"Prayer Wheel"}],"event_choices":[{"cards_removed":["Strike_G"],"damage_healed":0,"gold_gain":0,"player_choice":"Card Removal","damage_taken":7,"max_hp_gain":0,"max_hp_loss":0,"event_name":"Golden Wing","floor":4,"gold_loss":0},{"cards_removed":["Strike_G"],"damage_healed":0,"gold_gain":0,"player_choice":"Offered Basic","damage_taken":0,"max_hp_gain":0,"max_hp_loss":0,"event_name":"Bonfire Elementals","floor":5,"gold_loss":0},{"damage_healed":13,"gold_gain":0,"player_choice":"Heal","damage_taken":0,"max_hp_gain":0,"max_hp_loss":0,"event_name":"The Library","floor":20,"gold_loss":0}],"is_beta":false,"boss_relics":[{"not_picked":["Ectoplasm","Busted Crown"],"picked":"Calling Bell"}],"items_purged_floors":[],"is_endless":false,"potions_floor_spawned":[1,10,11,14],"ascension_level":16}}