{"host":"gzsdmyo07u314vug","time":1614081682,"event":{"mods":["2.2 Compatiblity","Astrologer","BaseMod","Colored Powertips","GifTheSpireLib","Gremlin Mod","Hermit","Jorbs\u0027s Wanderer Trilogy","Minty Spire (QoL Compilation)","Quick Restart","Rare Cards Sparkle","Relic Stats","Replay The Spire","Robot Space Explorer","Shop Mod","StSLib","The Bladedancer","The Bug Knight","The Construct","The Cursed","The Elementalist","The Hierophant","The IronCluck","The Marked","The Necromancer","The Runesmith","The Servant 0.9.4","Unceasing Turn Reminder","everything is the same but u backflip on backflip","slay the spire mod where everything is the same but ironclad has a cowboy hat"],"gold_per_floor":[13,13,188,188,200,231,231,231,231,9,9,21,21,44,44,156,174,190,190,199,80,98,126,137,137,163,190,190,210,210,210],"floor_reached":30,"language":"ENG","playtime":1293,"items_purged":["Doubt","Writhe"],"score":285,"play_id":"5a27755b-e2f7-44eb-8d5e-58d4df5fdd36","local_time":"20210223090122","is_ascension_mode":true,"campfire_choices":[{"floor":7,"key":"REST"},{"data":"Apotheosis","floor":11,"key":"SMITH"},{"data":"Secret Weapon","floor":13,"key":"SMITH"},{"floor":15,"key":"REST"},{"data":"Gremlin:Heckle","floor":25,"key":"SMITH"}],"circlet_count":0,"master_deck":["Gremlin:Strike","Gremlin:Strike","Gremlin:Strike","Gremlin:Strike","Gremlin:Defend","Gremlin:Defend","Gremlin:Defend","Gremlin:Defend","Gremlin:TagTeam+1","Gremlin:GremlinDance","Secret Weapon+1","Gremlin:BurlyBlow","Apotheosis+1","Gremlin:Changeo","Gremlin:FairyDust","AbeCurse","CurseOfTheBell","Gremlin:TwistTheKnife","Gremlin:Heckle+1","Gremlin:TwistTheKnife"],"relics":["Gremlin:GremlinKnob","Smiling Mask","CeramicFish","Blood Vial","Replay:Grab Bag","Busted Crown","Abe\u0027s Treasure","Calling Bell","Tiny Chest","Darkstone Periapt","Gremlin:PricklyShields","Enchiridion","Regal Pillow","Anchor","Boot","Prayer Wheel"],"acts_visited":["Exordium","TheCity"],"potions_floor_usage":[16,16,23,23,29],"damage_taken":[{"damage":0,"enemies":"Small Slimes","floor":1,"turns":3},{"damage":4,"enemies":"2 Louse","floor":5,"turns":3},{"damage":41,"enemies":"3 Sentries","floor":6,"turns":10},{"damage":2,"enemies":"Jaw Worm","floor":12,"turns":4},{"damage":0,"enemies":"Exordium Wildlife","floor":14,"turns":3},{"damage":16,"enemies":"The Guardian","floor":16,"turns":12},{"damage":0,"enemies":"Chosen","floor":18,"turns":3},{"damage":0,"enemies":"2 Thieves","floor":22,"turns":3},{"damage":18,"enemies":"Gremlin Leader","floor":23,"turns":5},{"damage":0,"enemies":"3 Cultists","floor":24,"turns":6},{"damage":18,"enemies":"Sentry and Sphere","floor":27,"turns":6},{"damage":11,"enemies":"Cultist and Chosen","floor":29,"turns":5},{"damage":3,"enemies":"Snake Plant","floor":30,"turns":4}],"seed_played":"1744587943038735824","potions_obtained":[{"floor":6,"key":"AttackPotion"},{"floor":12,"key":"DistilledChaos"},{"floor":16,"key":"Regen Potion"},{"floor":18,"key":"AttackPotion"},{"floor":27,"key":"FearPotion"}],"is_trial":false,"path_per_floor":["M","?","?","?","M","E","R","?","T","$","R","M","R","M","R","B",null,"M","?","?","$","M","E","M","R","T","M","T","M","M"],"character_chosen":"GREMLIN","items_purchased":["Apotheosis","Gremlin:TwistTheKnife","Gremlin:Heckle"],"campfire_rested":2,"item_purchase_floors":[10,21,21],"current_hp_per_floor":[20,20,20,17,17,8,14,14,14,14,14,20,20,13,19,13,20,20,12,14,14,16,20,22,22,22,20,20,22,22,22],"gold":210,"neow_bonus":"RANDOM_COLORLESS_2","is_daily":false,"chose_seed":false,"campfire_upgraded":3,"win_rate":0.0,"timestamp":1614081682,"path_taken":["M","?","?","?","M","E","R","?","T","$","R","M","R","M","R","BOSS","M","?","?","$","M","E","?","R","T","M","?","M","M"],"items_purchased_type":["Card","Card","Card"],"build_version":"2020-12-22","purchased_purges":2,"victory":false,"max_hp_per_floor":[20,20,20,20,20,20,20,20,20,20,20,20,20,20,20,20,20,20,20,22,22,22,22,22,22,22,22,22,22,22,22],"relic_stats":{"Blood Vial":11,"Darkstone Periapt":6,"Regal Pillow":0,"Busted Crown":16,"counters":[13,67],"CeramicFish":81,"Tiny Chest":1,"Prayer Wheel":1,"Smiling Mask":75,"Boot":[9],"obtain_stats":[{"Darkstone Periapt":17,"Regal Pillow":20,"CeramicFish":6,"Replay:Grab Bag":17,"Enchiridion":19,"Smiling Mask":4,"Boot":26,"Blood Vial":9,"Calling Bell":17,"Anchor":23,"Busted Crown":17,"Gremlin:GremlinKnob":0,"Gremlin:PricklyShields":17,"Tiny Chest":17,"Prayer Wheel":28,"Abe\u0027s Treasure":17},{"Darkstone Periapt":6,"Regal Pillow":7,"CeramicFish":3,"Replay:Grab Bag":6,"Enchiridion":7,"Smiling Mask":1,"Boot":10,"Blood Vial":3,"Calling Bell":6,"Anchor":9,"Busted Crown":6,"Gremlin:GremlinKnob":0,"Gremlin:PricklyShields":6,"Tiny Chest":6,"Prayer Wheel":11,"Abe\u0027s Treasure":6},{"Darkstone Periapt":35,"Regal Pillow":38,"CeramicFish":16,"Replay:Grab Bag":35,"Enchiridion":38,"Smiling Mask":3,"Boot":52,"Blood Vial":16,"Calling Bell":35,"Anchor":46,"Busted Crown":35,"Gremlin:GremlinKnob":0,"Gremlin:PricklyShields":35,"Tiny Chest":35,"Prayer Wheel":58,"Abe\u0027s Treasure":35}]},"card_choices":[{"not_picked":["Poisoned Strike","Thinking Ahead"],"picked":"Secret Weapon","floor":0},{"not_picked":["Gremlin:PartyStick","Gremlin:Raid","Gremlin:Dazzle"],"picked":"SKIP","floor":1},{"not_picked":["Gremlin:PinNeedle","Gremlin:Tricksy"],"picked":"Gremlin:BurlyBlow","floor":5},{"not_picked":["Gremlin:FollowThrough","Gremlin:MakeshiftArmor","Gremlin:AggressiveDefense"],"picked":"SKIP","floor":6},{"not_picked":["Gremlin:Irritability","Gremlin:FanOfKnives","Gremlin:Tadah"],"picked":"SKIP","floor":12},{"not_picked":["Gremlin:Polish","Gremlin:AggressiveDefense"],"picked":"Gremlin:Changeo","floor":14},{"not_picked":["Gremlin:Encore","Gremlin:FlipOut"],"picked":"Gremlin:FairyDust","floor":16},{"not_picked":["Gremlin:CatScratch+1"],"picked":"SKIP","floor":18},{"not_picked":["Gremlin:Flurry"],"picked":"SKIP","floor":22},{"not_picked":["Gremlin:Flurry"],"picked":"SKIP","floor":22},{"not_picked":["Gremlin:Jeer"],"picked":"SKIP","floor":23},{"not_picked":["Gremlin:Irritability"],"picked":"SKIP","floor":24},{"not_picked":[],"picked":"Gremlin:TwistTheKnife","floor":27},{"not_picked":["Gremlin:DaggerDance"],"picked":"SKIP","floor":29},{"not_picked":["Gremlin:GremlinMeal"],"picked":"SKIP","floor":29}],"player_experience":957255,"relics_obtained":[{"floor":6,"key":"CeramicFish"},{"floor":9,"key":"Blood Vial"},{"floor":17,"key":"Tiny Chest"},{"floor":17,"key":"Darkstone Periapt"},{"floor":17,"key":"Gremlin:PricklyShields"},{"floor":19,"key":"Enchiridion"},{"floor":23,"key":"Anchor"},{"floor":26,"key":"Boot"},{"floor":28,"key":"Prayer Wheel"}],"event_choices":[{"damage_healed":0,"gold_gain":175,"player_choice":"AGREE","damage_taken":0,"max_hp_gain":0,"max_hp_loss":0,"event_name":"Liars Game","floor":3,"gold_loss":0,"cards_obtained":["Doubt"]},{"damage_healed":0,"gold_gain":0,"player_choice":"Success","damage_taken":3,"relics_obtained":["Smiling Mask"],"max_hp_gain":0,"max_hp_loss":0,"event_name":"Scrap Ooze","floor":4,"gold_loss":0},{"damage_healed":0,"gold_gain":0,"player_choice":"Obtained Book","damage_taken":8,"max_hp_gain":0,"max_hp_loss":0,"event_name":"Cursed Tome","floor":19,"gold_loss":0},{"damage_healed":0,"gold_gain":0,"player_choice":"Opened","damage_taken":0,"relics_obtained":["Regal Pillow"],"max_hp_gain":0,"max_hp_loss":0,"event_name":"The Mausoleum","floor":20,"gold_loss":0,"cards_obtained":["Writhe"]}],"is_beta":false,"boss_relics":[{"not_picked":["construct:ClawGrip","Coffee Dripper"],"picked":"Replay:Grab Bag"},{"not_picked":["Ectoplasm","ReplayTheSpireMod:DimensionalGlitch"],"picked":"Busted Crown"},{"not_picked":["Replay:Wanted Poster","ReplayTheSpireMod:Onyx Gauntlets"],"picked":"Abe\u0027s Treasure"},{"not_picked":["Black Star","SacredBark"],"picked":"Calling Bell"}],"items_purged_floors":[10,21],"is_endless":false,"potions_floor_spawned":[6,12,16,18,27],"killed_by":"Snake Plant","ascension_level":3}}