{"host":"2zq1cv117yq1teno","time":1614041399,"event":{"mods":["BaseMod","Downfall","Friendly Minions","Hermit","Highlight Path","Marisa????????","Minty Spire (QoL Compilation)","Quick Restart","Replay The Spire","StSLib","The Bug Knight","The Cursed","The Servant 0.9.4"],"gold_per_floor":[117,117,133,308,321,366,366,407,432,460,460,460,27,44,44,69,69,181,181,191,91,124,140,337,382,415,415,440,465,465,506,506,506,506,625,625,652,155,155,155,155,155,520,557,580,640,693,720,768,805,805,855],"floor_reached":53,"language":"ENG","playtime":3461,"items_purged":["Doubt","Strike_MRS","StarDustReverie"],"score":737,"play_id":"27f50f94-c634-4a08-8add-5d533dc05e26","local_time":"20210222194959","is_ascension_mode":false,"campfire_choices":[{"data":"1","floor":17,"key":"LIFT"},{"data":"2","floor":27,"key":"LIFT"},{"data":"3","floor":32,"key":"LIFT"},{"data":"MachineGunSpark","floor":34,"key":"SMITH"},{"data":"OortCloud","floor":42,"key":"SMITH"},{"data":"Strike_MRS","floor":51,"key":"PURGE"}],"circlet_count":0,"master_deck":["Strike_MRS","Defend_MRS","Defend_MRS","Defend_MRS","Defend_MRS","MasterSpark","UpSweep","ChargingUp","EarthLightRay","SporeBomb+1","GrandCross+1","UnstableBomb","MysteriousBeam","AsteroidBelt","MachineGunSpark+1","ChargeUpSpray","UltimateShortwave","UnstableBomb","PowerUp","PowerUp","SprinkleStarSeal","MachineGunSpark+1","ReplayTheSpireMod:Faulty Equipment","OortCloud+1","MilkyWay+1","MagicAbsorber+1"],"relics":["MiniHakkero","NeowsBlessing","Lantern","Pet Ghost","Oddly Smooth Stone","Girya","RampagingMagicTools","Durian","Bag of Marbles","Letter Opener","Replay:Ringing Soul","Shuriken","Coffee Dripper","Replay:Bandana","PreservedInsect","HollowMod:LifeEnderRelic","Old Coin","Centennial Puzzle","StoneCalendar"],"acts_visited":["Exordium","TheCity","TheBeyond"],"potions_floor_usage":[6,8,16,18,18,25,31,31,35,35,43,52,52],"damage_taken":[{"damage":0,"enemies":"2 Louse","floor":1,"turns":1},{"damage":0,"enemies":"Cultist","floor":3,"turns":1},{"damage":0,"enemies":"Small Slimes","floor":5,"turns":1},{"damage":25,"enemies":"Gremlin Nob","floor":6,"turns":4},{"damage":26,"enemies":"3 Sentries","floor":8,"turns":7},{"damage":0,"enemies":"Gremlin Gang","floor":10,"turns":4},{"damage":1,"enemies":"Red Slaver","floor":14,"turns":2},{"damage":0,"enemies":"Looter","floor":16,"turns":1},{"damage":17,"enemies":"The Guardian","floor":18,"turns":8},{"damage":0,"enemies":"Chosen","floor":20,"turns":2},{"damage":0,"enemies":"2 Thieves","floor":22,"turns":2},{"damage":0,"enemies":"3 Cultists","floor":23,"turns":2},{"damage":14,"enemies":"Slavers","floor":25,"turns":4},{"damage":10,"enemies":"Sentry and Sphere","floor":26,"turns":4},{"damage":1,"enemies":"Gremlin Leader","floor":29,"turns":3},{"damage":22,"enemies":"Book of Stabbing","floor":31,"turns":4},{"damage":18,"enemies":"Collector","floor":35,"turns":4},{"damage":0,"enemies":"3 Darklings","floor":37,"turns":2},{"damage":0,"enemies":"Giant Head","floor":43,"turns":2},{"damage":1,"enemies":"3 Shapes","floor":44,"turns":1},{"damage":0,"enemies":"Reptomancer","floor":46,"turns":3},{"damage":0,"enemies":"Maw","floor":47,"turns":4},{"damage":8,"enemies":"4 Shapes","floor":48,"turns":3},{"damage":0,"enemies":"Spire Growth","floor":49,"turns":2},{"damage":0,"enemies":"4 Shapes","floor":50,"turns":4},{"damage":0,"enemies":"Replay:Hell Engine","floor":52,"turns":4}],"seed_played":"4644725964128049988","potions_obtained":[{"floor":1,"key":"Adrenaline Potion"},{"floor":3,"key":"Energy Potion"},{"floor":6,"key":"SteroidPotion"},{"floor":8,"key":"bronze:BurnAndBuffPotion"},{"floor":8,"key":"Energy Potion"},{"floor":10,"key":"BottledSpark"},{"floor":16,"key":"FairyPotion"},{"floor":18,"key":"SneckoOil"},{"floor":20,"key":"SpeedPotion"},{"floor":23,"key":"Regen Potion"},{"floor":26,"key":"Elixir"},{"floor":31,"key":"DistilledChaos"},{"floor":31,"key":"SkillPotion"},{"floor":35,"key":"Strength Potion"},{"floor":37,"key":"Dexterity Potion"},{"floor":48,"key":"Toxic Potion"}],"is_trial":false,"path_per_floor":["M","?","M","?","M","E","?","E","T","M","PTL","PTL","$","M","?","M","R","B",null,"M","$","M","M","?","E","M","R","T","E","?","E","R","?","R","B",null,"M","$","?","?","T","R","E","M","T","E","M","M","M","M","R","B",null],"character_chosen":"MARISA","items_purchased":["Girya","AsteroidBelt","OortCloud","Replay:Bandana","PreservedInsect"],"campfire_rested":0,"item_purchase_floors":[13,13,38,38,38],"current_hp_per_floor":[75,75,75,75,75,50,35,13,13,17,17,17,17,16,16,16,16,3,75,75,75,75,75,45,52,46,46,46,49,49,34,34,37,37,23,86,86,89,85,85,85,85,85,84,84,84,85,77,80,87,87,87],"gold":855,"neow_bonus":"THREE_ENEMY_KILL","is_daily":false,"chose_seed":false,"campfire_upgraded":2,"win_rate":0.0,"timestamp":1614041399,"path_taken":["M","?","?","?","M","E","?","E","T","M","PTL","PTL","$","M","?","?","R","BOSS","M","$","M","M","?","E","M","R","T","E","?","E","R","?","R","BOSS","M","$","?","?","?","R","E","M","T","E","M","M","M","M","R","BOSS"],"items_purchased_type":["Relic","Card","Card","Relic","Relic"],"build_version":"2020-12-22","purchased_purges":3,"victory":true,"max_hp_per_floor":[75,75,75,75,75,75,75,75,75,75,75,75,75,75,75,75,75,75,75,75,75,75,75,75,80,80,80,80,80,80,83,83,86,86,86,86,86,89,85,85,85,85,85,85,85,85,85,85,88,91,91,91],"card_choices":[{"not_picked":["DarkSpark","MysteriousBeam"],"picked":"ChargingUp","floor":1},{"not_picked":["PowerUp","MysteriousBeam"],"picked":"SporeBomb","floor":3},{"not_picked":["DC","CollectingQuirk"],"picked":"WitchOfGreed","floor":5},{"not_picked":["ChargeUpSpray","SporeBomb"],"picked":"GrandCross","floor":6},{"not_picked":["ShootingEcho","EscapeVelocity"],"picked":"UnstableBomb","floor":8},{"not_picked":["SuperPerseids","ManaConvection"],"picked":"MysteriousBeam","floor":10},{"not_picked":["MeteoricShower","6A"],"picked":"MachineGunSpark","floor":14},{"not_picked":["AlicesGift","SporeBomb"],"picked":"ChargeUpSpray","floor":16},{"not_picked":["TreasureHunter","JA"],"picked":"UltimateShortwave","floor":18},{"not_picked":["GravityBeat+1","Occultation"],"picked":"UnstableBomb","floor":20},{"not_picked":["GrandCross","LuminesStrike"],"picked":"PowerUp","floor":22},{"not_picked":["MilkyWay","Robbery","DarkMatter"],"picked":"SKIP","floor":23},{"not_picked":["GravityBeat","MilkyWay"],"picked":"PowerUp","floor":24},{"not_picked":["MeteoricShower","Acceleration+1"],"picked":"StarDustReverie","floor":25},{"not_picked":["SporeBomb","PropBag","UnstableBomb"],"picked":"SKIP","floor":26},{"not_picked":["UnstableBomb","ChargingUp","EnergyRecoil"],"picked":"SKIP","floor":29},{"not_picked":["SuperPerseids","Acceleration"],"picked":"MachineGunSpark+1","floor":31},{"not_picked":["DC","GrandCross","MysteriousBeam"],"picked":"SKIP","floor":37},{"not_picked":["UnstableBomb","Occultation","BlazingStar"],"picked":"SKIP","floor":43},{"not_picked":["Occultation+1","MilkyWay+1","SporeBomb+1"],"picked":"SKIP","floor":44},{"not_picked":["UnstableBomb+1","DarkMatter","PowerUp"],"picked":"SKIP","floor":46},{"not_picked":["AsteroidBelt","MysteriousBeam+1","StarDustReverie"],"picked":"SKIP","floor":47},{"not_picked":["IllusionStar","PowerUp","StarBarrage"],"picked":"SKIP","floor":48},{"not_picked":["MysteriousBeam","WitchLeyline+1"],"picked":"MilkyWay+1","floor":49},{"not_picked":["MagicChant+1","WitchLeyline+1"],"picked":"MagicAbsorber+1","floor":50}],"player_experience":75604,"relics_obtained":[{"floor":6,"key":"Lantern"},{"floor":8,"key":"Pet Ghost"},{"floor":9,"key":"Oddly Smooth Stone"},{"floor":25,"key":"Durian"},{"floor":28,"key":"Bag of Marbles"},{"floor":29,"key":"Letter Opener"},{"floor":31,"key":"Replay:Ringing Soul"},{"floor":41,"key":"HollowMod:LifeEnderRelic"},{"floor":43,"key":"Old Coin"},{"floor":45,"key":"Centennial Puzzle"},{"floor":46,"key":"StoneCalendar"}],"event_choices":[{"damage_healed":0,"gold_gain":0,"cards_transformed":["Strike_MRS"],"player_choice":"Transformed","damage_taken":0,"max_hp_gain":0,"max_hp_loss":0,"event_name":"Transmorgrifier","floor":2,"gold_loss":0,"cards_obtained":["EarthLightRay"]},{"damage_healed":0,"gold_gain":175,"player_choice":"AGREE","damage_taken":0,"max_hp_gain":0,"max_hp_loss":0,"event_name":"Liars Game","floor":4,"gold_loss":0,"cards_obtained":["Doubt"]},{"damage_healed":0,"gold_gain":0,"player_choice":"Entered Light","damage_taken":15,"max_hp_gain":0,"max_hp_loss":0,"event_name":"Shining Light","floor":7,"gold_loss":0,"cards_upgraded":["SporeBomb","GrandCross"]},{"damage_healed":0,"gold_gain":0,"player_choice":"Ignored","damage_taken":0,"max_hp_gain":0,"max_hp_loss":0,"event_name":"NoteForYourself","floor":15,"gold_loss":0},{"damage_healed":0,"gold_gain":0,"player_choice":"Read","damage_taken":0,"max_hp_gain":0,"max_hp_loss":0,"event_name":"The Library","floor":30,"gold_loss":0,"cards_obtained":["SprinkleStarSeal"]},{"damage_healed":0,"gold_gain":0,"player_choice":"Max HP","damage_taken":0,"max_hp_gain":0,"max_hp_loss":4,"event_name":"Winding Halls","floor":39,"gold_loss":0},{"cards_removed":["WitchOfGreed"],"damage_healed":0,"gold_gain":0,"player_choice":"Removed Power","damage_taken":0,"max_hp_gain":0,"max_hp_loss":0,"event_name":"Falling","floor":40,"gold_loss":0}],"is_beta":false,"boss_relics":[{"not_picked":["Philosopher\u0027s Stone","Fusion Hammer"],"picked":"RampagingMagicTools"},{"not_picked":["Abe\u0027s Treasure","Replay:Bronze Core"],"picked":"Coffee Dripper"}],"items_purged_floors":[13,21,38],"is_endless":false,"potions_floor_spawned":[1,3,8,10,20,23,29,31,37,48,49,50],"ascension_level":0}}