{"host":"2l5k2wp87eek7qja","time":1614114942,"event":{"mods":["BaseMod","Colored Map","Minty Spire (QoL Compilation)","Relic Stats"],"gold_per_floor":[112,112,126,126,139,139,139,173,226,242,242,242],"floor_reached":11,"language":"ENG","playtime":187,"items_purged":[],"score":146,"play_id":"02a0dc40-b88a-4339-add3-29a025964c5c","local_time":"20210223231542","is_ascension_mode":true,"campfire_choices":[{"data":"Skewer","floor":6.0,"key":"SMITH"}],"circlet_count":0,"master_deck":["AscendersBane","Strike_G","Strike_G","Strike_G","Strike_G","Strike_G+1","Defend_G","Defend_G","Defend_G","Defend_G","Defend_G","Survivor+1","Neutralize","Cloak And Dagger+1","Dagger Throw","Skewer+1","Dash","Blade Dance"],"relics":["Ring of the Snake","NeowsBlessing","MealTicket","Gremlin Horn"],"acts_visited":["Exordium"],"potions_floor_usage":[11],"damage_taken":[{"damage":0.0,"enemies":"2 Louse","floor":1.0,"turns":1.0},{"damage":0.0,"enemies":"Small Slimes","floor":3.0,"turns":1.0},{"damage":0.0,"enemies":"Cultist","floor":5.0,"turns":1.0},{"damage":14.0,"enemies":"3 Sentries","floor":8.0,"turns":7.0},{"damage":1,"enemies":"2 Fungi Beasts","floor":10,"turns":3},{"damage":36,"enemies":"Lagavulin","floor":11,"turns":6}],"seed_played":"3378151221287992294","potions_obtained":[{"floor":1.0,"key":"Explosive Potion"},{"floor":10,"key":"PowerPotion"}],"is_trial":false,"path_per_floor":["M","?","M","?","M","R","?","E","T","M","E"],"character_chosen":"THE_SILENT","items_purchased":[],"campfire_rested":0,"item_purchase_floors":[],"current_hp_per_floor":[59,54,54,54,54,54,34,20,20,19,0,0],"gold":242,"neow_bonus":"THREE_ENEMY_KILL","is_daily":false,"chose_seed":false,"campfire_upgraded":1,"win_rate":0.0,"timestamp":1614114942,"path_taken":["M","?","M","?","?","R","?","E","T","M","E"],"items_purchased_type":[],"build_version":"2020-12-22","purchased_purges":0,"victory":false,"max_hp_per_floor":[66,66,66,66,66,66,66,66,66,66,66,66],"relic_stats":{"Gremlin Horn":[1,1],"counters":[6,19],"MealTicket":0,"obtain_stats":[{"NeowsBlessing":0,"Gremlin Horn":8,"MealTicket":2,"Ring of the Snake":0},{"NeowsBlessing":0,"Gremlin Horn":4,"MealTicket":1,"Ring of the Snake":0},{"NeowsBlessing":0,"Gremlin Horn":10,"MealTicket":1,"Ring of the Snake":0}],"Ring of the Snake":[12]},"card_choices":[{"not_picked":["Well Laid Plans","Outmaneuver"],"picked":"Cloak And Dagger","floor":1.0},{"not_picked":["Poisoned Stab","Dodge and Roll"],"picked":"Dagger Throw","floor":3.0},{"not_picked":["Quick Slash","Backflip"],"picked":"Skewer","floor":5.0},{"not_picked":["Underhanded Strike","Leg Sweep"],"picked":"Dash","floor":8.0},{"not_picked":["Distraction","Poisoned Stab"],"picked":"Blade Dance","floor":10}],"player_experience":876003,"relics_obtained":[{"floor":8.0,"key":"Gremlin Horn"}],"event_choices":[{"damage_healed":0.0,"max_hp_gain":0.0,"max_hp_loss":0.0,"gold_gain":0.0,"event_name":"Scrap Ooze","player_choice":"Success","floor":2.0,"gold_loss":0.0,"damage_taken":5.0,"relics_obtained":["MealTicket"]},{"damage_healed":0.0,"max_hp_gain":0.0,"max_hp_loss":0.0,"gold_gain":0.0,"event_name":"Upgrade Shrine","player_choice":"Upgraded","floor":4.0,"gold_loss":0.0,"damage_taken":0.0,"cards_upgraded":["Cloak And Dagger"]},{"damage_healed":0.0,"max_hp_gain":0.0,"max_hp_loss":0.0,"gold_gain":0.0,"event_name":"Shining Light","player_choice":"Entered Light","floor":7.0,"gold_loss":0.0,"damage_taken":20.0,"cards_upgraded":["Survivor","Strike_G"]}],"is_beta":false,"boss_relics":[],"items_purged_floors":[],"is_endless":false,"potions_floor_spawned":[1,10],"killed_by":"Lagavulin","ascension_level":20}}