{"host":"cdkrzjeeka80pjqp","time":1614121008,"event":{"mods":["AchievementEnabler","BaseMod","Block Reminder","Colored Map","Colored Powertips","Highlight Path","Minty Spire (QoL Compilation)","Relic Stats"],"gold_per_floor":[113,129,129,146,3,29,48,66,66,83,115,115,129,163,163,266,266,284,163,163,173,188,216,231,231,231,246,246,246,275,289,289,289,289],"floor_reached":33,"language":"ENG","playtime":1647,"items_purged":["Defend_R"],"score":336,"play_id":"74d13839-b1e9-4672-8ce8-89f545a757d8","local_time":"20210223235648","is_ascension_mode":false,"campfire_choices":[{"data":"Perfected Strike","floor":12,"key":"SMITH"},{"data":"Armaments","floor":15,"key":"SMITH"},{"floor":32,"key":"RECALL"}],"circlet_count":0,"master_deck":["Strike_R+1","Strike_R+1","Strike_R+1","Strike_R+1","Strike_R+1","Defend_R+1","Defend_R+1","Defend_R+1","Bash","Cleave","Perfected Strike+1","Armaments+1","Perfected Strike","Shrug It Off","Thunderclap","Twin Strike","Armaments","Flex+1","Perfected Strike","Pommel Strike","Perfected Strike","Pommel Strike"],"relics":["Burning Blood","Art of War","Meat on the Bone","Orichalcum","PreservedInsect","Self Forming Clay","Fusion Hammer","Matryoshka","Kunai","TungstenRod","Nilry\u0027s Codex","Toy Ornithopter"],"acts_visited":["Exordium","TheCity"],"potions_floor_usage":[6,16,30,33,33],"damage_taken":[{"damage":7,"enemies":"2 Louse","floor":1,"turns":4},{"damage":0,"enemies":"Small Slimes","floor":2,"turns":2},{"damage":8,"enemies":"Jaw Worm","floor":4,"turns":3},{"damage":10,"enemies":"Lagavulin","floor":6,"turns":6},{"damage":6,"enemies":"2 Fungi Beasts","floor":7,"turns":3},{"damage":9,"enemies":"Blue Slaver","floor":8,"turns":3},{"damage":4,"enemies":"Looter","floor":10,"turns":2},{"damage":3,"enemies":"Gremlin Nob","floor":11,"turns":4},{"damage":4,"enemies":"3 Louse","floor":13,"turns":3},{"damage":7,"enemies":"3 Sentries","floor":14,"turns":4},{"damage":20,"enemies":"Slime Boss","floor":16,"turns":8},{"damage":14,"enemies":"2 Thieves","floor":18,"turns":2},{"damage":4,"enemies":"Shell Parasite","floor":21,"turns":2},{"damage":6,"enemies":"Cultist and Chosen","floor":22,"turns":4},{"damage":27,"enemies":"Slavers","floor":23,"turns":3},{"damage":8,"enemies":"Shelled Parasite and Fungi","floor":24,"turns":4},{"damage":12,"enemies":"Snake Plant","floor":27,"turns":2},{"damage":10,"enemies":"Book of Stabbing","floor":30,"turns":3},{"damage":18,"enemies":"3 Cultists","floor":31,"turns":4},{"damage":83,"enemies":"Champ","floor":33,"turns":7}],"seed_played":"-3562602134016595113","potions_obtained":[{"floor":1,"key":"Fire Potion"},{"floor":2,"key":"Regen Potion"},{"floor":4,"key":"BlessingOfTheForge"},{"floor":10,"key":"CultistPotion"},{"floor":21,"key":"ElixirPotion"},{"floor":22,"key":"EssenceOfSteel"}],"is_trial":false,"path_per_floor":["M","M","?","M","$","E","M","M","T","M","E","R","M","E","R","B",null,"M","$","?","M","M","E","M","$","T","M","?","?","E","M","R","B"],"character_chosen":"IRONCLAD","items_purchased":["Art of War","Armaments"],"campfire_rested":0,"item_purchase_floors":[5,19],"current_hp_per_floor":[87,88,88,86,86,82,82,79,79,81,84,84,86,85,85,71,88,80,80,80,82,82,61,59,59,59,53,41,41,58,58,58,0,0],"gold":289,"neow_bonus":"TEN_PERCENT_HP_BONUS","is_daily":false,"chose_seed":false,"campfire_upgraded":2,"win_rate":0.0,"timestamp":1614121008,"path_taken":["M","M","?","M","$","E","M","M","T","M","E","R","M","E","R","BOSS","M","$","?","M","M","E","M","$","T","M","?","?","E","M","R","BOSS"],"items_purchased_type":["Relic","Card"],"build_version":"2020-12-22","purchased_purges":1,"victory":false,"max_hp_per_floor":[88,88,88,88,88,88,88,88,88,88,88,88,88,88,88,88,88,88,88,88,88,88,88,88,88,88,88,88,88,88,88,88,88,88],"relic_stats":{"counters":[20,73],"Self Forming Clay":[66],"PreservedInsect":113,"Art of War":[2],"Kunai":[5],"Orichalcum":[120],"obtain_stats":[{"Matryoshka":23,"Self Forming Clay":14,"Nilry\u0027s Codex":28,"PreservedInsect":11,"Fusion Hammer":17,"Art of War":5,"Kunai":26,"Orichalcum":9,"Burning Blood":0,"TungstenRod":26,"Toy Ornithopter":30,"Meat on the Bone":6},{"Matryoshka":15,"Self Forming Clay":10,"Nilry\u0027s Codex":17,"PreservedInsect":8,"Fusion Hammer":11,"Art of War":3,"Kunai":16,"Orichalcum":6,"Burning Blood":0,"TungstenRod":16,"Toy Ornithopter":18,"Meat on the Bone":4},{"Matryoshka":53,"Self Forming Clay":34,"Nilry\u0027s Codex":59,"PreservedInsect":27,"Fusion Hammer":42,"Art of War":9,"Kunai":57,"Orichalcum":21,"Burning Blood":0,"TungstenRod":57,"Toy Ornithopter":62,"Meat on the Bone":15}],"Burning Blood":109,"TungstenRod":23,"Toy Ornithopter":10,"Meat on the Bone":24},"card_choices":[{"not_picked":["Inflame","Havoc"],"picked":"Cleave","floor":1},{"not_picked":["Warcry","Infernal Blade"],"picked":"Perfected Strike","floor":2},{"not_picked":["Pommel Strike","Anger"],"picked":"Armaments","floor":4},{"not_picked":["Infernal Blade","Armaments"],"picked":"Perfected Strike","floor":6},{"not_picked":["Feed","Body Slam"],"picked":"Shrug It Off","floor":7},{"not_picked":["Armaments","Warcry"],"picked":"Thunderclap","floor":8},{"not_picked":["Iron Wave","Cleave"],"picked":"Twin Strike","floor":10},{"not_picked":["Offering","Warcry","Headbutt"],"picked":"SKIP","floor":11},{"not_picked":["Headbutt","Power Through","Fire Breathing"],"picked":"SKIP","floor":13},{"not_picked":["Inflame","Clash","Combust"],"picked":"SKIP","floor":14},{"not_picked":["Sword Boomerang","Havoc","Shockwave"],"picked":"SKIP","floor":18},{"not_picked":["Battle Trance","Dual Wield"],"picked":"Flex+1","floor":21},{"not_picked":["Dual Wield","Thunderclap"],"picked":"Perfected Strike","floor":22},{"not_picked":["Headbutt","Shockwave","Metallicize"],"picked":"SKIP","floor":23},{"not_picked":["Flex","Sword Boomerang","Havoc"],"picked":"SKIP","floor":24},{"not_picked":["Shrug It Off","Dropkick"],"picked":"Pommel Strike","floor":27},{"not_picked":["Uppercut","Bloodletting","Whirlwind"],"picked":"SKIP","floor":30},{"not_picked":["Havoc","Headbutt"],"picked":"Pommel Strike","floor":31}],"player_experience":412342,"relics_obtained":[{"floor":6,"key":"Meat on the Bone"},{"floor":9,"key":"Orichalcum"},{"floor":11,"key":"PreservedInsect"},{"floor":14,"key":"Self Forming Clay"},{"floor":23,"key":"Matryoshka"},{"floor":26,"key":"Kunai"},{"floor":26,"key":"TungstenRod"},{"floor":28,"key":"Nilry\u0027s Codex"},{"floor":30,"key":"Toy Ornithopter"}],"event_choices":[{"damage_healed":0,"gold_gain":0,"player_choice":"Leave","damage_taken":0,"max_hp_gain":0,"max_hp_loss":0,"event_name":"The Cleric","floor":3,"gold_loss":0},{"damage_healed":0,"gold_gain":0,"player_choice":"Simplicity","damage_taken":0,"max_hp_gain":0,"max_hp_loss":0,"event_name":"Back to Basics","floor":20,"gold_loss":0,"cards_upgraded":["Strike_R","Strike_R","Strike_R","Strike_R","Strike_R","Defend_R","Defend_R","Defend_R"]},{"damage_healed":0,"gold_gain":0,"player_choice":"Obtained Book","damage_taken":16,"max_hp_gain":0,"max_hp_loss":0,"event_name":"Cursed Tome","floor":28,"gold_loss":0},{"damage_healed":0,"gold_gain":0,"player_choice":"Read","damage_taken":0,"max_hp_gain":0,"max_hp_loss":0,"event_name":"The Library","floor":29,"gold_loss":0,"cards_obtained":["Perfected Strike"]}],"is_beta":false,"boss_relics":[{"not_picked":["Sozu","Astrolabe"],"picked":"Fusion Hammer"}],"items_purged_floors":[19],"is_endless":false,"potions_floor_spawned":[1,2,4,10,14,21,22,27],"killed_by":"Champ","ascension_level":0}}