{"host":"wlgkfzos7pl2iqxb","time":1614122126,"event":{"mods":["100% Spire Juice","Act Like it!","BaseMod","Conspire","Defuse TimeMaze Blight","Gensokyo","Good Game Mod","Hubris","Infinite Spire","Koishi","Marisa????????","Minty Spire (QoL Compilation)","Morshu Shopkeeper","Morshu Shopkeeper - ENHANCED","Rare Cards Sparkle","Relic Sorter","Relic Stats","Reliquary","Ruina","Shop Mod","Small Relic Pack","StSLib","Wandering Minibosses","[IsaacMod]????"],"gold_per_floor":[213,163,17,51,51,51,74,74],"floor_reached":7,"language":"ENG","playtime":312,"items_purged":[],"score":64,"play_id":"81a077ce-aa2b-4ad0-813a-41f418dbc768","local_time":"20210224001526","is_ascension_mode":true,"campfire_choices":[{"data":"MachineGunSpark","floor":6.0,"key":"SMITH"}],"circlet_count":0,"master_deck":["AscendersBane","Koishi:BasicStrike","Koishi:BasicStrike","Koishi:BasicStrike","Koishi:BasicStrike","Koishi:BasicDefend","Koishi:BasicDefend","Koishi:BasicDefend","Koishi:BasicDefend","Koishi:Provoke","Koishi:HauntingSlash","MachineGunSpark+1","conspire:SpireCoStock","Koishi:Untouchable+1"],"relics":["Koishi:ImaginaryFriend","TheBean","REME:ComplimentaryCards","HushsDoor","conspire:TreasureMap"],"acts_visited":["Gensokyo:Gensokyo"],"potions_floor_usage":[],"damage_taken":[{"damage":9.0,"enemies":"Gensokyo:Gryphon","floor":1.0,"turns":5.0},{"damage":10.0,"enemies":"Gensokyo:2_Kodama","floor":4.0,"turns":4.0},{"damage":40,"enemies":"Gensokyo:Aya","floor":7,"turns":9}],"seed_played":"8215549742693610304","potions_obtained":[],"is_trial":false,"path_per_floor":["M","?","$","M","?","R","E"],"character_chosen":"KOISHI","items_purchased":["conspire:TreasureMap"],"campfire_rested":0,"item_purchase_floors":[3],"current_hp_per_floor":[47,47,47,38,38,38,0,0],"gold":74,"neow_bonus":"HUNDRED_GOLD","is_daily":false,"chose_seed":false,"campfire_upgraded":1,"win_rate":0.0,"timestamp":1614122126,"path_taken":["M","?","$","M","?","R","E"],"items_purchased_type":["Relic"],"build_version":"2020-12-22","purchased_purges":0,"victory":false,"max_hp_per_floor":[60,60,60,60,60,60,60,60],"relic_stats":{"counters":[3,18],"obtain_stats":[{"KeepersGift":0,"REME:ComplimentaryCards":0,"conspire:TreasureMap":3,"TheBean":1,"HushsDoor":0,"Koishi:ImaginaryFriend":0},{"KeepersGift":0,"REME:ComplimentaryCards":0,"conspire:TreasureMap":1,"TheBean":1,"HushsDoor":0,"Koishi:ImaginaryFriend":0},{"KeepersGift":0,"REME:ComplimentaryCards":0,"conspire:TreasureMap":5,"TheBean":2,"HushsDoor":0,"Koishi:ImaginaryFriend":0}]},"card_choices":[{"not_picked":["Koishi:Possession","Koishi:UnseenTerror","Koishi:HeartfeltFancy"],"picked":"SKIP","floor":1.0},{"not_picked":["Koishi:JumpScare","Koishi:TremblingHands","Koishi:HeartfeltFancy"],"picked":"SKIP","floor":4.0}],"player_experience":941112,"relics_obtained":[],"event_choices":[{"damage_healed":0.0,"max_hp_gain":0.0,"max_hp_loss":0.0,"gold_gain":0.0,"event_name":"conspire:Investor","player_choice":"Invest 1","floor":2.0,"gold_loss":0.0,"damage_taken":0.0}],"is_beta":false,"boss_relics":[],"items_purged_floors":[],"is_endless":false,"potions_floor_spawned":[],"killed_by":"Gensokyo:Aya","ascension_level":13}}