{"host":"3n5xmnb54n2y5mb4","time":1614042032,"event":{"mods":["BaseMod","Colored Map","Colored Powertips","Minty Spire (QoL Compilation)","Permanent Neow","StSLib","Unceasing Turn Reminder","everything is the same but u backflip on backflip"],"gold_per_floor":[118,118,134,149,16,16,46,56,106,137,162,162,262,306,306,415,415,441,465,489,489,509,547,547,547],"floor_reached":24,"language":"ENG","playtime":1446,"items_purged":[],"score":381,"play_id":"219e0d2f-d2e5-42e6-9b47-746727bddace","local_time":"20210222200032","is_ascension_mode":true,"campfire_choices":[{"data":"Cloak And Dagger","floor":6,"key":"SMITH"},{"floor":12,"key":"REST"},{"data":"Blade Dance","floor":15,"key":"SMITH"}],"circlet_count":0,"master_deck":["AscendersBane","Strike_G+1","Strike_G+1","Strike_G+1","Strike_G+1","Strike_G+1","Defend_G+1","Defend_G+1","Defend_G+1","Defend_G+1","Defend_G+1","Survivor","Neutralize","Dash","PiercingWail","Blade Dance+1","Cloak And Dagger+1","Well Laid Plans","Dash","Acrobatics","Dash","Envenom","Predator","Accuracy","Predator","Flying Knee+1","All Out Attack"],"relics":["Snecko Eye","Gremlin Horn","CeramicFish","Regal Pillow","Mummified Hand","HoveringKite","Orichalcum"],"acts_visited":["Exordium","TheCity"],"potions_floor_usage":[7,10,16,20,22],"damage_taken":[{"damage":1,"enemies":"Cultist","floor":1,"turns":6},{"damage":0,"enemies":"Jaw Worm","floor":3,"turns":3},{"damage":3,"enemies":"Small Slimes","floor":4,"turns":4},{"damage":12,"enemies":"Lagavulin","floor":7,"turns":9},{"damage":0,"enemies":"3 Louse","floor":8,"turns":3},{"damage":15,"enemies":"3 Sentries","floor":10,"turns":8},{"damage":3,"enemies":"Blue Slaver","floor":11,"turns":4},{"damage":16,"enemies":"Gremlin Nob","floor":14,"turns":5},{"damage":31,"enemies":"The Guardian","floor":16,"turns":16},{"damage":6,"enemies":"Chosen","floor":18,"turns":6},{"damage":0,"enemies":"3 Byrds","floor":19,"turns":5},{"damage":6,"enemies":"Centurion and Healer","floor":20,"turns":6},{"damage":10,"enemies":"3 Cultists","floor":22,"turns":4},{"damage":34,"enemies":"Slavers","floor":23,"turns":6},{"damage":3,"enemies":"Snake Plant","floor":24,"turns":3}],"seed_played":"3613173558799337965","potions_obtained":[{"floor":3,"key":"GamblersBrew"},{"floor":8,"key":"GamblersBrew"},{"floor":10,"key":"Weak Potion"},{"floor":16,"key":"Block Potion"},{"floor":18,"key":"ColorlessPotion"},{"floor":22,"key":"Energy Potion"}],"is_trial":false,"path_per_floor":["M","?","M","M","$","R","E","M","T","E","M","R","?","E","R","B",null,"M","M","M","?","M","E","M"],"character_chosen":"THE_SILENT","items_purchased":["Cloak And Dagger","Well Laid Plans"],"campfire_rested":1,"item_purchase_floors":[5,5],"current_hp_per_floor":[62,62,62,59,59,59,47,47,47,32,29,65,65,49,49,18,57,51,51,45,45,35,1,0,0],"gold":547,"neow_bonus":"BOSS_RELIC","is_daily":false,"chose_seed":false,"campfire_upgraded":2,"win_rate":0.0,"timestamp":1614042032,"path_taken":["M","?","M","M","$","R","E","M","T","E","M","R","?","E","R","BOSS","M","?","M","?","M","E","M"],"items_purchased_type":["Card","Card"],"build_version":"2020-12-22","purchased_purges":0,"victory":false,"max_hp_per_floor":[70,70,70,70,70,70,70,70,70,70,70,70,70,70,70,70,70,70,70,70,70,70,70,70,70],"card_choices":[{"not_picked":["Underhanded Strike","Dagger Spray"],"picked":"Dash","floor":1},{"not_picked":["Masterful Stab","Backstab"],"picked":"PiercingWail","floor":3},{"not_picked":["Backflip","Tactician"],"picked":"Blade Dance","floor":4},{"not_picked":["Catalyst","Dagger Spray"],"picked":"Dash","floor":7},{"not_picked":["PiercingWail","Deadly Poison","Underhanded Strike"],"picked":"SKIP","floor":8},{"not_picked":["Bouncing Flask","Reflex","PiercingWail"],"picked":"SKIP","floor":10},{"not_picked":["Crippling Poison","Prepared"],"picked":"Acrobatics","floor":11},{"not_picked":["Die Die Die","Dagger Throw"],"picked":"Dash","floor":14},{"not_picked":["Unload","Night Terror"],"picked":"Envenom","floor":16},{"not_picked":["Quick Slash","Dodge and Roll"],"picked":"Predator","floor":18},{"not_picked":["Blade Dance","Backstab"],"picked":"Accuracy","floor":19},{"not_picked":["Dodge and Roll","Skewer"],"picked":"Predator","floor":20},{"not_picked":["Escape Plan","Prepared"],"picked":"Flying Knee+1","floor":22},{"not_picked":["Sucker Punch","Tactician"],"picked":"All Out Attack","floor":23}],"player_experience":1010578,"relics_obtained":[{"floor":7,"key":"Gremlin Horn"},{"floor":9,"key":"CeramicFish"},{"floor":10,"key":"Regal Pillow"},{"floor":14,"key":"Mummified Hand"},{"floor":23,"key":"Orichalcum"}],"event_choices":[{"damage_healed":0,"gold_gain":0,"player_choice":"Leave","damage_taken":0,"max_hp_gain":0,"max_hp_loss":0,"event_name":"The Cleric","floor":2,"gold_loss":0},{"damage_healed":0,"gold_gain":100,"player_choice":"Gold","damage_taken":0,"max_hp_gain":0,"max_hp_loss":0,"event_name":"Wheel of Change","floor":13,"gold_loss":0},{"damage_healed":0,"gold_gain":0,"player_choice":"Simplicity","damage_taken":0,"max_hp_gain":0,"max_hp_loss":0,"event_name":"Back to Basics","floor":21,"gold_loss":0,"cards_upgraded":["Strike_G","Strike_G","Strike_G","Strike_G","Strike_G","Defend_G","Defend_G","Defend_G","Defend_G","Defend_G"]}],"is_beta":false,"boss_relics":[{"not_picked":["Busted Crown","Velvet Choker"],"picked":"HoveringKite"}],"items_purged_floors":[],"is_endless":false,"potions_floor_spawned":[3,8,10,16,18,22],"killed_by":"Snake Plant","ascension_level":12}}