{"host":"vfjw5z5u57sxa51v","time":1614099077,"event":{"mods":["AchievementEnabler","Act Like it!","Aspiration","BaseMod","Bestiary","Better Altar","Better Match","Better Note","Better Sensory Stone","Better Skull","Better Synergies","Better Third Choice","BetterRewards","CCEM2","Colored Map","Conspire","Dota2Spire","Downfall","GifTheSpireLib","GungeonMod","Halation","Highlight Path","Hubris","Infinite Spire","Jedi Mod","Minty Spire (QoL Compilation)","Permanent Neow","Reliquary","Replay The Spire","Shop Mod","Spicy Shops","StSLib","Stuff the Spire","The Cursed","The Disciple","The Gatherer","Unceasing Turn Reminder","everything is the same but u backflip on backflip"],"gold_per_floor":[99,115,115,129,144,162,185,85,70,70,70,70,97,197,217,320,320,320,331,349,362,362,377,400,300,62,62,62,72,72,57,73,170,170,170,189,209,228,49,62,62,62,62,90,104,104,118,143,43,43,43,74,1,1,1,1],"floor_reached":57,"language":"DEU","playtime":6451,"items_purged":["hubris:Compulsion"],"score":1239,"play_id":"6d0da8e6-7d4b-423e-b5a8-1f6eba329580","local_time":"20210223175117","is_ascension_mode":false,"campfire_choices":[{"floor":1,"key":"RECALL"},{"data":"champ:SetATrap","floor":8,"key":"SMITH"},{"data":"champ:Backstep","floor":10,"key":"SMITH"},{"data":"champ:FocusedDefense","floor":12,"key":"SMITH"},{"data":"champ:ShieldThrow","floor":18,"key":"SMITH"},{"data":"champ:RisingSlash","floor":25,"key":"SMITH"},{"data":"champ:Endure","floor":27,"key":"SMITH"},{"data":"champ:SetATrap","floor":30,"key":"SMITH"},{"floor":35,"key":"DIG"},{"data":"champ:Circumvent","floor":42,"key":"SMITH"},{"data":"expansioncontent:AwakenDeath","floor":49,"key":"SMITH"},{"data":"champ:FocusedDefense","floor":54,"key":"SMITH"}],"circlet_count":0,"master_deck":["champ:Strike","champ:Strike","champ:Strike","champ:Defend","champ:Defend","champ:Defend","champ:Defend","champ:Execute","champ:Taunt+1","champ:FlashCut","champ:FocusedDefense+1","champ:SetATrap+1","champ:Backstep+1","champ:GutPunch","champ:Taunt","champ:AdrenalArmor","champ:FocusedDefense+1","champ:StrikeOfGenius+1","ReplayTheSpireMod:Private Reserves","champ:IronFortress","champ:SetATrap+1","champ:ShieldThrow+1","champ:DefensiveShout","champ:Endure+1","champ:RisingSlash+1","champ:EnGarde","champ:AdrenalArmor+1","champ:GutPunch","champ:TripleStrike","champ:Parry+1","champ:Circumvent+1","champ:Circumvent+1","champ:ArenaPreparation","champ:TripleStrike","expansioncontent:AwakenDeath+1","champ:EnGarde+1","champ:BringItOn+1"],"relics":["champ:ChampionCrown","Dota2Spire:MaskOfMadness","StuffTheSpire:Gunfinga","downfall:HeartBlessingRed","StuffTheSpire:GrapeVine","downfall:GremlinSack","SlaversCollar","downfall:HeartBlessingBlue","jedi:purplefairy","conspire:SeveredTorchhead","hubris:TinFlute","DemoMod:GreenGuonStone","ReplayTheSpireMod:Ninjato","aspiration:Lifesprig","CCEMRelics:BundleOfChain","CCEMRelics:LatexGloves","Vajra","downfall:HeartBlessingGreen","halation:BottledLove"],"acts_visited":["Exordium","TheCity","TheBeyond","TheEnding"],"potions_floor_usage":[13,23,23,37,44,48,50,56,56],"damage_taken":[{"damage":10,"enemies":"Small Slimes","floor":2,"turns":3},{"damage":11,"enemies":"infinitespire:Voidling","floor":4,"turns":5},{"damage":17,"enemies":"Cultist","floor":5,"turns":4},{"damage":26,"enemies":"Exordium Wildlife","floor":6,"turns":5},{"damage":10,"enemies":"downfall:FleeingMerchant","floor":9,"turns":4},{"damage":29,"enemies":"Gremlin Nob","floor":13,"turns":4},{"damage":16,"enemies":"Gremlin Nob","floor":14,"turns":4},{"damage":6,"enemies":"Blue Slaver","floor":15,"turns":3},{"damage":27,"enemies":"SI_SHIV_ARCHETYPE","floor":16,"turns":7},{"damage":8,"enemies":"3 Byrds","floor":19,"turns":5},{"damage":0,"enemies":"Chosen","floor":20,"turns":4},{"damage":30,"enemies":"Centurion and Healer","floor":21,"turns":5},{"damage":2,"enemies":"3 Cultists","floor":23,"turns":5},{"damage":10,"enemies":"downfall:FleeingMerchant","floor":26,"turns":4},{"damage":10,"enemies":"conspire:HollyBat","floor":29,"turns":6},{"damage":25,"enemies":"downfall:FleeingMerchant","floor":31,"turns":4},{"damage":53,"enemies":"Centurion and Healer","floor":32,"turns":6},{"damage":80,"enemies":"IC_MUSHROOM_ARCHETYPE","floor":33,"turns":7},{"damage":0,"enemies":"Orb Walker","floor":36,"turns":3},{"damage":41,"enemies":"3 Shapes","floor":37,"turns":8},{"damage":33,"enemies":"Spire Growth","floor":38,"turns":4},{"damage":54,"enemies":"downfall:FleeingMerchant","floor":39,"turns":3},{"damage":31,"enemies":"4 Shapes","floor":40,"turns":6},{"damage":46,"enemies":"Reptomancer","floor":44,"turns":5},{"damage":50,"enemies":"Transient","floor":45,"turns":5},{"damage":35,"enemies":"Sphere and 2 Shapes","floor":47,"turns":7},{"damage":20,"enemies":"Giant Head","floor":48,"turns":4},{"damage":59,"enemies":"DF_ARCHETYPE_ORBS","floor":50,"turns":6},{"damage":61,"enemies":"downfall:CharBossMerchant","floor":52,"turns":5},{"damage":100,"enemies":"downfall:NeowBoss","floor":55,"turns":12},{"damage":126,"enemies":"downfall:NeowBossFinal","floor":56,"turns":9}],"seed_played":"-3132199657664919210","potions_obtained":[{"floor":2,"key":"SpeedPotion"},{"floor":4,"key":"Weak Potion"},{"floor":6,"key":"Elixir"},{"floor":14,"key":"jedi:StrikingPotion"},{"floor":19,"key":"DistilledChaos"},{"floor":23,"key":"SteroidPotion"},{"floor":29,"key":"champ:CounterPotion"},{"floor":32,"key":"LifebloodPotion"},{"floor":38,"key":"Energy Potion"},{"floor":40,"key":"AttackPotion"},{"floor":47,"key":"Block Potion"},{"floor":52,"key":"champ:TechniquePotion"}],"is_trial":false,"path_per_floor":["R_BF","M","?","M","M","M","T","R","$","R","?","R","E","?","M","B",null,"R","M","M","M","?","M","T","R","$","R","?","M","R","$","M","B",null,"R_BF","M","M","M","$","M","T","R","?","E","M","?","M","E","R","B",null,"E","$","R","B","B",null],"character_chosen":"THE_CHAMP","items_purchased":["jedi:purplefairy","DemoMod:GreenGuonStone","ReplayTheSpireMod:Ninjato","aspiration:Lifesprig","DuplicationPotion"],"campfire_rested":0,"item_purchase_floors":[26,39,39,39,53],"current_hp_per_floor":[90,90,90,90,83,77,77,77,77,77,77,77,58,57,51,49,90,90,87,87,72,72,70,70,80,80,85,85,85,90,85,82,52,100,100,100,94,91,72,75,75,85,85,60,60,60,60,60,65,41,100,94,94,99,100,66],"gold":1,"neow_bonus":"RANDOM_COMMON_RELIC","is_daily":false,"chose_seed":false,"campfire_upgraded":10,"win_rate":0.0,"timestamp":1614099077,"path_taken":["R_BF","M","?","?","M","M","T","R","?","R","?","R","E","?","M","BOSS","R","M","M","?","?","M","T","R","$","R","?","M","R","?","M","BOSS","R_BF","M","M","M","$","M","T","R","?","E","M","?","M","E","R","BOSS","E","$","R","BOSS","BOSS"],"items_purchased_type":["Relic","Relic","Relic","Relic","Potion"],"build_version":"2020-12-22","purchased_purges":1,"victory":true,"max_hp_per_floor":[90,90,90,90,90,90,90,90,90,90,90,90,90,90,90,90,90,90,90,90,90,90,90,90,100,100,100,100,100,100,100,100,100,100,100,100,100,100,100,100,100,100,100,100,100,100,100,100,100,100,100,100,100,100,100,100],"card_choices":[{"not_picked":["champ:PerfectedStrike","champ:PreciseThrust"],"picked":"champ:FlashCut","floor":2},{"not_picked":["champ:Haymaker","champ:FanOfKnives","champ:EndlessRage"],"picked":"SKIP","floor":4},{"not_picked":["champ:FancyFootwork","champ:FocusedBerserking"],"picked":"champ:FocusedDefense","floor":5},{"not_picked":["champ:CrownThrow","champ:FocusedDefense"],"picked":"champ:SetATrap","floor":6},{"not_picked":["champ:UltimateStance","champ:FalseCounter"],"picked":"champ:Backstep","floor":9},{"not_picked":["champ:RecklessLeap","champ:PerfectedStrike"],"picked":"champ:GutPunch","floor":13},{"not_picked":["champ:StanceDance","champ:Endure"],"picked":"champ:IronFortress","floor":14},{"not_picked":["champ:FancyFootwork","champ:FalseCounter"],"picked":"champ:SetATrap","floor":15},{"not_picked":["champ:Devastate","champ:HoldFirm"],"picked":"champ:ShieldThrow","floor":16},{"not_picked":["champ:BerserkersShout","champ:CrownThrow+1","champ:FalseCounter"],"picked":"SKIP","floor":19},{"not_picked":["champ:FanOfKnives+1","champ:AdrenalArmor"],"picked":"champ:DefensiveShout","floor":20},{"not_picked":["champ:IronFortress","champ:Lariat"],"picked":"champ:Endure","floor":21},{"not_picked":["champ:Endure","champ:HoldFirm"],"picked":"champ:RisingSlash","floor":23},{"not_picked":["champ:Backstep+1","champ:BladeFlurry","champ:FanOfKnives+1"],"picked":"SKIP","floor":26},{"not_picked":["champ:Haymaker","champ:Encircle"],"picked":"champ:EnGarde","floor":29},{"not_picked":["champ:RapidStrikes","champ:BerserkersShout"],"picked":"champ:AdrenalArmor+1","floor":31},{"not_picked":["champ:TornadoPunch","champ:AdrenalArmor"],"picked":"champ:GutPunch","floor":32},{"not_picked":["champ:HoldFirm","champ:SwordThrow"],"picked":"champ:TripleStrike","floor":33},{"not_picked":["champ:FocusedDefense+1","champ:IronFortress+1","champ:Shatter"],"picked":"SKIP","floor":36},{"not_picked":["champ:EndlessRage","champ:FocusedBerserking"],"picked":"champ:Parry+1","floor":37},{"not_picked":["champ:TornadoPunch","champ:IronFortress"],"picked":"champ:Circumvent","floor":38},{"not_picked":["champ:EnGarde","champ:Duel"],"picked":"champ:Circumvent+1","floor":39},{"not_picked":["champ:FocusedDefense+1","champ:CrownThrow","champ:PerfectedStrike"],"picked":"SKIP","floor":40},{"not_picked":["champ:AdrenalArmor","champ:Lariat"],"picked":"champ:ArenaPreparation","floor":44},{"not_picked":["champ:PerfectedStrike+1","champ:TornadoPunch"],"picked":"champ:TripleStrike","floor":45},{"not_picked":["expansioncontent:YouAreMine","expansioncontent:PolyBeam"],"picked":"expansioncontent:AwakenDeath","floor":46},{"not_picked":["champ:FocusedBerserking+1","champ:DefensiveShout","champ:TornadoPunch+1"],"picked":"SKIP","floor":47},{"not_picked":["champ:GutPunch","champ:BladeFlurry+1"],"picked":"champ:EnGarde+1","floor":48},{"not_picked":["champ:HeartStrike+1","champ:Haymaker"],"picked":"champ:BringItOn+1","floor":52}],"player_experience":32651,"relics_obtained":[{"floor":7,"key":"StuffTheSpire:Gunfinga"},{"floor":13,"key":"StuffTheSpire:GrapeVine"},{"floor":14,"key":"downfall:GremlinSack"},{"floor":35,"key":"hubris:TinFlute"},{"floor":41,"key":"CCEMRelics:BundleOfChain"},{"floor":44,"key":"CCEMRelics:LatexGloves"},{"floor":48,"key":"Vajra"},{"floor":52,"key":"halation:BottledLove"}],"event_choices":[{"damage_healed":0,"gold_gain":0,"player_choice":"Forge","damage_taken":0,"max_hp_gain":0,"max_hp_loss":0,"event_name":"Accursed Blacksmith","floor":3,"gold_loss":0,"cards_upgraded":["champ:Taunt"]},{"cards_removed":["champ:Strike"],"damage_healed":0,"gold_gain":0,"player_choice":"Forget","damage_taken":0,"max_hp_gain":0,"max_hp_loss":0,"event_name":"Living Wall","floor":11,"gold_loss":0},{"cards_removed":["champ:StrikeOfGenius"],"damage_healed":0,"gold_gain":0,"player_choice":"Give","damage_taken":0,"max_hp_gain":0,"max_hp_loss":0,"event_name":"betterNote:BetterNote","floor":28,"gold_loss":0,"cards_obtained":["downfall:Haunted"]}],"is_beta":false,"boss_relics":[{"not_picked":["halation:MonkeysPaw","conspire:RunicOctahedron"],"picked":"SlaversCollar"},{"not_picked":["CCEMRelics:ReaperScythe","CCEMRelics:ExpiredCReal"],"picked":"conspire:SeveredTorchhead"}],"items_purged_floors":[26],"is_endless":false,"potions_floor_spawned":[2,4,6,14,19,23,29,32,38,40,47,52],"ascension_level":0}}