{"host":"gop1q6bv59twswbp","time":1614108665,"event":{"mods":["AlwaysNeverKeys","BaseMod","Downfall","Hermit","Minty Spire (QoL Compilation)","Permanent Neow","Rare Cards Sparkle","StSLib","The Cursed"],"gold_per_floor":[16,34,34,34,47,47,72,89,114,141,162,162,178,213,213,318,318,337,337,337,337,356,356,384,384,384,384,384,57,89,106,106,278,278,291,301,301,301,219,245,265,265,265,285,285,306,306,306,306,311,311,311,19,52,57],"floor_reached":56,"language":"ENG","playtime":4031,"items_purged":[],"score":1158,"play_id":"5373130b-0aa0-48a8-a042-962af90d8883","local_time":"20210223143105","is_ascension_mode":false,"campfire_choices":[{"data":"hermit:FatalDesire","floor":6.0,"key":"SMITH"},{"data":"hermit:Adapt","floor":12.0,"key":"SMITH"},{"data":"hermit:DeadMansHand","floor":15.0,"key":"SMITH"},{"data":"hermit:Malice","floor":23.0,"key":"SMITH"},{"data":"hermit:CalledShot","floor":25.0,"key":"SMITH"},{"data":"hermit:HeroicBravado","floor":27.0,"key":"SMITH"},{"data":"hermit:FlashPowder","floor":32.0,"key":"SMITH"},{"data":"hermit:Roughhouse","floor":42.0,"key":"SMITH"},{"data":"hermit:Maintenance","floor":45.0,"key":"SMITH"},{"data":"Metamorphosis","floor":47.0,"key":"SMITH"},{"data":"Deep Breath","floor":49.0,"key":"SMITH"},{"data":"hermit:Dive","floor":52.0,"key":"SMITH"}],"circlet_count":0,"master_deck":["hermit:Strike_Hermit+1","hermit:Strike_Hermit","hermit:Defend_Hermit","hermit:Defend_Hermit","hermit:Defend_Hermit","hermit:Snapshot","hermit:Covet","hermit:FatalDesire+1","hermit:Malice+1","hermit:HoleUp","hermit:Scavenge","hermit:Quickdraw+1","hermit:DeadMansHand+1","hermit:Adapt+1","hermit:CalledShot+1","hermit:BigShot","hermit:HeroicBravado+1","hermit:Midnight+1","hermit:Adapt+1","hermit:ShadowCloak+1","hermit:FatalDesire+1","downfall:Bewildered","hermit:Determination+1","Metamorphosis+1","hermit:Roulette","hermit:FlashPowder+1","hermit:Roughhouse+1","hermit:LoneWolf+1","Writhe","Deep Breath+1","hermit:Dive+1","hermit:Maintenance+1","hermit:ShadowCloak+1","hermit:Determination+1"],"relics":["hermit:Momento","Pear","Mummified Hand","Bag of Preparation","Bottled Lightning","Pen Nib","Astrolabe","Juzu Bracelet","sneckomod:BabySnecko","TungstenRod","hermit:Spyglass","Bag of Marbles","hexamod:BolsterEngine","Gremlin Horn","Sozu","Pocketwatch","Question Card","Kunai","Ice Cream","Whetstone"],"acts_visited":["Exordium","TheCity","TheBeyond","TheEnding"],"potions_floor_usage":[55],"damage_taken":[{"damage":0.0,"enemies":"Cultist","floor":1.0,"turns":4.0},{"damage":0.0,"enemies":"2 Louse","floor":2.0,"turns":2.0},{"damage":1.0,"enemies":"Jaw Worm","floor":5.0,"turns":4.0},{"damage":25.0,"enemies":"3 Sentries","floor":7.0,"turns":11.0},{"damage":0.0,"enemies":"Exordium Wildlife","floor":8.0,"turns":4.0},{"damage":10.0,"enemies":"Lagavulin","floor":10.0,"turns":8.0},{"damage":0.0,"enemies":"Blue Slaver","floor":11.0,"turns":4.0},{"damage":8.0,"enemies":"2 Fungi Beasts","floor":13.0,"turns":3.0},{"damage":4.0,"enemies":"3 Sentries","floor":14.0,"turns":9.0},{"damage":7.0,"enemies":"Slime Boss","floor":16.0,"turns":9.0},{"damage":0.0,"enemies":"Spheric Guardian","floor":18.0,"turns":6.0},{"damage":11.0,"enemies":"2 Thieves","floor":22.0,"turns":4.0},{"damage":10.0,"enemies":"Gremlin Leader","floor":24.0,"turns":6.0},{"damage":16.0,"enemies":"Slavers","floor":30.0,"turns":4.0},{"damage":9.0,"enemies":"Sentry and Sphere","floor":31.0,"turns":5.0},{"damage":19.0,"enemies":"Automaton","floor":33.0,"turns":7.0},{"damage":5.0,"enemies":"Orb Walker","floor":35.0,"turns":3.0},{"damage":26.0,"enemies":"3 Shapes","floor":36.0,"turns":2.0},{"damage":4.0,"enemies":"Nemesis","floor":40.0,"turns":7.0},{"damage":0.0,"enemies":"Jaw Worm Horde","floor":41.0,"turns":3.0},{"damage":0.0,"enemies":"Transient","floor":44.0,"turns":5.0},{"damage":4.0,"enemies":"4 Shapes","floor":46.0,"turns":4.0},{"damage":21.0,"enemies":"Donu and Deca","floor":50.0,"turns":12.0},{"damage":13.0,"enemies":"Shield and Spear","floor":54.0,"turns":6.0},{"damage":8,"enemies":"The Heart","floor":55,"turns":7}],"seed_played":"-7997130617766933365","potions_obtained":[{"floor":1.0,"key":"EssenceOfSteel"},{"floor":5.0,"key":"SneckoOil"},{"floor":10.0,"key":"DistilledChaos"},{"floor":16.0,"key":"LiquidMemories"},{"floor":30.0,"key":"LiquidBronze"}],"is_trial":false,"path_per_floor":["M","M","$","T","M","R","E","M","T","E","M","R","M","E","R","B",null,"M","?","?","?","M","R","E","R","T","R","T","$","E","M","R","B",null,"M","M","?","?","$","E","M","R","T","M","R","M","R","T","R","B",null,"R","$","E","B",null],"character_chosen":"HERMIT","items_purchased":["hexamod:BolsterEngine","Metamorphosis","Deep Breath","Ice Cream"],"campfire_rested":0,"item_purchase_floors":[29,29,39,53],"current_hp_per_floor":[75,75,75,85,84,84,59,59,59,49,49,49,41,37,37,30,85,85,85,85,85,74,74,64,64,64,64,64,64,48,39,39,20,85,80,54,75,75,75,71,71,71,71,71,71,67,67,67,67,46,85,85,85,72,64],"gold":57,"neow_bonus":"THREE_RARE_CARDS","is_daily":false,"chose_seed":false,"campfire_upgraded":12,"win_rate":0.0,"timestamp":1614108665,"path_taken":["M","?","?","?","M","R","E","M","T","E","M","R","?","E","R","BOSS","M","?","?","?","M","R","E","R","T","R","?","$","E","M","R","BOSS","M","M","?","?","?","E","M","R","T","M","R","M","R","?","R","BOSS","R","$","E","BOSS"],"items_purchased_type":["Relic","Card","Card","Relic"],"build_version":"2020-12-22","purchased_purges":0,"victory":true,"max_hp_per_floor":[75,75,75,85,85,85,85,85,85,85,85,85,85,85,85,85,85,85,85,85,85,85,85,85,85,85,85,85,85,85,85,85,85,85,85,85,85,85,85,85,85,85,85,85,85,85,85,85,85,85,85,85,85,85,85],"card_choices":[{"not_picked":["hermit:Purgatory","hermit:FromBeyond"],"picked":"hermit:FatalDesire","floor":0.0},{"not_picked":["hermit:BodyArmor","hermit:Enervate"],"picked":"hermit:Malice","floor":1.0},{"not_picked":["hermit:BodyArmor","hermit:Headshot","hermit:ItchyTrigger"],"picked":"SKIP","floor":2.0},{"not_picked":["hermit:TrackingShot","hermit:Desperado"],"picked":"hermit:HoleUp","floor":5.0},{"not_picked":["hermit:TrackingShot","hermit:Ricochet"],"picked":"hermit:Scavenge","floor":7.0},{"not_picked":["hermit:HighCaliber","hermit:FullyLoaded"],"picked":"hermit:Quickdraw","floor":8.0},{"not_picked":["hermit:Ricochet","hermit:SprayPray"],"picked":"hermit:DeadMansHand","floor":10.0},{"not_picked":["hermit:BodyArmor","hermit:Misfire"],"picked":"hermit:Adapt","floor":11.0},{"not_picked":["hermit:Maintenance","hermit:Roulette"],"picked":"hermit:CalledShot","floor":13.0},{"not_picked":["hermit:Gestalt","hermit:BodyArmor"],"picked":"hermit:BigShot","floor":14.0},{"not_picked":["hermit:DeadOrAlive","hermit:Purgatory"],"picked":"hermit:HeroicBravado","floor":16.0},{"not_picked":["hermit:CalledShot","hermit:PistolWhip","hermit:Feint+1"],"picked":"SKIP","floor":18.0},{"not_picked":["hermit:Headshot+1","hermit:Ricochet","hermit:TrackingShot+1"],"picked":"SKIP","floor":22.0},{"not_picked":["hermit:DeadMansHand","hermit:EternalForm"],"picked":"hermit:Determination+1","floor":24.0},{"not_picked":["hermit:ShadowCloak","hermit:Determination"],"picked":"hermit:Roulette","floor":30.0},{"not_picked":["hermit:HoleUp+1","hermit:TakeCover"],"picked":"hermit:FlashPowder","floor":31.0},{"not_picked":["hermit:DeadOrAlive","hermit:RoundhouseKick"],"picked":"hermit:Roughhouse","floor":33.0},{"not_picked":["hermit:Snipe","hermit:Headshot","hermit:Feint"],"picked":"SKIP","floor":35.0},{"not_picked":["hermit:HoleUp","hermit:Cheat"],"picked":"hermit:LoneWolf+1","floor":36.0},{"not_picked":["hermit:TakeAim","hermit:Glare+1"],"picked":"hermit:Dive","floor":40.0},{"not_picked":["hermit:Misfire","hermit:Glare+1","hermit:Headshot"],"picked":"SKIP","floor":41.0},{"not_picked":["hermit:DeadMansHand","hermit:Headshot","hermit:BigShot"],"picked":"hermit:Maintenance","floor":44.0},{"not_picked":["hermit:CursedWeapon","hermit:WideOpen+1","hermit:HoleUp+1"],"picked":"hermit:ShadowCloak+1","floor":46.0},{"not_picked":["hermit:LuckOfTheDraw+1","hermit:Glare+1","hermit:TakeCover+1"],"picked":"hermit:Determination+1","floor":54.0}],"player_experience":1004417,"relics_obtained":[{"floor":4.0,"key":"Pear"},{"floor":7.0,"key":"Mummified Hand"},{"floor":9.0,"key":"Bag of Preparation"},{"floor":10.0,"key":"Bottled Lightning"},{"floor":14.0,"key":"Pen Nib"},{"floor":24.0,"key":"TungstenRod"},{"floor":26.0,"key":"hermit:Spyglass"},{"floor":28.0,"key":"Bag of Marbles"},{"floor":30.0,"key":"Gremlin Horn"},{"floor":40.0,"key":"Pocketwatch"},{"floor":43.0,"key":"Question Card"},{"floor":48.0,"key":"Kunai"},{"floor":54.0,"key":"Whetstone"}],"event_choices":[{"damage_healed":0.0,"max_hp_gain":0.0,"max_hp_loss":0.0,"gold_gain":0.0,"event_name":"The Mausoleum","player_choice":"Opened","floor":19.0,"gold_loss":0.0,"damage_taken":0.0,"relics_obtained":["Juzu Bracelet"]},{"damage_healed":0.0,"max_hp_gain":0.0,"max_hp_loss":0.0,"gold_gain":0.0,"event_name":"Duplicator","player_choice":"Copied","floor":20.0,"gold_loss":0.0,"damage_taken":0.0,"cards_obtained":["hermit:FatalDesire"]},{"damage_healed":21.0,"max_hp_gain":0.0,"max_hp_loss":0.0,"gold_gain":0.0,"event_name":"Winding Halls","player_choice":"Writhe","floor":37.0,"gold_loss":0.0,"damage_taken":0.0,"cards_obtained":["Writhe"]},{"damage_healed":0.0,"max_hp_gain":0.0,"max_hp_loss":0.0,"gold_gain":0.0,"event_name":"Tomb of Lord Red Mask","player_choice":"Ignored","floor":38.0,"gold_loss":0.0,"damage_taken":0.0}],"is_beta":false,"boss_relics":[{"not_picked":["Fusion Hammer","Velvet Choker"],"picked":"Astrolabe"},{"not_picked":["Snecko Eye","hermit:DentedPlate"],"picked":"Sozu"}],"items_purged_floors":[],"is_endless":false,"potions_floor_spawned":[1,5,10,16,30,36,44,46,54],"ascension_level":0}}