{"host":"8oow7jh4agd4zemm","time":1614092646,"event":{"mods":["BaseMod","Colored Powertips","Ironclad Rager","Minty Spire (QoL Compilation)","Quick Restart","UnlockEverythingMod"],"gold_per_floor":[12,12,12,12,12,12,23,40,40,59,59,73,124,44,44,44,44],"floor_reached":16,"language":"ZHS","playtime":462,"items_purged":[],"score":180,"play_id":"0236d86e-acc9-4735-83b5-f76095bc3032","local_time":"20210223230406","is_ascension_mode":true,"campfire_choices":[{"data":"Storm of Steel","floor":6,"key":"SMITH"},{"floor":11,"key":"REST"},{"floor":15,"key":"REST"}],"circlet_count":0,"master_deck":["AscendersBane","Strike_G","Strike_G","Strike_G","Strike_G","Defend_G","Defend_G","Defend_G","Defend_G","Survivor","Neutralize","Storm of Steel+1","Tactician","Reflex","Cloak And Dagger","Infinite Blades"],"relics":["Ring of the Snake","FossilizedHelix"],"acts_visited":["Exordium"],"potions_floor_usage":[8,16],"damage_taken":[{"damage":7,"enemies":"Small Slimes","floor":1,"turns":4},{"damage":6,"enemies":"2 Louse","floor":7,"turns":3},{"damage":5,"enemies":"Cultist","floor":8,"turns":5},{"damage":24,"enemies":"Exordium Wildlife","floor":10,"turns":10},{"damage":4,"enemies":"Exordium Thugs","floor":12,"turns":6},{"damage":44,"enemies":"The Guardian","floor":16,"turns":10}],"seed_played":"3198777763780468963","potions_obtained":[{"floor":7,"key":"PowerPotion"},{"floor":10,"key":"Swift Potion"}],"is_trial":false,"path_per_floor":["M","?","$","?","$","R","M","M","T","M","R","M","T","$","R","B"],"character_chosen":"THE_SILENT","items_purchased":["Infinite Blades"],"campfire_rested":2,"item_purchase_floors":[14],"current_hp_per_floor":[52,52,52,52,52,52,46,41,41,17,36,32,32,32,51,7,7],"gold":44,"neow_bonus":"THREE_RARE_CARDS","is_daily":false,"chose_seed":false,"campfire_upgraded":1,"win_rate":0.0,"timestamp":1614092646,"path_taken":["M","?","$","?","$","R","M","M","T","M","R","?","?","?","R","BOSS"],"items_purchased_type":["Card"],"build_version":"2020-12-22","purchased_purges":0,"victory":false,"max_hp_per_floor":[66,66,66,66,66,66,66,66,66,66,66,66,66,66,66,66,66],"card_choices":[{"not_picked":["Glass Knife","Phantasmal Killer"],"picked":"Storm of Steel","floor":0},{"not_picked":["Deflect","Dagger Throw","Underhanded Strike"],"picked":"SKIP","floor":1},{"not_picked":["Skewer","Quick Slash"],"picked":"Tactician","floor":7},{"not_picked":["Slice","Bane"],"picked":"Reflex","floor":8},{"not_picked":["Bane","Prepared","Dash"],"picked":"SKIP","floor":10},{"not_picked":["Expertise","Backflip"],"picked":"Cloak And Dagger","floor":12}],"player_experience":86086,"relics_obtained":[{"floor":9,"key":"FossilizedHelix"}],"event_choices":[{"cards_removed":["Strike_G"],"damage_healed":0,"gold_gain":0,"player_choice":"Forget","damage_taken":0,"max_hp_gain":0,"max_hp_loss":0,"event_name":"Living Wall","floor":2,"gold_loss":0},{"cards_removed":["Defend_G"],"damage_healed":0,"gold_gain":0,"player_choice":"Purged","damage_taken":0,"max_hp_gain":0,"max_hp_loss":0,"event_name":"Purifier","floor":4,"gold_loss":0}],"is_beta":false,"boss_relics":[],"items_purged_floors":[],"is_endless":false,"potions_floor_spawned":[7,10],"killed_by":"The Guardian","ascension_level":20}}