{"host":"9ac506c1ebg8floo","time":1614118609,"event":{"mods":["BaseMod","Colored Powertips","Curses Come First","Minty Spire (QoL Compilation)","Replay The Spire","Shop Mod","StSLib"],"gold_per_floor":[110,130,1,1,73,120,150,162,201,38,55,55,85,96,96,201,301,320,320,159,159,159,193,193,204,204,204,279,294,308,343,343,443,443,463,513,529,543,418,453,468,276,276,276,311,311,56,56,56],"floor_reached":48,"language":"ENG","playtime":5103,"items_purged":["Strike_B","Strike_B","Strike_B"],"score":611,"play_id":"5ac781c0-4658-45db-ba25-51bda9f3860c","local_time":"20210223231649","is_ascension_mode":false,"campfire_choices":[{"data":"Scrape","floor":8,"key":"SMITH"},{"data":"Scrape","floor":12,"key":"SMITH"},{"data":"Genetic Algorithm","floor":15,"key":"SMITH"},{"data":"Gash","floor":24,"key":"SMITH"},{"data":"All For One","floor":27,"key":"SMITH"},{"data":"Mirror Shield","floor":32,"key":"SMITH"},{"data":"Reboot","floor":44,"key":"SMITH"}],"circlet_count":0,"master_deck":["Strike_B","Defend_B","Defend_B","Defend_B","Zap","Dualcast","Gash+1","Scrape+1","Scrape+1","Amnesia","Beam Cell","ReplayGash","Steam","Genetic Algorithm+1","Mirror Shield+1","Panic Button+1","All For One+1","Gash+1","Reboot","Go for the Eyes+1","Go for the Eyes+1","Reboot+1","Gash","Echo Form","Seek","Aggregate+1","Crystallizer+1","Tempest+1","ReplayTheSpireMod:GoodbyeWorld+1","Conserve Battery+1","Hologram+1"],"relics":["Cracked Core","NeowsBlessing","ReplayTheSpireMod:Ring of Addiction","Potion Belt","White Beast Statue","MawBank","Bronze Scales","ReplayTheSpireMod:TigerMarble","Dead Branch","Replay:Wanted Poster","Replay:Accelerometer","Letter Opener","Prayer Wheel","Darkstone Periapt","Pen Nib","Nuclear Battery","Girya","Mummified Hand","ReplayTheSpireMod:Lightbulb","Gremlin Horn","Prayer Wheel","Singing Bowl","Kunai"],"acts_visited":["Exordium","TheCity","TheBeyond"],"potions_floor_usage":[6,11,11,13,16,18,23,23,23,23,29,31,31,31,33,36,36,40,40,45,45,48,48,48],"damage_taken":[{"damage":0,"enemies":"Jaw Worm","floor":1,"turns":1},{"damage":0,"enemies":"2 Louse","floor":2,"turns":1},{"damage":0,"enemies":"Lagavulin","floor":6,"turns":1},{"damage":11,"enemies":"Small Slimes","floor":7,"turns":3},{"damage":8,"enemies":"Red Slaver","floor":11,"turns":4},{"damage":11,"enemies":"Gremlin Nob","floor":13,"turns":3},{"damage":0,"enemies":"Large Slime","floor":14,"turns":5},{"damage":8,"enemies":"Slime Boss","floor":16,"turns":9},{"damage":0,"enemies":"3 Byrds","floor":18,"turns":4},{"damage":26,"enemies":"Replay:Snechameleon","floor":23,"turns":3},{"damage":2,"enemies":"Spheric Guardian","floor":25,"turns":2},{"damage":0,"enemies":"Centurion and Healer","floor":29,"turns":2},{"damage":3,"enemies":"Chosen and Byrds","floor":30,"turns":4},{"damage":3,"enemies":"Gremlin Leader","floor":31,"turns":4},{"damage":24,"enemies":"Collector","floor":33,"turns":6},{"damage":0,"enemies":"Orb Walker","floor":35,"turns":2},{"damage":18,"enemies":"Mind Bloom Boss Battle","floor":36,"turns":5},{"damage":4,"enemies":"3 Shapes","floor":37,"turns":1},{"damage":0,"enemies":"Jaw Worm Horde","floor":38,"turns":1},{"damage":16,"enemies":"Giant Head","floor":40,"turns":7},{"damage":22,"enemies":"4 Shapes","floor":41,"turns":3},{"damage":0,"enemies":"Nemesis","floor":45,"turns":5},{"damage":13,"enemies":"2 Orb Walkers","floor":48,"turns":1}],"seed_played":"-3594110825236850579","potions_obtained":[{"floor":1,"key":"Weak Potion"},{"floor":2,"key":"Strength Potion"},{"floor":4,"key":"Dexterity Potion"},{"floor":4,"key":"Cursed Concoction"},{"floor":4,"key":"SpeedPotion"},{"floor":5,"key":"Energy Potion"},{"floor":6,"key":"Languid Potion"},{"floor":7,"key":"Regen Potion"},{"floor":11,"key":"Dexterity Potion"},{"floor":13,"key":"PotionOfCapacity"},{"floor":14,"key":"Fire Potion"},{"floor":16,"key":"Dexterity Potion"},{"floor":18,"key":"Adrenaline Potion"},{"floor":23,"key":"SkillPotion"},{"floor":25,"key":"Explosive Potion"},{"floor":29,"key":"AttackPotion"},{"floor":30,"key":"FocusPotion"},{"floor":31,"key":"Elixir"},{"floor":33,"key":"Flashbang"},{"floor":35,"key":"BlessingOfTheForge"},{"floor":36,"key":"Strength Potion"},{"floor":37,"key":"Block Potion"},{"floor":38,"key":"SkillPotion"},{"floor":40,"key":"Strength Potion"},{"floor":41,"key":"SteroidPotion"},{"floor":45,"key":"Cursed Concoction"}],"is_trial":false,"path_per_floor":["M","M","$","?","?","E","M","R","T","$","M","R","E","M","R","B",null,"M","?","$","?","?","E","R","M","T","R","?","M","M","E","R","B",null,"M","?","M","M","$","E","M","$","T","R","E","?","$","?"],"character_chosen":"DEFECT","items_purchased":["Scrape","ReplayGash","All For One","ReplayTheSpireMod:Lightbulb","Kunai"],"campfire_rested":0,"item_purchase_floors":[3,10,20,42,47],"current_hp_per_floor":[75,75,75,75,45,45,34,34,34,34,38,38,27,27,27,19,73,73,73,73,73,71,45,45,43,43,43,37,37,34,31,31,7,69,69,51,47,47,47,31,9,9,9,9,9,9,9,0,0],"gold":56,"neow_bonus":"THREE_ENEMY_KILL","is_daily":false,"chose_seed":false,"campfire_upgraded":7,"win_rate":0.0,"timestamp":1614118609,"path_taken":["M","M","$","?","?","E","M","R","T","$","?","R","E","M","R","BOSS","M","?","$","?","?","E","R","M","T","R","?","?","M","E","R","BOSS","M","?","M","M","$","E","M","$","T","R","E","?","?","?"],"items_purchased_type":["Card","Card","Card","Relic","Relic"],"build_version":"2020-12-22","purchased_purges":3,"victory":false,"max_hp_per_floor":[75,75,75,75,75,75,75,75,75,73,73,73,73,73,73,73,73,73,73,73,73,71,71,71,71,71,69,69,69,69,69,69,69,69,69,69,69,69,69,67,67,67,67,65,65,65,65,65,65],"card_choices":[{"not_picked":["Coolheaded","Loop"],"picked":"Gash","floor":1},{"not_picked":["Coolheaded","Redo","BasicCrystalCard"],"picked":"SKIP","floor":2},{"not_picked":["Cold Snap","Rebound"],"picked":"Steam","floor":5},{"not_picked":["Panic Button","Thunder Strike"],"picked":"Beam Cell","floor":6},{"not_picked":["Leap","Sweeping Beam","Redo"],"picked":"SKIP","floor":7},{"not_picked":["Cold Snap","Hologram"],"picked":"Steam","floor":11},{"not_picked":["Meteor Strike","Cold Snap"],"picked":"Genetic Algorithm","floor":13},{"not_picked":["Redo","Streamline","Self Repair"],"picked":"SKIP","floor":14},{"not_picked":["Creative AI","Electrodynamics"],"picked":"Mirror Shield","floor":16},{"not_picked":["ReplaySort+1","Stack"],"picked":"Panic Button+1","floor":18},{"not_picked":["Hologram","Redo+1"],"picked":"Gash+1","floor":23},{"not_picked":["Lockon","Blizzard"],"picked":"Reboot","floor":25},{"not_picked":["Barrage","Scrape"],"picked":"Go for the Eyes+1","floor":25},{"not_picked":["Compile Driver","Rebound"],"picked":"Go for the Eyes+1","floor":29},{"not_picked":["Ball Lightning","Skim+1","Compile Driver"],"picked":"SKIP","floor":29},{"not_picked":["Heatsinks","Cold Snap"],"picked":"Reboot","floor":30},{"not_picked":["Cold Snap","Compile Driver+1","Hologram"],"picked":"SKIP","floor":30},{"not_picked":["BootSequence","BasicCrystalCard"],"picked":"Gash","floor":31},{"not_picked":["All For One","Reboot"],"picked":"Echo Form","floor":33},{"not_picked":["Blizzard+1","Rebound","Go for the Eyes"],"picked":"SKIP","floor":35},{"not_picked":["Lockon+1","Sweeping Beam","ReplayTheSpireMod:Reroute Power+1"],"picked":"SKIP","floor":35},{"not_picked":["Hologram+1","Loop+1"],"picked":"Seek","floor":36},{"not_picked":["Stack+1","Cold Snap"],"picked":"Aggregate+1","floor":37},{"not_picked":["Cold Snap+1","Barrage"],"picked":"Crystallizer+1","floor":37},{"not_picked":["Redo","Defragment+1"],"picked":"Tempest+1","floor":38},{"not_picked":["Stack","ReplayTheSpireMod:Calculation Training","Compile Driver+1"],"picked":"SKIP","floor":38},{"not_picked":["Leap","ReplayTheSpireMod:Reroute Power+1"],"picked":"ReplayTheSpireMod:GoodbyeWorld+1","floor":40},{"not_picked":["Chill","Beam Cell"],"picked":"Conserve Battery+1","floor":41},{"not_picked":["Streamline","Compile Driver","Darkness+1"],"picked":"SKIP","floor":41},{"not_picked":["ReplayTheSpireMod:Reroute Power","Heatsinks"],"picked":"Hologram+1","floor":45}],"player_experience":362503,"relics_obtained":[{"floor":4,"key":"ReplayTheSpireMod:Ring of Addiction"},{"floor":4,"key":"Potion Belt"},{"floor":4,"key":"White Beast Statue"},{"floor":5,"key":"MawBank"},{"floor":6,"key":"Bronze Scales"},{"floor":9,"key":"ReplayTheSpireMod:TigerMarble"},{"floor":13,"key":"Dead Branch"},{"floor":23,"key":"Letter Opener"},{"floor":26,"key":"Darkstone Periapt"},{"floor":31,"key":"Pen Nib"},{"floor":36,"key":"Girya"},{"floor":40,"key":"Mummified Hand"},{"floor":43,"key":"Gremlin Horn"},{"floor":45,"key":"Singing Bowl"}],"event_choices":[{"damage_healed":0,"gold_gain":0,"player_choice":"Opened","damage_taken":0,"relics_obtained":["Replay:Accelerometer"],"max_hp_gain":0,"max_hp_loss":0,"event_name":"The Mausoleum","floor":19,"gold_loss":0},{"cards_removed":["Defend_B"],"damage_healed":0,"gold_gain":0,"player_choice":"Elegance","damage_taken":0,"max_hp_gain":0,"max_hp_loss":0,"event_name":"Back to Basics","floor":22,"gold_loss":0},{"damage_healed":0,"gold_gain":75,"player_choice":"Touch","damage_taken":6,"max_hp_gain":0,"max_hp_loss":0,"event_name":"FaceTrader","floor":28,"gold_loss":0},{"damage_healed":0,"gold_gain":0,"player_choice":"Fight","damage_taken":0,"max_hp_gain":0,"max_hp_loss":0,"event_name":"MindBloom","floor":36,"gold_loss":0},{"cards_removed":["Steam"],"damage_healed":0,"gold_gain":0,"player_choice":"Removed Skill","damage_taken":0,"max_hp_gain":0,"max_hp_loss":0,"event_name":"Falling","floor":46,"gold_loss":0},{"damage_healed":0,"gold_gain":0,"player_choice":"Fight","damage_taken":0,"max_hp_gain":0,"max_hp_loss":0,"event_name":"Mysterious Sphere","floor":48,"gold_loss":0}],"is_beta":false,"boss_relics":[{"not_picked":["Replay:Ancient Bell","Velvet Choker"],"picked":"Replay:Wanted Poster"},{"not_picked":["Calling Bell","Runic Dome"],"picked":"Nuclear Battery"}],"items_purged_floors":[3,10,39],"is_endless":false,"potions_floor_spawned":[1,2,6,7,11,13,14,16,18,23,25,29,30,31,33,35,36,37,38,40,41,45],"killed_by":"2 Orb Walkers","ascension_level":0}}