{"host":"daa8jqyg4gqfaysm","time":1614120640,"event":{"mods":["BaseMod","Colored Powertips","Minty Spire (QoL Compilation)","StSLib"],"gold_per_floor":[117,132,147,147,163,163,194,194,194,223,235,59,59,89,89,162,162,172,72,72,87,87,87,87,87],"floor_reached":24,"language":"ENG","playtime":719,"items_purged":["Strike_R","Strike_R"],"score":428,"play_id":"d69e7dff-43aa-4b52-a99e-a101e892cde6","local_time":"20210223175040","is_ascension_mode":true,"campfire_choices":[{"data":"Bash","floor":6.0,"key":"SMITH"},{"data":"Clothesline","floor":8.0,"key":"SMITH"},{"data":"Armaments","floor":15.0,"key":"SMITH"},{"floor":23,"key":"REST"}],"circlet_count":0,"master_deck":["AscendersBane","Strike_R","Strike_R","Strike_R","Defend_R","Defend_R","Defend_R","Defend_R","Bash+1","Clothesline+1","Clash","Intimidate","Wild Strike","Reaper","Brutality","Anger","Flex","Armaments+1","Warcry","Barricade+1","Headbutt","Writhe"],"relics":["Burning Blood","Ice Cream","StoneCalendar","Gambling Chip","Happy Flower","Torii","Mummified Hand","Sozu","StrikeDummy"],"acts_visited":["Exordium","TheCity"],"potions_floor_usage":[],"damage_taken":[{"damage":7.0,"enemies":"Cultist","floor":1.0,"turns":4.0},{"damage":7.0,"enemies":"Jaw Worm","floor":2.0,"turns":3.0},{"damage":7.0,"enemies":"Small Slimes","floor":3.0,"turns":3.0},{"damage":10.0,"enemies":"Red Slaver","floor":5.0,"turns":5.0},{"damage":15.0,"enemies":"Lagavulin","floor":7.0,"turns":7.0},{"damage":25.0,"enemies":"3 Sentries","floor":10.0,"turns":7.0},{"damage":12.0,"enemies":"2 Fungi Beasts","floor":11.0,"turns":3.0},{"damage":11.0,"enemies":"Lagavulin","floor":14.0,"turns":5.0},{"damage":27,"enemies":"Hexaghost","floor":16,"turns":9},{"damage":36,"enemies":"2 Thieves","floor":18,"turns":4},{"damage":15,"enemies":"Shell Parasite","floor":21,"turns":5},{"damage":67,"enemies":"Book of Stabbing","floor":24,"turns":6}],"seed_played":"-2855982318558544643","potions_obtained":[{"floor":2.0,"key":"DuplicationPotion"},{"floor":11.0,"key":"Weak Potion"},{"floor":16,"key":"DistilledChaos"}],"is_trial":false,"path_per_floor":["M","M","M","?","M","R","E","R","T","E","M","$","?","E","R","B",null,"M","$","?","M","?","R","E"],"character_chosen":"IRONCLAD","items_purchased":["Flex","Armaments"],"campfire_rested":1,"item_purchase_floors":[12,12],"current_hp_per_floor":[67,66,65,65,61,61,52,52,52,41,43,43,43,38,38,21,62,40,40,40,31,31,53,0,0],"gold":87,"neow_bonus":"THREE_CARDS","is_daily":false,"chose_seed":false,"campfire_upgraded":3,"win_rate":0.0,"timestamp":1614120640,"path_taken":["M","?","M","?","?","R","E","R","T","E","?","$","?","E","R","BOSS","M","$","?","?","?","R","E"],"items_purchased_type":["Card","Card"],"build_version":"2020-12-22","purchased_purges":2,"victory":false,"max_hp_per_floor":[75,75,75,75,75,75,75,75,75,75,75,75,75,75,75,75,75,75,75,75,75,75,75,75,75],"card_choices":[{"not_picked":["Thunderclap","Seeing Red"],"picked":"Clothesline","floor":0.0},{"not_picked":["Havoc","Feel No Pain"],"picked":"Clash","floor":1.0},{"not_picked":["True Grit","Pummel"],"picked":"Twin Strike","floor":2.0},{"not_picked":["Infernal Blade","Clash"],"picked":"Intimidate","floor":3.0},{"not_picked":["Armaments","Feel No Pain"],"picked":"Wild Strike","floor":5.0},{"not_picked":["Perfected Strike","Fire Breathing"],"picked":"Reaper","floor":7.0},{"not_picked":["Anger","Exhume"],"picked":"Brutality","floor":10.0},{"not_picked":["Sword Boomerang","Rampage"],"picked":"Anger","floor":11.0},{"not_picked":["Brutality","Pummel"],"picked":"Warcry","floor":14.0},{"not_picked":["Impervious","Brutality"],"picked":"Barricade","floor":16},{"not_picked":["Intimidate","Twin Strike"],"picked":"Headbutt","floor":18},{"not_picked":["Twin Strike","Cleave","Armaments"],"picked":"SKIP","floor":21}],"player_experience":877477,"relics_obtained":[{"floor":7.0,"key":"StoneCalendar"},{"floor":9.0,"key":"Gambling Chip"},{"floor":10.0,"key":"Happy Flower"},{"floor":14.0,"key":"Mummified Hand"}],"event_choices":[{"cards_removed":["Twin Strike"],"damage_healed":0.0,"max_hp_gain":0.0,"max_hp_loss":0.0,"gold_gain":0.0,"event_name":"WeMeetAgain","player_choice":"Gave Card","floor":4.0,"gold_loss":0.0,"damage_taken":0.0,"relics_obtained":["Ice Cream"]},{"damage_healed":0.0,"max_hp_gain":0.0,"max_hp_loss":0.0,"gold_gain":0.0,"event_name":"Dead Adventurer","player_choice":"Searched \u00271\u0027 times","floor":13.0,"gold_loss":0.0,"damage_taken":0.0,"relics_obtained":["Torii"]},{"damage_healed":0,"gold_gain":0,"player_choice":"Forge","damage_taken":0,"max_hp_gain":0,"max_hp_loss":0,"event_name":"Accursed Blacksmith","floor":20,"gold_loss":0,"cards_upgraded":["Barricade"]},{"damage_healed":0,"gold_gain":0,"player_choice":"Opened","damage_taken":0,"relics_obtained":["StrikeDummy"],"max_hp_gain":0,"max_hp_loss":0,"event_name":"The Mausoleum","floor":22,"gold_loss":0,"cards_obtained":["Writhe"]}],"is_beta":false,"boss_relics":[{"not_picked":["Runic Dome","Pandora\u0027s Box"],"picked":"Sozu"}],"items_purged_floors":[12,19],"is_endless":false,"potions_floor_spawned":[2,11,16],"killed_by":"Book of Stabbing","ascension_level":20}}