{"host":"c1oza4x7xlyuasvd","time":1614097516,"event":{"mods":["ATMod(°¢èªMod)","Act Like it!","BaseMod","Better Vampires","Colored Powertips","Gensokyo","Marisa£¨ìFÓê¡¡Ä§ÀíÉ³£©","Minty Spire (QoL Compilation)","MostiFishMod","Reimu£¨²©ÀöÁéÃÎ£©","StSLib","TestMod","The Animator","Waifu the Spire","Youmu£¨»êÆÇÑýÃÎ£©"],"gold_per_floor":[-1285,-1285,-1267,-1267,-1257,-1230,-1230,-1197,-1197,-797,-797,-797,-797,-783,-783,-709,-709,-696,-696,-678,-659,-659,-631,-631,-599,-574,-549,-523,-504,-485,-451,-451,-380,-380,-368,-348,-348,-338,-321,-295,-295,-262,-262,-248,-231,-202,-202,-174,-174,-174],"floor_reached":51,"language":"ZHS","playtime":1557,"items_purged":[],"score":2073,"play_id":"d023e29f-4900-474e-baa4-defbde372097","local_time":"20210224002516","is_ascension_mode":true,"campfire_choices":[{"data":"Concentrate","floor":7.0,"key":"SMITH"},{"data":"Reflex","floor":11.0,"key":"SMITH"},{"data":"Acrobatics","floor":13.0,"key":"SMITH"},{"data":"Calculated Gamble","floor":15.0,"key":"SMITH"},{"data":"Blade Dance","floor":24,"key":"SMITH"},{"data":"AT_ChampionStep","floor":32,"key":"SMITH"},{"data":"MostiFishMod:AdrenalineArouse","floor":41,"key":"SMITH"},{"data":"MostiFishMod:Listen","floor":47,"key":"SMITH"},{"data":"AT_KneejerkReflex","floor":49,"key":"SMITH"}],"circlet_count":0,"master_deck":["AscendersBane","Strike_G","Strike_G","Strike_G","Strike_G","Defend_G","Defend_G+1","Survivor","Neutralize","AT_ChampionStep+1","MostiFishMod:Listen+1","Concentrate+1","Clumsy","Reflex+1","MostiFishMod:InvigoratingSolution+1","Acrobatics+1","Blade Dance+1","Calculated Gamble+1","Escape Plan","Dagger Spray","Writhe","AT_EssenceShift","AT_WomanClash","Riddle With Holes","MostiFishMod:AdrenalineArouse+1","AT_Desolate","Reflex+1","AT_KneejerkReflex+1","Backflip","Tactician+1","Escape Plan"],"relics":["Ring of the Snake","AT_ATBox","DaveBox","testmod-HeartOfStrike","SynthV:MejaisSoulstealer","SynthV:TestCard","Gensokyo:NagashiBinaDoll","AT_BellDemon","Letter Opener","testmod-CyclicPeriapt","HornCleat","War Paint","AT_EbonyIvory","OneHitWonderSystem","testmod-AssaultLearning","Gensokyo:SongOfSouls","The Courier","testmod-TurbochargingSystem","RuthlessExorcism:ReiMu","MealTicket","AT_SpeedBoots","Centennial Puzzle","Juzu Bracelet","Orichalcum","Boot","Bag of Marbles","Lantern","testmod-ArcanaOfDestiny","testmod-Hope","Toy Ornithopter","RhineCircuit","Pear","Bird Faced Urn","testmod-Antiphasic","Regal Pillow","AT_Manta","AT_BladeRuinedKing","AT_GuinsooRageblade","Smiling Mask","Bronze Scales","Snake Skull","testmod-CrystalShield","Pantograph","Dream Catcher","AT_ImmortalShieldbow","Shuriken"],"acts_visited":["Exordium","Gensokyo:Gensokyo","Gensokyo:Gensokyoer"],"potions_floor_usage":[16],"damage_taken":[{"damage":0.0,"enemies":"Gensokyo:3_Fairies","floor":1.0,"turns":3.0},{"damage":0.0,"enemies":"Gensokyo:Python","floor":3.0,"turns":1.0},{"damage":0.0,"enemies":"Gensokyo:2_Kodama","floor":5.0,"turns":2.0},{"damage":0.0,"enemies":"Gensokyo:Cirno","floor":6.0,"turns":6.0},{"damage":0.0,"enemies":"Gensokyo:Mamizou","floor":8.0,"turns":3.0},{"damage":0.0,"enemies":"Gensokyo:LivingMonolith","floor":14.0,"turns":1.0},{"damage":6,"enemies":"Gensokyo:Yukari","floor":16,"turns":5},{"damage":0,"enemies":"Gensokyo:3_Dogs","floor":18,"turns":2},{"damage":0,"enemies":"Gensokyo:CosmicMonolith","floor":20,"turns":1},{"damage":0,"enemies":"Gensokyo:Wraith","floor":21,"turns":3},{"damage":0,"enemies":"Gensokyo:Koishi","floor":23,"turns":3},{"damage":0,"enemies":"Gensokyo:Tenshi","floor":25,"turns":2},{"damage":0,"enemies":"Gensokyo:Reisen","floor":28,"turns":1},{"damage":0,"enemies":"Gensokyo:Swordslinger","floor":29,"turns":2},{"damage":0,"enemies":"Gensokyo:Slime_Group","floor":30,"turns":2},{"damage":0,"enemies":"Gensokyo:Koishi","floor":31,"turns":2},{"damage":0,"enemies":"Gensokyo:Eternal_Rivals","floor":33,"turns":3},{"damage":0,"enemies":"Gensokyo:AncientGuardian","floor":35,"turns":3},{"damage":0,"enemies":"Gensokyo:3_Boulders","floor":36,"turns":1},{"damage":0,"enemies":"Gensokyo:AtlasGolem","floor":38,"turns":2},{"damage":0,"enemies":"Gensokyo:Sharpion","floor":39,"turns":2},{"damage":0,"enemies":"Gensokyo:Marisa","floor":40,"turns":2},{"damage":0,"enemies":"Gensokyo:Kasen","floor":42,"turns":2},{"damage":0,"enemies":"Gensokyo:3_Boulders","floor":44,"turns":1},{"damage":0,"enemies":"Gensokyo:Dusk_and_Dawn","floor":45,"turns":2},{"damage":0,"enemies":"Gensokyo:Doremy","floor":46,"turns":2},{"damage":0,"enemies":"Gensokyo:Kasen","floor":48,"turns":2},{"damage":0,"enemies":"Gensokyo:Scarlet_Devils","floor":50,"turns":2}],"seed_played":"-4585906176365203337","potions_obtained":[{"floor":3.0,"key":"ZuzhouPotion:ReiMu"},{"floor":5.0,"key":"EssenceOfSteel"},{"floor":18,"key":"EssenceOfSteel"},{"floor":31,"key":"ZuzhouPotion:ReiMu"}],"is_trial":false,"path_per_floor":["M","?","M","?","M","E","R","E","T","?","R","?","R","M","R","B",null,"M","?","M","M","?","E","R","E","T","T","E","M","M","E","R","B",null,"M","M","?","M","M","E","R","E","T","M","M","E","R","E","R","B",null],"character_chosen":"THE_SILENT","items_purchased":[],"campfire_rested":0,"item_purchase_floors":[],"current_hp_per_floor":[59,59,59,59,59,59,59,59,59,59,59,59,59,59,59,53,1,1,1,1,1,1,1,1,1,1,1,1,1,1,1,1,1,1,11,1,1,1,1,1,1,1,1,1,1,1,1,1,1,1],"gold":-174,"neow_bonus":"ONE_RANDOM_RARE_CARD","is_daily":false,"chose_seed":false,"campfire_upgraded":9,"win_rate":0.0,"timestamp":1614097516,"path_taken":["M","?","M","?","M","E","R","E","T","?","R","?","R","M","R","BOSS","M","?","?","M","?","E","R","E","T","?","E","M","M","E","R","BOSS","M","M","?","M","M","E","R","E","T","M","M","E","R","E","R","BOSS"],"items_purchased_type":[],"build_version":"2020-12-22","purchased_purges":0,"victory":true,"max_hp_per_floor":[66,66,66,66,66,66,66,66,66,66,66,66,66,66,66,66,1,1,1,1,1,1,1,1,1,1,1,1,1,1,1,1,1,1,11,1,1,1,1,1,1,1,1,1,1,1,1,1,1,1],"card_choices":[{"not_picked":["Quick Slash","Dodge and Roll","Slice"],"picked":"SKIP","floor":1.0},{"not_picked":["Quick Slash","Flying Knee","Endless Agony","Dagger Spray"],"picked":"Concentrate","floor":3.0},{"not_picked":["AT_WindFlip","Glass Knife","PiercingWail","Dodge and Roll"],"picked":"Reflex","floor":5.0},{"not_picked":["Quick Slash","Leg Sweep","Bane","Dagger Throw","Crippling Poison"],"picked":"SKIP","floor":6.0},{"not_picked":["Flying Knee","Prepared","Blur","Dodge and Roll"],"picked":"MostiFishMod:InvigoratingSolution","floor":8.0},{"not_picked":["Prepared","Dagger Throw","PiercingWail","AT_WindFlip"],"picked":"Acrobatics","floor":12.0},{"not_picked":["Acrobatics","Night Terror","Dodge and Roll","Deadly Poison"],"picked":"Blade Dance","floor":12.0},{"not_picked":["AT_ArcaneSupremacy","Sucker Punch","AT_WindFlip","Leg Sweep"],"picked":"Calculated Gamble","floor":14.0},{"not_picked":["AT_EssenceShift","A Thousand Cuts","Night Terror","Bullet Time"],"picked":"Die Die Die","floor":16},{"not_picked":["Quick Slash","Concentrate","Dagger Throw","MostiFishMod:FrostNova","Acrobatics+1"],"picked":"SKIP","floor":18},{"not_picked":["AT_KneejerkReflex","AT_ShadowStep+1","Distraction","Tools of the Trade"],"picked":"Escape Plan","floor":20},{"not_picked":["Setup","Dagger Throw","Noxious Fumes","AT_WindFlip"],"picked":"Dagger Spray","floor":21},{"not_picked":["Noxious Fumes","Sucker Punch","Bane","Blade Dance"],"picked":"AT_EssenceShift","floor":23},{"not_picked":["Dagger Spray","Flying Knee","AT_TwilightShroud","Dagger Throw"],"picked":"AT_WomanClash","floor":25},{"not_picked":["Prepared","Riddle With Holes+1","Flying Knee","Blade Dance"],"picked":"MostiFishMod:FullyArmed","floor":28},{"not_picked":["Deflect","PiercingWail","Quick Slash","Dagger Spray","Grand Finale"],"picked":"SKIP","floor":29},{"not_picked":["Dagger Throw","Dagger Spray","Outmaneuver","Blade Dance"],"picked":"Riddle With Holes","floor":30},{"not_picked":["Bullet Time","Backstab+1","Leg Sweep","Deadly Poison","Tools of the Trade"],"picked":"SKIP","floor":31},{"not_picked":["MostiFishMod:SpreadingSpore","Burst","MostiFishMod:GrandStart","MostiFishMod:HiddenBlade"],"picked":"MostiFishMod:AdrenalineArouse","floor":33},{"not_picked":["Dodge and Roll","Dagger Spray+1","Bane+1","Dash+1","Blur"],"picked":"SKIP","floor":35},{"not_picked":["Slice","Quick Slash","Deflect","Cloak And Dagger"],"picked":"AT_Desolate","floor":36},{"not_picked":["Skewer+1","Deflect+1","Sucker Punch","Caltrops"],"picked":"Reflex+1","floor":38},{"not_picked":["AT_WomanClash","Underhanded Strike+1","Endless Agony","Calculated Gamble+1","Blade Dance"],"picked":"SKIP","floor":39},{"not_picked":["Cloak And Dagger","Flying Knee+1","AT_WindFlip","Envenom"],"picked":"AT_KneejerkReflex","floor":40},{"not_picked":["MostiFishMod:FrostNova","MostiFishMod:PerfectParry","Quick Slash+1","Terror","MostiFishMod:PoisonShield"],"picked":"SKIP","floor":42},{"not_picked":["Slice","AT_WindFlip+1","Acrobatics","AT_WomanClash"],"picked":"Backflip","floor":44},{"not_picked":["Crippling Poison+1","Skewer","Deflect","Flying Knee+1"],"picked":"Tactician+1","floor":45},{"not_picked":["Acrobatics","MostiFishMod:ThornCasing+1","Noxious Fumes","Predator"],"picked":"Escape Plan","floor":46},{"not_picked":["AT_ArcaneSupremacy","Eviscerate","Setup","MostiFishMod:PerfectParry+1","Bane"],"picked":"SKIP","floor":48}],"player_experience":271949,"relics_obtained":[{"floor":1.0,"key":"SynthV:TestCard"},{"floor":6.0,"key":"AT_BellDemon"},{"floor":8.0,"key":"Letter Opener"},{"floor":8.0,"key":"testmod-CyclicPeriapt"},{"floor":9.0,"key":"HornCleat"},{"floor":14.0,"key":"War Paint"},{"floor":16,"key":"AT_EbonyIvory"},{"floor":18,"key":"testmod-AssaultLearning"},{"floor":20,"key":"The Courier"},{"floor":21,"key":"testmod-TurbochargingSystem"},{"floor":23,"key":"RuthlessExorcism:ReiMu"},{"floor":23,"key":"MealTicket"},{"floor":25,"key":"AT_SpeedBoots"},{"floor":25,"key":"Centennial Puzzle"},{"floor":27,"key":"Juzu Bracelet"},{"floor":28,"key":"Orichalcum"},{"floor":28,"key":"Boot"},{"floor":29,"key":"Bag of Marbles"},{"floor":30,"key":"Lantern"},{"floor":31,"key":"testmod-ArcanaOfDestiny"},{"floor":31,"key":"testmod-Hope"},{"floor":33,"key":"Toy Ornithopter"},{"floor":35,"key":"Pear"},{"floor":36,"key":"Bird Faced Urn"},{"floor":38,"key":"testmod-Antiphasic"},{"floor":39,"key":"Regal Pillow"},{"floor":40,"key":"AT_Manta"},{"floor":40,"key":"AT_BladeRuinedKing"},{"floor":42,"key":"AT_GuinsooRageblade"},{"floor":42,"key":"Smiling Mask"},{"floor":43,"key":"Bronze Scales"},{"floor":44,"key":"Snake Skull"},{"floor":45,"key":"testmod-CrystalShield"},{"floor":46,"key":"Pantograph"},{"floor":46,"key":"Dream Catcher"},{"floor":48,"key":"AT_ImmortalShieldbow"},{"floor":48,"key":"Shuriken"}],"event_choices":[{"damage_healed":0.0,"max_hp_gain":0.0,"max_hp_loss":0.0,"gold_gain":0.0,"event_name":"¸ø×Ô¼ºµÄºÐ×Ó","player_choice":"Ignored","floor":2.0,"gold_loss":0.0,"damage_taken":0.0},{"damage_healed":0.0,"max_hp_gain":0.0,"max_hp_loss":0.0,"gold_gain":400.0,"event_name":"¶÷ÂåË¹µÄÅÌ×Ó","player_choice":"Sell","floor":10.0,"relics_lost":["testmod-TestBox"],"gold_loss":0.0,"damage_taken":0.0}],"is_beta":false,"boss_relics":[{"not_picked":["Coffee Dripper","GreenFoldingFan"],"picked":"OneHitWonderSystem"},{"not_picked":["EE1DDrone","TimeKeys"],"picked":"RhineCircuit"}],"items_purged_floors":[],"is_endless":false,"potions_floor_spawned":[3,5,6,18,20,21,29,31,36,40,42,48],"ascension_level":16}}