{"host":"og21o26alpnbwmz8","time":1614099316,"event":{"mods":["2.2 Compatiblity","Act Like it!","Aspiration","BaseMod","Conspire","Downfall","Gensokyo","Halation","Hermit","Hubris","Jedi Mod","Mimic Mod","Minty Spire (QoL Compilation)","Pale of the Ancients","Reliquary","Replay The Spire","Shop Mod","Spikes Relics","StSLib","The Alterego","The Animator","The Blue Laboratory","The Bug Knight","Waifu the Spire","Yuri Mod"],"gold_per_floor":[117,117,156,173,173,210,210,245,272,272,291,314,3,3,3,3,3],"floor_reached":16,"language":"ENG","playtime":1008,"items_purged":[],"score":100,"play_id":"fc629acd-3d6a-4b59-a19c-922b7679b6c5","local_time":"20210223115516","is_ascension_mode":false,"campfire_choices":[{"data":"animator:LizardPriest","floor":7,"key":"SMITH"},{"data":"animator:GuildGirl","floor":10,"key":"SMITH"},{"data":"animator:DwarfShaman","floor":15,"key":"SMITH"}],"circlet_count":0,"master_deck":["animator:Strike_GoblinSlayer","animator:Defend_GoblinSlayer","animator:Defend+1","animator:Defend","animator:Defend+1","animator:LizardPriest+1","animator:DwarfShaman+1","animator:Guy","animator:GuildGirl+1","animator:DwarfShaman","animator:Aqua+1","animator:HighElfArcher","animator:Boros"],"relics":["animator:LivingPicture","animator:TheMissingPiece","halation:PinkSoulGem","War Paint","HollowMod:PaleOreRelic","Replay:PocketPolymizer"],"acts_visited":["Exordium"],"potions_floor_usage":[16],"damage_taken":[{"damage":0,"enemies":"Gensokyo:3_Fairies","floor":1,"turns":5},{"damage":11,"enemies":"conspire:MimicChest","floor":3,"turns":6},{"damage":4,"enemies":"Gensokyo:Gryphon","floor":4,"turns":4},{"damage":2,"enemies":"Gensokyo:Mamizou","floor":6,"turns":8},{"damage":0,"enemies":"Gensokyo:2_Kodama","floor":8,"turns":5},{"damage":1,"enemies":"Gensokyo:CorruptedTreant","floor":11,"turns":5},{"damage":2,"enemies":"Gensokyo:Gryphon_and_Rabbit","floor":12,"turns":7},{"damage":5,"enemies":"Gensokyo:Reimu","floor":16,"turns":9}],"seed_played":"1888050733456210642","potions_obtained":[{"floor":3,"key":"Weak Potion"},{"floor":4,"key":"AttackPotion"},{"floor":6,"key":"blueLaboratory:BottleOfRum"}],"is_trial":false,"path_per_floor":["M","?","?","M","?","E","R","M","T","R","M","M","$","?","R","B"],"character_chosen":"THE_ANIMATOR","items_purchased":["Replay:PocketPolymizer"],"campfire_rested":0,"item_purchase_floors":[13],"current_hp_per_floor":[60,60,52,51,51,52,52,55,55,55,57,58,58,58,58,55,55],"gold":3,"neow_bonus":"TRANSFORM_TWO_CARDS","is_daily":false,"chose_seed":false,"campfire_upgraded":3,"win_rate":0.0,"timestamp":1614099316,"path_taken":["M","?","?","?","?","E","R","M","T","R","M","M","?","?","R","BOSS"],"items_purchased_type":["Relic"],"build_version":"2020-12-22","purchased_purges":0,"victory":false,"max_hp_per_floor":[60,60,60,60,60,60,60,60,60,60,60,60,60,60,60,60,60],"card_choices":[{"not_picked":["animator:Cocytus","animator:LeleiLaLalena"],"picked":"animator:DwarfShaman","floor":1},{"not_picked":["animator:DwarfShaman","animator:HighElfArcher","animator:Ciel"],"picked":"SKIP","floor":4},{"not_picked":["animator:RoryMercury","animator:Wiz","animator:Chris"],"picked":"SKIP","floor":6},{"not_picked":["animator:Priestess","animator:Spearman"],"picked":"animator:HighElfArcher","floor":8},{"not_picked":["animator:Wiz","animator:Arpeggio","animator:Ciel"],"picked":"SKIP","floor":11},{"not_picked":["animator:Darkness","animator:Mitsurugi","animator:TukaLunaMarceau"],"picked":"SKIP","floor":12}],"player_experience":420115,"relics_obtained":[{"floor":6,"key":"War Paint"},{"floor":9,"key":"HollowMod:PaleOreRelic"}],"event_choices":[],"is_beta":false,"boss_relics":[],"items_purged_floors":[],"is_endless":false,"potions_floor_spawned":[3,4,6,8],"killed_by":"Gensokyo:Reimu","ascension_level":0}}