{"host":"0ke4ewd6kv0tgkyi","time":1614038837,"event":{"mods":["2.2 Compatiblity","Act Like it!","Aspiration","BaseMod","Conspire","Elementarium","Gensokyo","Gremlin Mod","Hallownest","Hermit","Highlight Path","Hubris","JesterMod","Menagerie","Minty Spire (QoL Compilation)","Pale of the Ancients","Permanent Neow","Quarter Circle Forward PUNCH!","Reliquary","Ruina","Shade Mod","StSLib","The Alterego","The Bug Knight","The Gatherer","The Judge","The Valiant","The Wild Card","The Witch","TheVacant","Yuri Mod","thorton"],"gold_per_floor":[109,109,125,138,63,63,82,116,170,170,30,50,66,91,103,212,224,256,284,296,308,34,34,66,66,66,77,93,106,106,117,117,218,218,235,254,270,195,195,221,237,237,237,30,130,144,162,177,177,177,188,188,188],"floor_reached":52,"language":"ENG","playtime":5826,"items_purged":["theVacant:VacantStarterDefend","theVacant:VacantStarterStrike","theVacant:VacantStarterStrike"],"score":660,"play_id":"7a31e1e0-6e32-4188-9fd6-9b07c579d226","local_time":"20210222160717","is_ascension_mode":false,"campfire_choices":[{"data":"theVacant:Yeet","floor":6,"key":"SMITH"},{"data":"theVacant:Yeet","floor":15,"key":"SMITH"},{"data":"Choke","floor":25,"key":"SMITH"},{"data":"theVacant:Return","floor":32,"key":"SMITH"},{"data":"theVacant:Exorcise","floor":42,"key":"SMITH"},{"data":"theVacant:Unearth","floor":49,"key":"SMITH"}],"circlet_count":0,"master_deck":["theVacant:VacantStarterDefend","theVacant:VacantStarterDefend","theVacant:Release+1","theVacant:Crunch+1","theVacant:Yeet+1","PanicButton","theVacant:Spinshield","theVacant:BurdenBreak+1","theVacant:Reconnect","theVacant:Yeet+1","theVacant:ReaperStrike","theVacant:Expand","theVacant:LichStrike","theVacant:ForgeSoul","theVacant:Anguish+1","theVacant:BrassMagnet","Choke+1","Dagger Throw","hubris:TrickCloak","theVacant:Voidstone","theVacant:Whip+1","theVacant:LichStrike","theVacant:VoidEmbrace+1","theVacant:Return+1","theVacant:Exorcise+1","theVacant:Yeet+1","theVacant:SurpriseAttack","theVacant:Voidstone","theVacant:Unearth+1","theVacant:SpiritOrb","theVacant:LichStrike","theVacant:Husk+1","theVacant:LichStrike","theVacant:Reconnect+1"],"relics":["theVacant:BrassGoblet","Calipers","reliquary:Buckler","qcfpunch:Wrestler\u0027s_Cloak","MawBank","Coffee Dripper","Membership Card","qcfpunch:Lotus_Statue","Potion Belt","thethorton:BottledFunds","aspiration:Nostalgia","WordoMod:Obsidian","conspire:BottledYoYo","qcfpunch:Wild_Herbs_Ointment","reliquary:FingerTrap","paleoftheancients:Timepiece","paleoftheancients:KeyRelic","Letter Opener","CultistMask"],"acts_visited":["Exordium","Exordium","TheBeyond","TheBeyond"],"potions_floor_usage":[14,14,16,16,16,18,24,24,27,33,33,40,46,50,51],"damage_taken":[{"damage":0,"enemies":"Cultist","floor":1,"turns":4},{"damage":0,"enemies":"Jaw Worm","floor":3,"turns":1},{"damage":1,"enemies":"Small Slimes","floor":4,"turns":3},{"damage":0,"enemies":"Exordium Wildlife","floor":7,"turns":2},{"damage":10,"enemies":"Gremlin Nob","floor":8,"turns":4},{"damage":0,"enemies":"3 Louse","floor":12,"turns":2},{"damage":0,"enemies":"Blue Slaver","floor":13,"turns":1},{"damage":5,"enemies":"HollowMod:MossKnight","floor":14,"turns":4},{"damage":7,"enemies":"Slime Boss","floor":16,"turns":9},{"damage":0,"enemies":"ruina:BadWolf","floor":18,"turns":1},{"damage":17,"enemies":"ruina:Nosferatu","floor":19,"turns":5},{"damage":20,"enemies":"ruina:RoadHome","floor":24,"turns":4},{"damage":30,"enemies":"ruina:KnightOfDespair","floor":27,"turns":3},{"damage":4,"enemies":"ruina:KingOfGreed","floor":28,"turns":3},{"damage":30,"enemies":"ruina:QueenOfHate","floor":29,"turns":3},{"damage":9,"enemies":"ruina:Woodsman","floor":31,"turns":3},{"damage":22,"enemies":"ruina:Ozma","floor":33,"turns":6},{"damage":12,"enemies":"3 Shapes","floor":35,"turns":3},{"damage":8,"enemies":"Orb Walker","floor":36,"turns":3},{"damage":7,"enemies":"4 Shapes","floor":37,"turns":4},{"damage":27,"enemies":"Giant Head","floor":40,"turns":6},{"damage":16,"enemies":"Transient","floor":41,"turns":5},{"damage":3,"enemies":"Writhing Mass","floor":46,"turns":3},{"damage":16,"enemies":"4 Shapes","floor":47,"turns":3},{"damage":3,"enemies":"Maw","floor":48,"turns":4},{"damage":52,"enemies":"hubris:GrandSnecko","floor":50,"turns":9},{"damage":121,"enemies":"hubris:GrandSnecko","floor":51,"turns":5},{"damage":4,"enemies":"hubris:GrandSnecko","floor":52,"turns":2}],"seed_played":"6326631540089269104","potions_obtained":[{"floor":4,"key":"Energy Potion"},{"floor":7,"key":"GamblersBrew"},{"floor":12,"key":"FearPotion"},{"floor":14,"key":"EntropicBrew"},{"floor":27,"key":"AttackPotion"},{"floor":28,"key":"Strength Potion"},{"floor":29,"key":"Block Potion"},{"floor":35,"key":"Regen Potion"},{"floor":37,"key":"Block Potion"}],"is_trial":false,"path_per_floor":["M","?","M","M","$","R","M","E","T","?","$","M","M","E","R","B",null,"M","M","?","?","$","?","E","R","T","M","M","M","$","M","R","B",null,"M","M","M","$","?","E","M","R","T","$","?","M","M","M","R","B","M","M"],"character_chosen":"THE_VACANT","items_purchased":["theVacant:Yeet","Membership Card","theVacant:BrassMagnet","EntropicBrew","aspiration:Nostalgia","reliquary:FingerTrap","DistilledChaos","DuplicationPotion","theVacant:Unearth","theVacant:SpiritOrb"],"campfire_rested":0,"item_purchase_floors":[11,22,22,22,38,44,44,44,44,44],"current_hp_per_floor":[72,72,72,71,71,71,71,61,61,61,61,61,61,58,58,59,76,76,67,67,75,75,75,58,58,58,58,54,42,42,48,48,52,91,93,92,93,93,93,68,70,70,70,70,70,87,71,79,79,99,63,59,59],"gold":188,"neow_bonus":"ONE_RARE_RELIC","is_daily":false,"chose_seed":false,"campfire_upgraded":6,"win_rate":0.0,"timestamp":1614038837,"path_taken":["M","?","M","M","?","R","M","E","T","?","$","M","?","E","R","BOSS","M","M","?","?","$","?","E","R","T","M","M","?","?","M","R","BOSS","M","?","M","$","?","E","M","R","T","$","?","M","M","M","R","BOSS","M","M"],"items_purchased_type":["Card","Relic","Card","Potion","Relic","Relic","Potion","Potion","Card","Card"],"build_version":"2020-12-22","purchased_purges":3,"victory":false,"max_hp_per_floor":[72,72,72,72,72,72,72,72,72,72,72,72,72,74,74,76,76,76,78,78,86,86,86,89,89,89,89,89,89,89,89,89,91,91,93,93,93,93,93,95,97,97,97,97,97,99,99,99,99,99,107,107,107],"card_choices":[{"not_picked":["theVacant:Whip","theVacant:Jab"],"picked":"theVacant:Yeet","floor":1},{"not_picked":["theVacant:CursedBlast","theVacant:Jab","theVacant:OnSecondThought"],"picked":"SKIP","floor":3},{"not_picked":["theVacant:Spinshield","theVacant:EmbraceDarkness","theVacant:Whip"],"picked":"SKIP","floor":4},{"not_picked":["theVacant:Spinshield","theVacant:Barrage"],"picked":"theVacant:BurdenBreak","floor":7},{"not_picked":["theVacant:WaitInWrath","theVacant:Barrage"],"picked":"theVacant:Reconnect","floor":8},{"not_picked":["theVacant:EmptyShield","theVacant:Enrage"],"picked":"theVacant:ReaperStrike","floor":12},{"not_picked":["theVacant:Sneeze","theVacant:Throttle"],"picked":"theVacant:Expand","floor":13},{"not_picked":["theVacant:Snowball","theVacant:Carve"],"picked":"theVacant:LichStrike","floor":14},{"not_picked":["theVacant:DeathSpiral","theVacant:Exorcise"],"picked":"theVacant:ForgeSoul","floor":16},{"not_picked":["theVacant:Cower+1","theVacant:Spinshield","theVacant:EyePoke"],"picked":"SKIP","floor":18},{"not_picked":["theVacant:EmbraceDarkness","theVacant:Soothe"],"picked":"theVacant:Anguish+1","floor":19},{"not_picked":["theVacant:EyePoke","theVacant:Snowball"],"picked":"theVacant:Voidstone","floor":24},{"not_picked":["theVacant:Cower","theVacant:Dig"],"picked":"theVacant:Whip+1","floor":27},{"not_picked":["theVacant:ShriekingBlast+1","theVacant:CursedBlast"],"picked":"theVacant:LichStrike","floor":28},{"not_picked":["theVacant:EmptyShield","theVacant:Barrage"],"picked":"theVacant:VoidEmbrace+1","floor":29},{"not_picked":["theVacant:EmbraceDarkness","theVacant:Fling"],"picked":"theVacant:Return","floor":31},{"not_picked":["theVacant:Prevent","theVacant:DeathSpiral"],"picked":"theVacant:Exorcise","floor":33},{"not_picked":["theVacant:GraveWave+1","theVacant:Immaterialize","theVacant:Soothe"],"picked":"SKIP","floor":35},{"not_picked":["theVacant:Acceptance+1","theVacant:GraveWave+1"],"picked":"theVacant:Yeet+1","floor":36},{"not_picked":["theVacant:BellToll","theVacant:Snowball"],"picked":"theVacant:SurpriseAttack","floor":37},{"not_picked":["theVacant:GraveDigger","theVacant:Thoughtseize"],"picked":"theVacant:Voidstone","floor":40},{"not_picked":["theVacant:Snowball+1","theVacant:Cower","theVacant:Spinshield"],"picked":"SKIP","floor":41},{"not_picked":["theVacant:Unearth","theVacant:EmptyShield"],"picked":"theVacant:LichStrike","floor":46},{"not_picked":["theVacant:FranticBlow","theVacant:Spinshield"],"picked":"theVacant:Husk+1","floor":47},{"not_picked":["theVacant:Husk","theVacant:Return"],"picked":"theVacant:LichStrike","floor":48},{"not_picked":["theVacant:Spinshield","theVacant:Dig+1"],"picked":"theVacant:Reconnect+1","floor":51}],"player_experience":1057348,"relics_obtained":[{"floor":8,"key":"reliquary:Buckler"},{"floor":9,"key":"qcfpunch:Wrestler\u0027s_Cloak"},{"floor":14,"key":"MawBank"},{"floor":24,"key":"qcfpunch:Lotus_Statue"},{"floor":26,"key":"Potion Belt"},{"floor":40,"key":"conspire:BottledYoYo"},{"floor":43,"key":"qcfpunch:Wild_Herbs_Ointment"}],"event_choices":[{"damage_healed":0,"gold_gain":0,"player_choice":"2 cards matched","damage_taken":0,"max_hp_gain":0,"max_hp_loss":0,"event_name":"Match and Keep!","floor":2,"gold_loss":0,"cards_obtained":["PanicButton","theVacant:Spinshield"]},{"damage_healed":0,"gold_gain":0,"player_choice":"Ignored","damage_taken":0,"max_hp_gain":0,"max_hp_loss":0,"event_name":"Mysterious Sphere","floor":39,"gold_loss":0},{"damage_healed":0,"gold_gain":100,"player_choice":"Pray","damage_taken":0,"max_hp_gain":0,"max_hp_loss":0,"event_name":"Golden Shrine","floor":45,"gold_loss":0}],"is_beta":false,"boss_relics":[{"not_picked":["hubris:BlackHole","Snecko Eye"],"picked":"Coffee Dripper"},{"not_picked":["aspiration:RunicSpoon","reliquary:WritOfMandamus"],"picked":"thethorton:BottledFunds"}],"items_purged_floors":[5,11,22],"is_endless":false,"potions_floor_spawned":[4,7,12,14,27,28,29,35,37],"killed_by":"hubris:GrandSnecko","ascension_level":0}}