{"host":"Oniwa","time":1614075524,"event":{"mods":["BaseMod","Colored Map","Colored Powertips","Minty Spire (QoL Compilation)","Relic Stats","Slay the Relics Exporter","SpireBot","StSLib","ojb\u0027s Better Paths Mod","ojb\u0027s Info Mod"],"gold_per_floor":[19,35,35,55,72,72,91,91,91,91,105,130,130,145,145,145,145],"floor_reached":16,"language":"JPN","playtime":1339,"items_purged":[],"score":208,"play_id":"1652cb7c-d92f-4886-b8ad-c13098e8f841","local_time":"20210223191844","is_ascension_mode":true,"campfire_choices":[{"floor":6,"key":"REST"},{"data":"Bash","floor":8,"key":"SMITH"},{"data":"Double Tap","floor":10,"key":"SMITH"},{"data":"Sever Soul","floor":13,"key":"SMITH"},{"data":"Anger","floor":15,"key":"SMITH"}],"circlet_count":0,"master_deck":["AscendersBane","Strike_R","Strike_R","Strike_R","Defend_R","Defend_R","Defend_R","Defend_R","Bash+1","Anger+1","Double Tap+1","Sword Boomerang","Sever Soul+1","Iron Wave","Shockwave","Iron Wave"],"relics":["Burning Blood","Boot","Kunai","Prayer Wheel"],"acts_visited":[],"potions_floor_usage":[12,16],"damage_taken":[{"damage":40,"enemies":"Jaw Worm","floor":1,"turns":10},{"damage":13,"enemies":"Cultist","floor":2,"turns":6},{"damage":0,"enemies":"Small Slimes","floor":4,"turns":3},{"damage":12,"enemies":"Looter","floor":5,"turns":3},{"damage":9,"enemies":"3 Louse","floor":7,"turns":4},{"damage":17,"enemies":"Large Slime","floor":11,"turns":5},{"damage":8,"enemies":"Gremlin Nob","floor":12,"turns":3},{"damage":0,"enemies":"2 Fungi Beasts","floor":14,"turns":3},{"damage":45,"enemies":"Slime Boss","floor":16,"turns":8}],"seed_played":"7492099217528102242","potions_obtained":[{"floor":1,"key":"Fire Potion"},{"floor":4,"key":"CultistPotion"},{"floor":14,"key":"Fruit Juice"}],"is_trial":false,"path_per_floor":["M","M","?","M","M","R","M","R","T","R","M","E","R","M","R","B"],"character_chosen":"IRONCLAD","items_purchased":[],"campfire_rested":1,"item_purchase_floors":[],"current_hp_per_floor":[34,27,27,33,27,49,46,46,46,46,35,33,33,39,39,0,0],"gold":145,"neow_bonus":"REMOVE_TWO","is_daily":false,"chose_seed":false,"campfire_upgraded":4,"win_rate":0.0,"timestamp":1614075524,"path_taken":["M","M","?","M","M","R","M","R","T","R","M","E","R","M","R","BOSS"],"items_purchased_type":[],"build_version":"2020-12-18","purchased_purges":0,"victory":false,"max_hp_per_floor":[75,75,75,75,75,75,75,75,75,75,75,75,75,75,75,80,80],"relic_stats":{"counters":[9,45],"Prayer Wheel":1,"Kunai":[3],"Boot":[50],"obtain_stats":[{"Prayer Wheel":12,"Kunai":9,"Boot":3,"Burning Blood":0},{"Prayer Wheel":7,"Kunai":5,"Boot":2,"Burning Blood":0},{"Prayer Wheel":34,"Kunai":26,"Boot":16,"Burning Blood":0}],"Burning Blood":48},"card_choices":[{"not_picked":["Infernal Blade","True Grit"],"picked":"Armaments","floor":1},{"not_picked":["Feel No Pain","Searing Blow"],"picked":"Anger","floor":2},{"not_picked":["Anger","Burning Pact"],"picked":"Double Tap","floor":4},{"not_picked":["Entrench","Sword Boomerang","Clash"],"picked":"SKIP","floor":5},{"not_picked":["Havoc","Entrench"],"picked":"Sword Boomerang","floor":7},{"not_picked":["Second Wind","Shrug It Off"],"picked":"Sever Soul","floor":11},{"not_picked":["Entrench","Wild Strike"],"picked":"Iron Wave","floor":12},{"not_picked":["Clothesline","Warcry"],"picked":"Shockwave","floor":14},{"not_picked":["Power Through","Clothesline"],"picked":"Iron Wave","floor":14}],"player_experience":2757253,"relics_obtained":[{"floor":9,"key":"Kunai"},{"floor":12,"key":"Prayer Wheel"}],"event_choices":[{"cards_removed":["Armaments"],"damage_healed":0,"gold_gain":0,"player_choice":"Gave Card","damage_taken":0,"relics_obtained":["Boot"],"max_hp_gain":0,"max_hp_loss":0,"event_name":"WeMeetAgain","floor":3,"gold_loss":0}],"is_beta":true,"boss_relics":[],"items_purged_floors":[],"is_endless":false,"potions_floor_spawned":[1,4,7,14],"killed_by":"Slime Boss","ascension_level":20}}