{"host":"syozzdlzcqop4jia","time":1614040714,"event":{"mods":["AchievementEnabler","BaseMod","Colored Map","Colored Powertips","Minty Spire (QoL Compilation)","Quick Restart"],"gold_per_floor":[118,118,134,147,107,133,133,167,167,183,203,220,220,27,27,124,124,134,152,152,152],"floor_reached":20,"language":"ENG","playtime":1236,"items_purged":[],"score":205,"play_id":"16f07b0a-bae2-405d-abda-480b7e97a08e","local_time":"20210223013834","is_ascension_mode":true,"campfire_choices":[{"floor":7,"key":"REST"},{"floor":13,"key":"REST"},{"floor":15,"key":"REST"}],"circlet_count":0,"master_deck":["Strike_B","Strike_B","Strike_B","Strike_B","Defend_B","Defend_B","Defend_B","Defend_B","Zap","Dualcast","Swift Strike","Hologram","Conserve Battery","Ball Lightning","Defragment","Rainbow","Rebound","Rebound","Doom and Gloom","Defragment","Capacitor","White Noise","Sweeping Beam","Storm","Electrodynamics","Redo","Lockon"],"relics":["Cracked Core","Dream Catcher","Kunai","DataDisk","Inserter"],"acts_visited":["Exordium","TheCity"],"potions_floor_usage":[18],"damage_taken":[{"damage":7,"enemies":"Jaw Worm","floor":1,"turns":2},{"damage":4,"enemies":"2 Louse","floor":3,"turns":3},{"damage":0,"enemies":"Cultist","floor":4,"turns":3},{"damage":25,"enemies":"Lagavulin","floor":6,"turns":6},{"damage":17,"enemies":"3 Sentries","floor":8,"turns":6},{"damage":13,"enemies":"Exordium Wildlife","floor":10,"turns":4},{"damage":0,"enemies":"Red Slaver","floor":11,"turns":3},{"damage":3,"enemies":"Blue Slaver","floor":12,"turns":3},{"damage":18,"enemies":"Slime Boss","floor":16,"turns":8},{"damage":34,"enemies":"3 Byrds","floor":18,"turns":3},{"damage":29,"enemies":"Chosen","floor":19,"turns":5},{"damage":14,"enemies":"Centurion and Healer","floor":20,"turns":1}],"seed_played":"-8096638791471502094","potions_obtained":[{"floor":5,"key":"LiquidBronze"},{"floor":5,"key":"Swift Potion"},{"floor":5,"key":"EssenceOfSteel"},{"floor":8,"key":"Regen Potion"},{"floor":18,"key":"SpeedPotion"}],"is_trial":false,"path_per_floor":["M","?","M","M","?","E","R","E","T","M","M","M","R","$","R","B",null,"M","M","M"],"character_chosen":"DEFECT","items_purchased":["Capacitor","White Noise","Sweeping Beam"],"campfire_rested":3,"item_purchase_floors":[14,14,14],"current_hp_per_floor":[68,68,64,64,64,39,61,44,44,31,31,28,50,50,72,54,75,41,12,0,0],"gold":152,"neow_bonus":"RANDOM_COLORLESS","is_daily":false,"chose_seed":false,"campfire_upgraded":0,"win_rate":0.0,"timestamp":1614040714,"path_taken":["M","?","M","M","?","E","R","E","T","M","M","M","R","$","R","BOSS","M","M","M"],"items_purchased_type":["Card","Card","Card"],"build_version":"2020-12-22","purchased_purges":0,"victory":false,"max_hp_per_floor":[75,75,75,75,75,75,75,75,75,75,75,75,75,75,75,75,75,75,75,75,75],"card_choices":[{"not_picked":["Trip","Finesse"],"picked":"Swift Strike","floor":0},{"not_picked":["Blizzard","Scrape"],"picked":"Hologram","floor":1},{"not_picked":["Go for the Eyes","Static Discharge"],"picked":"Conserve Battery","floor":3},{"not_picked":["Heatsinks","Skim","FTL"],"picked":"SKIP","floor":4},{"not_picked":["Gash","Rebound"],"picked":"Ball Lightning","floor":6},{"not_picked":["Compile Driver","Doom and Gloom"],"picked":"Defragment","floor":7},{"not_picked":["Go for the Eyes","Barrage"],"picked":"Rainbow","floor":8},{"not_picked":["Chill","Reprogram"],"picked":"Rebound","floor":10},{"not_picked":["Go for the Eyes","Turbo"],"picked":"Rebound","floor":11},{"not_picked":["Streamline","Beam Cell"],"picked":"Doom and Gloom","floor":12},{"not_picked":["Recycle","Conserve Battery"],"picked":"Defragment","floor":13},{"not_picked":["Steam","Heatsinks"],"picked":"Storm","floor":15},{"not_picked":["Creative AI","Multi-Cast"],"picked":"Electrodynamics","floor":16},{"not_picked":["Stack","Force Field+1"],"picked":"Redo","floor":18},{"not_picked":["Blizzard","Loop"],"picked":"Lockon","floor":19}],"player_experience":724419,"relics_obtained":[{"floor":6,"key":"Dream Catcher"},{"floor":8,"key":"Kunai"},{"floor":9,"key":"DataDisk"}],"event_choices":[{"damage_healed":0,"gold_gain":0,"player_choice":"Ignored","damage_taken":0,"max_hp_gain":0,"max_hp_loss":0,"event_name":"Golden Idol","floor":2,"gold_loss":0},{"damage_healed":0,"gold_gain":0,"player_choice":"Bought 3 Potions","damage_taken":0,"max_hp_gain":0,"max_hp_loss":0,"event_name":"The Woman in Blue","floor":5,"gold_loss":0}],"is_beta":false,"boss_relics":[{"not_picked":["Calling Bell","Astrolabe"],"picked":"Inserter"}],"items_purged_floors":[],"is_endless":false,"potions_floor_spawned":[6,8,10,18],"killed_by":"Centurion and Healer","ascension_level":2}}