{"host":"42xf941fomyavgzy","time":1614081103,"event":{"mods":["Act Like it!","Astrologer","BaseMod","Colored Map","DeckTracker","Minty Spire (QoL Compilation)","Shop Mod","StSLib","SuperFastMode","The Cursed"],"gold_per_floor":[118,136,146,221,244,244,277,297,321,333,333,343,343,356,356,452,452,470,395,395,405,416,416,426,426,426,458,504,105,195,206,206,206,206],"floor_reached":33,"language":"JPN","playtime":1971,"items_purged":["Defend_P","Strike_P"],"score":364,"play_id":"9633b27d-351b-4065-88e1-f61025d8f38a","local_time":"20210223205143","is_ascension_mode":true,"campfire_choices":[{"data":"BowlingBash","floor":6,"key":"SMITH"},{"floor":11,"key":"REST"},{"data":"Wallop","floor":13,"key":"SMITH"},{"data":"ThirdEye","floor":15,"key":"SMITH"},{"data":"Ghostly","floor":23,"key":"SMITH"},{"data":"SandsOfTime","floor":25,"key":"SMITH"},{"data":"Vault","floor":32,"key":"SMITH"}],"circlet_count":0,"master_deck":["Strike_P","Strike_P","Strike_P","Defend_P","Defend_P","Defend_P","Eruption+1","Vigilance","Consecrate","FollowUp","BowlingBash+1","SandsOfTime+1","ThirdEye","EmptyFist","Wallop+1","ThirdEye+1","Vault+1","Indignation","Ghostly","Ghostly","Ghostly+1","Ghostly","Ghostly","Evaluate+1","WheelKick","FlurryOfBlows","MentalFortress"],"relics":["PureWater","Happy Flower","Unceasing Top","Vajra","Sozu","MawBank","Bag of Marbles","Blood Vial","Tiny Chest"],"acts_visited":["Exordium","TheCity"],"potions_floor_usage":[7],"damage_taken":[{"damage":2,"enemies":"Jaw Worm","floor":1,"turns":4},{"damage":0,"enemies":"2 Louse","floor":2,"turns":2},{"damage":0,"enemies":"Cultist","floor":3,"turns":2},{"damage":38,"enemies":"Gremlin Nob","floor":7,"turns":5},{"damage":3,"enemies":"Blue Slaver","floor":8,"turns":3},{"damage":0,"enemies":"3 Louse","floor":10,"turns":3},{"damage":11,"enemies":"Exordium Thugs","floor":12,"turns":4},{"damage":0,"enemies":"Looter","floor":14,"turns":2},{"damage":13,"enemies":"The Guardian","floor":16,"turns":11},{"damage":0,"enemies":"3 Byrds","floor":18,"turns":3},{"damage":2,"enemies":"Shell Parasite","floor":21,"turns":3},{"damage":0,"enemies":"Centurion and Healer","floor":22,"turns":5},{"damage":0,"enemies":"Snake Plant","floor":24,"turns":5},{"damage":2,"enemies":"3 Cultists","floor":27,"turns":4},{"damage":12,"enemies":"Slavers","floor":28,"turns":7},{"damage":2,"enemies":"Sentry and Sphere","floor":31,"turns":5},{"damage":11,"enemies":"Champ","floor":33,"turns":11}],"seed_played":"6168449119081038463","potions_obtained":[{"floor":1,"key":"PowerPotion"},{"floor":7,"key":"Strength Potion"},{"floor":16,"key":"FearPotion"}],"is_trial":false,"path_per_floor":["M","M","M","?","T","R","E","M","T","M","R","M","R","M","R","B",null,"M","$","?","M","M","R","M","R","T","M","E","$","?","M","R","B"],"character_chosen":"WATCHER","items_purchased":["Blood Vial","Tiny Chest"],"campfire_rested":1,"item_purchase_floors":[29,29],"current_hp_per_floor":[70,70,70,59,59,59,21,18,18,18,39,28,28,28,28,15,58,58,58,36,34,34,34,34,34,34,32,20,20,8,8,8,0,0],"gold":206,"neow_bonus":"UPGRADE_CARD","is_daily":false,"chose_seed":false,"campfire_upgraded":6,"win_rate":0.0,"timestamp":1614081103,"path_taken":["M","M","M","?","?","R","E","?","T","M","R","M","R","M","R","BOSS","M","$","?","M","M","R","M","R","T","M","E","$","?","M","R","BOSS"],"items_purchased_type":["Relic","Relic"],"build_version":"2020-12-22","purchased_purges":2,"victory":false,"max_hp_per_floor":[72,72,72,72,72,72,72,72,72,72,72,72,72,72,72,72,72,72,72,36,36,36,36,36,36,36,36,36,36,36,36,36,36,36],"card_choices":[{"not_picked":["WindmillStrike","JustLucky"],"picked":"Consecrate","floor":1},{"not_picked":["EmptyMind","CutThroughFate"],"picked":"FollowUp","floor":2},{"not_picked":["EmptyBody","Fasting2"],"picked":"BowlingBash","floor":3},{"not_picked":["Collect","Crescendo"],"picked":"SandsOfTime","floor":7},{"not_picked":["SashWhip","Crescendo"],"picked":"ThirdEye","floor":8},{"not_picked":["PathToVictory","Consecrate"],"picked":"EmptyFist","floor":10},{"not_picked":["FlyingSleeves","Halt"],"picked":"Wallop","floor":12},{"not_picked":["Swivel","Prostrate"],"picked":"ThirdEye","floor":14},{"not_picked":["LessonLearned","Devotion"],"picked":"Vault","floor":16},{"not_picked":["Prostrate","BowlingBash"],"picked":"Indignation","floor":18},{"not_picked":["EmptyFist","ThirdEye+1"],"picked":"Evaluate+1","floor":21},{"not_picked":["Blasphemy","Meditate"],"picked":"WheelKick","floor":22},{"not_picked":["EmptyBody","Consecrate"],"picked":"FlurryOfBlows","floor":24},{"not_picked":["FollowUp","BowlingBash+1","FlurryOfBlows"],"picked":"SKIP","floor":27},{"not_picked":["CarveReality","FlurryOfBlows"],"picked":"MentalFortress","floor":28},{"not_picked":["EmptyFist","FollowUp","CarveReality"],"picked":"SKIP","floor":31}],"player_experience":508649,"relics_obtained":[{"floor":5,"key":"Happy Flower"},{"floor":7,"key":"Unceasing Top"},{"floor":9,"key":"Vajra"},{"floor":26,"key":"MawBank"},{"floor":28,"key":"Bag of Marbles"}],"event_choices":[{"damage_healed":0,"gold_gain":75,"player_choice":"Gather Gold","damage_taken":11,"max_hp_gain":0,"max_hp_loss":0,"event_name":"World of Goop","floor":4,"gold_loss":0},{"damage_healed":0,"gold_gain":0,"player_choice":"Became a Ghost","damage_taken":0,"max_hp_gain":0,"max_hp_loss":36,"event_name":"Ghosts","floor":20,"gold_loss":0,"cards_obtained":["Ghostly","Ghostly","Ghostly","Ghostly","Ghostly"]},{"damage_healed":0,"gold_gain":90,"player_choice":"GOLD ","damage_taken":12,"max_hp_gain":0,"max_hp_loss":0,"event_name":"Knowing Skull","floor":30,"potions_obtained":[],"gold_loss":0,"cards_obtained":[]}],"is_beta":false,"boss_relics":[{"not_picked":["Runic Dome","Empty Cage"],"picked":"Sozu"}],"items_purged_floors":[19,29],"is_endless":false,"potions_floor_spawned":[1,7,16,24],"killed_by":"Champ","ascension_level":5}}