{"host":"avq773cl9g5msfol","time":1614103101,"event":{"mods":["100% Spire Juice","AchievementEnabler","Act Like it!","Ascension Unlocker","Aspiration","Astrologer","Bard","Bartender","BaseMod","Better Altar","Better Third Choice","BetterRewards","CapriCore","ChefMod","Colored Map","Colored Powertips","Conspire","Dio Mod","Downfall","Elementarium","Energized Spire","Extra Virgin Snecko Oil","Gensokyo","GifTheSpireLib","Hallownest","Hermit","Highlight Path","Hubris","Humility","Infinite Spire","Jorbs\u0027s Wanderer Trilogy","Koishi","Magitek Elite","Marisa????????","Marked Mod","Menagerie","Minty Spire (QoL Compilation)","Pale of the Ancients","Potionbrewer","Quarter Circle Forward PUNCH!","Rare Cards Sparkle","Reimu??????","Relic Stats","Reliquary","Remilia??????","Replay The Spire","Robot Space Explorer","SacredBarkPlus","Shade Mod","Shapeshifter Mod","Somnambulant","Spicy Shops","Spire Arcade","StSLib","The Administrix","The Blue Laboratory","The Bug Knight","The Construct","The Cursed","The Disciple","The Dragon Tamer","The Exalted","The Hayseed","The Hierophant","The Hydrologist","The Immortal","The Marked","The Mystic","The Problem Sleuth","The Runesmith","The Senshi","The Vixen","The Wild Card","TheFirefly","Wandering Minibosses","Wide Potions","vexMod"],"gold_per_floor":[12714,109,125,142,142,177,203,203,203,220,254,239,265,278,295,369,419,419,439,458,458,470,498,524,536,564,564,577,577,577,577,594,666,666,666,680,696,710,754,754,754,769,569,569,600,600,600,618,638,638],"floor_reached":51,"language":"ENG","playtime":3576,"items_purged":["Slimebound:SpikyOuterGoop+1","Slimebound:Tackle"],"score":2707,"play_id":"62583b39-4335-41b1-9d43-c6bd740cf114","local_time":"20210224005821","is_ascension_mode":true,"campfire_choices":[{"data":"Slimebound:CorrosiveSpit","floor":1.0,"key":"SMITH"},{"data":"Slimebound:ComboTackle","floor":9.0,"key":"SMITH"},{"floor":30,"key":"REST"},{"floor":35,"key":"REST"},{"floor":40,"key":"RECALL"},{"floor":43,"key":"REST"}],"circlet_count":0,"master_deck":["AscendersBane","Slimebound:Split+1","Slimebound:CorrosiveSpit+1","Slimebound:LivingWall+1","Slimebound:LeechEnergy+1","Slimebound:Prepare+1","Slimebound:MassFeed+1","Slimebound:SplitLeeching+1","Slimebound:ProtectTheBoss+1","Slimebound:Schlurp+1","Slimebound:SplitSpecialist+1","Slimebound:LeadByExample+1","Slimebound:SlimeSpikes+1","Slimebound:MegaLick+1","Slimebound:SplitMire+1","Slimebound:ServeAndProtect+1","Slimebound:LevelUp+1","Slimebound:SlimeBrawl+1","Slimebound:GoopSpray+1","Slimebound:SplitAcid+1","Slimebound:OneTwoCombo+1","Slimebound:RejuvenatingLick+1","Slimebound:SelfFormingGoo+1","Slimebound:Repurpose+1","expansioncontent:QuickStudy+1","Slimebound:SamplingLick+1","Slimebound:RainOfGoop+1","Slimebound:GrowthPunch+1","Slimebound:ComboTackle+1","Slimebound:SlimeTap+1","Slimebound:Overexert+1","Slimebound:MinionMaster+1","Slimebound:TagTeam+1","Slimebound:MassRepurpose+1","Slimebound:HungryTackle+1"],"relics":["Slimebound:AbsorbEndCombat","Golden Egg","Quantum Egg","Slimebound:AggressiveSlimeRelic","infinitespire:Golems Mask","Slimebound:SlimedTailRelic","Strange Spoon","Slimebound:MaxSlimesRelic","theSenshi:SuperSailorFukuRelic","Membership Card","aspiration:FrozenJewel","Anchor","OrangePellets","qcfpunch:Chain_With_Nametags","ReplayTheSpireMod:TigerMarble","wanderingMiniBosses:OtherGremlinHorn","vexMod:BarristanHead","Replay:Wax Seal","Hallownest:DreamNailRelic","Turnip","Protect_Vest","Tiny House","Slimebound:StickyStick","conspire:SeveredTorchhead","downfall:HeartBlessingRed","downfall:HeartBlessingBlue","energizedSpire:MagnifyingGlass"],"acts_visited":["Hallownest:Greenpath","Hallownest:CityofTears","Hallownest:KingdomsEdge"],"potions_floor_usage":[48,49],"damage_taken":[{"damage":0.0,"enemies":"Hallownest:monsterHuskWarrior","floor":2.0,"turns":2.0},{"damage":0.0,"enemies":"Hallownest:2_Tiktiks_and_1_Crawlid","floor":3.0,"turns":2.0},{"damage":0.0,"enemies":"Hallownest:monsterHuskGuard","floor":4.0,"turns":4.0},{"damage":0.0,"enemies":"Hallownest:eliteMossKnight","floor":6.0,"turns":2.0},{"damage":0.0,"enemies":"Hallownest:Wandering_and_Horned","floor":10.0,"turns":3.0},{"damage":0.0,"enemies":"Hallownest:eliteCrystalGuardian","floor":11.0,"turns":2.0},{"damage":0.0,"enemies":"downfall:FleeingMerchant","floor":12.0,"turns":4.0},{"damage":0.0,"enemies":"Hallownest:eliteVengeflyKing","floor":13.0,"turns":1.0},{"damage":0.0,"enemies":"Hallownest:monsterFoolEater","floor":14.0,"turns":1.0},{"damage":0.0,"enemies":"Hallownest:1_Ooma_and_2_Uuma","floor":15.0,"turns":2.0},{"damage":0.0,"enemies":"IC_STATUS_ARCHETYPE","floor":16.0,"turns":3.0},{"damage":0.0,"enemies":"Hallownest:Flukemon_and_Top","floor":19.0,"turns":3.0},{"damage":0.0,"enemies":"Hallownest:3_Youths","floor":20.0,"turns":4.0},{"damage":0.0,"enemies":"Hallownest:monsterShrumalOgre","floor":22.0,"turns":3.0},{"damage":0.0,"enemies":"Hallownest:eliteSoulWarrior","floor":23.0,"turns":3.0},{"damage":0,"enemies":"Hallownest:2_Flukemon","floor":25,"turns":3},{"damage":0,"enemies":"Hallownest:Nosk","floor":26,"turns":3},{"damage":0,"enemies":"Hallownest:Warrior_and_Youth","floor":28,"turns":3},{"damage":0,"enemies":"Hallownest:2_Husk_Sentries","floor":32,"turns":3},{"damage":0,"enemies":"DF_ARCHETYPE_CLAW","floor":33,"turns":4},{"damage":0,"enemies":"Hallownest:2_Littles","floor":36,"turns":3},{"damage":0,"enemies":"Hallownest:3_Siblings","floor":37,"turns":4},{"damage":0,"enemies":"Hallownest:Slobbering_and_Violent","floor":38,"turns":4},{"damage":0,"enemies":"Hallownest:Xero_Hu_Marmu","floor":42,"turns":4},{"damage":12,"enemies":"Hallownest:StalkingDevout","floor":45,"turns":3},{"damage":0,"enemies":"Hallownest:monsterPrimalAspid","floor":48,"turns":2},{"damage":0,"enemies":"Hallownest:2_Soldiers_and_1_Guardian","floor":49,"turns":3},{"damage":0,"enemies":"SI_POISON_ARCHETYPE","floor":50,"turns":4}],"seed_played":"199263885561527254","potions_obtained":[{"floor":16.0,"key":"blueLaboratory:Moonshine"},{"floor":17.0,"key":"SneckoOil"}],"is_trial":false,"path_per_floor":["R_BF","M","M","M","?","E","T","?","R","M","E","$","E","M","M","B",null,"R_BF","M","M","?","M","E","T","M","E","?","M","AVR","R","?","M","B",null,"R","M","M","M","?","R","T","M","R","AVR","E","?","?","M","M","B",null],"character_chosen":"SLIMEBOUND","items_purchased":["Slimebound:AggressiveSlimeRelic","infinitespire:Golems Mask","Slimebound:SplitSpecialist","Slimebound:LeadByExample","Slimebound:SlimedTailRelic","Slimebound:SlimeSpikes","Slimebound:MegaLick","Slimebound:SplitMire","Slimebound:ServeAndProtect","Slimebound:LevelUp","Strange Spoon","blueLaboratory:FruitPunch","blueLaboratory:FruitPunch","Slimebound:SpikyOuterGoop","Slimebound:SlimeBrawl","Slimebound:GoopSpray","Slimebound:MaxSlimesRelic","Slimebound:SplitAcid+1","Slimebound:OneTwoCombo","Slimebound:RejuvenatingLick","theSenshi:SuperSailorFukuRelic","Slimebound:SelfFormingGoo","Membership Card","aspiration:FrozenJewel","Anchor","Slimebound:Repurpose+1","expansioncontent:QuickStudy","Slimebound:SamplingLick","OrangePellets","qcfpunch:Chain_With_Nametags","Slimebound:RainOfGoop","Slimebound:GrowthPunch","ReplayTheSpireMod:TigerMarble"],"campfire_rested":3,"item_purchase_floors":[0,0,0,0,0,0,0,0,0,0,0,0,0,0,0,0,0,0,0,0,0,0,0,0,0,0,0,0,0,0,0,0,0],"current_hp_per_floor":[53,61,71,75,21,25,25,25,25,27,35,45,45,51,65,71,90,94,102,102,102,102,102,102,110,110,110,110,110,110,110,110,110,110,110,110,110,118,118,118,118,118,128,128,116,116,116,120,140,140],"gold":638,"neow_bonus":"","is_daily":false,"chose_seed":false,"campfire_upgraded":2,"win_rate":0.0,"timestamp":1614103101,"path_taken":["R_BF","M","M","M","?","E","T","?","R","M","E","$","E","M","M","BOSS","R_BF","M","M","?","?","E","T","M","E","?","M","AVR","R","?","M","BOSS","R","M","M","?","?","R","T","M","R","AVR","E","?","?","M","M","BOSS"],"items_purchased_type":["Relic","Relic","Card","Card","Relic","Card","Card","Card","Card","Card","Relic","Potion","Potion","Card","Card","Card","Relic","Card","Card","Card","Relic","Card","Relic","Relic","Relic","Card","Card","Card","Relic","Relic","Card","Card","Relic"],"build_version":"2020-12-22","purchased_purges":2,"victory":true,"max_hp_per_floor":[59,67,71,75,75,75,75,75,75,75,75,77,77,81,89,89,94,94,102,102,102,102,102,102,110,110,110,110,110,110,110,110,110,110,110,110,110,118,118,118,118,118,128,128,128,128,128,128,140,140],"relic_stats":{"Strange Spoon":[134],"OrangePellets":[98],"counters":[88,259],"Turnip":[9],"obtain_stats":[{"Golden Egg":3,"champ:DuelingGlove":30,"vexMod:MemoryStick":40,"hubris:CrystalStatue":34,"Calipers":46,"Tiny House":17,"Bromod:ArcaneNullifier":44,"downfall:HeartBlessingGreen":43,"TheSimpletonMod:WoodChipper":41,"DemoMod:GlassGuonStoneRelic":5,"wanderingMiniBosses:OtherGremlinHorn":37,"Bottled Tornado":53,"conspire:SeveredTorchhead":34,"aspiration:MobileForge":30,"Ribbon":0,"vexMod:EndlessSickness":34,"infinitespire:Golems Mask":0,"Replay:Bottled Flurry":53,"DemoMod:ClearGuonStone":31,"Replay:Wax Seal":5,"qcfpunch:Chain_With_Nametags":28,"Slimebound:AggressiveSlimeRelic":0,"construct:RocketBooster":18,"vexMod:ScavengeHelm":14,"Replay:Grab Bag":34,"Oddly Smooth Stone":3,"hubris:SphereOfDissonance":6,"conspire:SlowCooker":34,"infinitespire:Beetle Shell":0,"War Paint":30,"aspiration:HiddenCompartment":28,"aspiration:FrozenJewel":53,"hubris:Zylophone":45,"OrangePellets":27,"Replay:Baseball":53,"energizedSpire:NeverEndingSparkler":34,"Tintinnabulum":11,"Pandora\u0027s Box":3,"ReplayTheSpireMod:TigerMarble":41,"Black Star":17,"energizedSpire:MagnifyingGlass":44,"Slimebound:SlimedSkullRelic":9,"Slimebound:SlimedTailRelic":0,"ReplayFunnel":10,"Lantern":34,"aspiration:Lifesprig":0,"theSenshi:SuperSailorFukuRelic":36,"Singing Bowl":13,"Bromod:ArcanePistoleer":0,"Juzu Bracelet":0,"Hallownest:DreamNailRelic":8,"ClockworkSouvenir":3,"hubris:Backtick":34,"Slimebound:MaxSlimesRelic":0,"downfall:HeartBlessingBlue":43,"Mummified Hand":0,"Slimebound:StickyStick":24,"qcfpunch:Necklace_of_Skulls":46,"reliquary:Buckler":30,"hubris:CuriousFeather":0,"Guardian:BottledAnomaly":53,"TheVixenMod:UmbreonRelic":47,"Runesmith:Nanobots":52,"Lee\u0027s Waffle":0,"bronze:DonusWashers":36,"Slimebound:SelfDamagePreventRelic":0,"downfall:HeartBlessingRed":43,"Quantum Egg":3,"aspiration:RandomNobGenerator":17,"Protect_Vest":24,"hubris:Towel":3,"qcfpunch:White_Boots":40,"MawBank":40,"sneckomod:BabySnecko":20,"Strange Spoon":0,"Pondfish Scales":0,"Anchor":0,"vexMod:BarristanHead":5,"infinitespire:WardingShard":0,"vexMod:HeadHunter":5,"Turnip":11,"Slimebound:AbsorbEndCombat":0,"qcfpunch:Red_Headband":26,"Membership Card":0,"potionbrewer:Keyblade":53,"hubris:Potato":7,"Toy Ornithopter":0,"reliquary:PurpleTingedLeaf":46,"RuthlessExorcism:ReiMu":0},{"Golden Egg":2,"champ:DuelingGlove":45,"vexMod:MemoryStick":51,"hubris:CrystalStatue":20,"Calipers":54,"Tiny House":71,"Bromod:ArcaneNullifier":24,"downfall:HeartBlessingGreen":24,"TheSimpletonMod:WoodChipper":51,"DemoMod:GlassGuonStoneRelic":4,"wanderingMiniBosses:OtherGremlinHorn":22,"Bottled Tornado":58,"conspire:SeveredTorchhead":80,"aspiration:MobileForge":17,"Ribbon":32,"vexMod:EndlessSickness":47,"infinitespire:Golems Mask":60,"Replay:Bottled Flurry":58,"DemoMod:ClearGuonStone":18,"Replay:Wax Seal":63,"qcfpunch:Chain_With_Nametags":44,"Slimebound:AggressiveSlimeRelic":60,"construct:RocketBooster":12,"vexMod:ScavengeHelm":10,"Replay:Grab Bag":20,"Oddly Smooth Stone":2,"hubris:SphereOfDissonance":5,"conspire:SlowCooker":20,"infinitespire:Beetle Shell":32,"War Paint":17,"aspiration:HiddenCompartment":44,"aspiration:FrozenJewel":58,"hubris:Zylophone":25,"OrangePellets":17,"Replay:Baseball":58,"energizedSpire:NeverEndingSparkler":20,"Tintinnabulum":8,"Pandora\u0027s Box":2,"ReplayTheSpireMod:TigerMarble":23,"Black Star":40,"energizedSpire:MagnifyingGlass":84,"Slimebound:SlimedSkullRelic":6,"Slimebound:SlimedTailRelic":60,"ReplayFunnel":36,"Lantern":20,"aspiration:Lifesprig":32,"theSenshi:SuperSailorFukuRelic":48,"Singing Bowl":9,"Bromod:ArcanePistoleer":32,"Juzu Bracelet":32,"Hallownest:DreamNailRelic":64,"ClockworkSouvenir":2,"hubris:Backtick":20,"Slimebound:MaxSlimesRelic":32,"downfall:HeartBlessingBlue":24,"Mummified Hand":32,"Slimebound:StickyStick":75,"qcfpunch:Necklace_of_Skulls":26,"reliquary:Buckler":45,"hubris:CuriousFeather":32,"Guardian:BottledAnomaly":58,"TheVixenMod:UmbreonRelic":54,"Runesmith:Nanobots":30,"Lee\u0027s Waffle":32,"bronze:DonusWashers":48,"Slimebound:SelfDamagePreventRelic":32,"downfall:HeartBlessingRed":24,"Quantum Egg":2,"aspiration:RandomNobGenerator":12,"Protect_Vest":42,"hubris:Towel":2,"qcfpunch:White_Boots":23,"MawBank":51,"sneckomod:BabySnecko":13,"Strange Spoon":60,"Pondfish Scales":32,"Anchor":60,"vexMod:BarristanHead":63,"infinitespire:WardingShard":32,"vexMod:HeadHunter":4,"Turnip":66,"Slimebound:AbsorbEndCombat":0,"qcfpunch:Red_Headband":17,"Membership Card":32,"potionbrewer:Keyblade":58,"hubris:Potato":5,"Toy Ornithopter":32,"reliquary:PurpleTingedLeaf":54,"RuthlessExorcism:ReiMu":32},{"Golden Egg":2,"champ:DuelingGlove":131,"vexMod:MemoryStick":149,"hubris:CrystalStatue":51,"Calipers":156,"Tiny House":204,"Bromod:ArcaneNullifier":65,"downfall:HeartBlessingGreen":65,"TheSimpletonMod:WoodChipper":149,"DemoMod:GlassGuonStoneRelic":7,"wanderingMiniBosses:OtherGremlinHorn":59,"Bottled Tornado":169,"conspire:SeveredTorchhead":232,"aspiration:MobileForge":43,"Ribbon":95,"vexMod:EndlessSickness":139,"infinitespire:Golems Mask":180,"Replay:Bottled Flurry":169,"DemoMod:ClearGuonStone":44,"Replay:Wax Seal":188,"qcfpunch:Chain_With_Nametags":127,"Slimebound:AggressiveSlimeRelic":180,"construct:RocketBooster":33,"vexMod:ScavengeHelm":25,"Replay:Grab Bag":51,"Oddly Smooth Stone":2,"hubris:SphereOfDissonance":10,"conspire:SlowCooker":51,"infinitespire:Beetle Shell":95,"War Paint":43,"aspiration:HiddenCompartment":127,"aspiration:FrozenJewel":169,"hubris:Zylophone":68,"OrangePellets":43,"Replay:Baseball":169,"energizedSpire:NeverEndingSparkler":51,"Tintinnabulum":19,"Pandora\u0027s Box":2,"ReplayTheSpireMod:TigerMarble":62,"Black Star":117,"energizedSpire:MagnifyingGlass":247,"Slimebound:SlimedSkullRelic":13,"Slimebound:SlimedTailRelic":180,"ReplayFunnel":104,"Lantern":51,"aspiration:Lifesprig":95,"theSenshi:SuperSailorFukuRelic":141,"Singing Bowl":21,"Bromod:ArcanePistoleer":95,"Juzu Bracelet":95,"Hallownest:DreamNailRelic":190,"ClockworkSouvenir":2,"hubris:Backtick":51,"Slimebound:MaxSlimesRelic":95,"downfall:HeartBlessingBlue":65,"Mummified Hand":95,"Slimebound:StickyStick":216,"qcfpunch:Necklace_of_Skulls":72,"reliquary:Buckler":131,"hubris:CuriousFeather":95,"Guardian:BottledAnomaly":169,"TheVixenMod:UmbreonRelic":156,"Runesmith:Nanobots":84,"Lee\u0027s Waffle":95,"bronze:DonusWashers":141,"Slimebound:SelfDamagePreventRelic":95,"downfall:HeartBlessingRed":65,"Quantum Egg":2,"aspiration:RandomNobGenerator":33,"Protect_Vest":121,"hubris:Towel":2,"qcfpunch:White_Boots":62,"MawBank":149,"sneckomod:BabySnecko":36,"Strange Spoon":180,"Pondfish Scales":95,"Anchor":180,"vexMod:BarristanHead":188,"infinitespire:WardingShard":95,"vexMod:HeadHunter":7,"Turnip":194,"Slimebound:AbsorbEndCombat":0,"qcfpunch:Red_Headband":43,"Membership Card":95,"potionbrewer:Keyblade":169,"hubris:Potato":10,"Toy Ornithopter":95,"reliquary:PurpleTingedLeaf":156,"RuthlessExorcism:ReiMu":95}]},"card_choices":[{"not_picked":["Slimebound:Schlurp","Slimebound:ItLooksTasty"],"picked":"Slimebound:ComboTackle","floor":2.0},{"not_picked":["Slimebound:Grow","Slimebound:LevelUp","Slimebound:LeadByExample"],"picked":"SKIP","floor":3.0},{"not_picked":["Slimebound:LeechEnergy","Slimebound:ForwardTackle","Slimebound:Gluttony"],"picked":"SKIP","floor":4.0},{"not_picked":["Slimebound:TongueLash","Slimebound:LeechingTouch","Slimebound:GrowthPunch"],"picked":"SKIP","floor":6.0},{"not_picked":["Slimebound:AcidTongue","Slimebound:SplitAcid","Slimebound:ViciousTackle"],"picked":"SKIP","floor":10.0},{"not_picked":["Slimebound:DisruptingSlam","Slimebound:GoopSpray"],"picked":"Slimebound:SlimeTap","floor":11.0},{"not_picked":["Slimebound:SlimeSpikes","Slimebound:DisruptingSlam","Slimebound:Prepare"],"picked":"SKIP","floor":12.0},{"not_picked":["Slimebound:ForwardTackle","Slimebound:SamplingLick","Slimebound:SplitLeeching"],"picked":"SKIP","floor":13.0},{"not_picked":["Slimebound:SamplingLick","Slimebound:RollThrough","Slimebound:LeechEnergy"],"picked":"SKIP","floor":14.0},{"not_picked":["Slimebound:ProtectTheBoss","Slimebound:Nibble"],"picked":"Slimebound:Overexert","floor":15.0},{"not_picked":["Slimebound:DouseInSlime","Slimebound:SlimeSlap"],"picked":"Slimebound:MinionMaster","floor":16.0},{"not_picked":["Slimebound:SplitAcid","Slimebound:LeechEnergy+1","Slimebound:FinishingTackle"],"picked":"SKIP","floor":19.0},{"not_picked":["Slimebound:ForwardTackle","Slimebound:SlimeBrawl","Slimebound:GoopTackle"],"picked":"SKIP","floor":20.0},{"not_picked":["Slimebound:AcidTongue","Slimebound:GoopSpray","Slimebound:SlimeSpikes"],"picked":"SKIP","floor":22.0},{"not_picked":["Slimebound:SplitMire","Slimebound:Grow","Slimebound:MegaLick"],"picked":"SKIP","floor":23.0},{"not_picked":["Slimebound:SplitMire+1","Slimebound:Replication","Slimebound:LeechEnergy"],"picked":"SKIP","floor":25},{"not_picked":["Slimebound:SplitMire","Slimebound:SlimeBrawl"],"picked":"Slimebound:TagTeam","floor":26},{"not_picked":["Slimebound:FinishingTackle","Slimebound:GoopSpray","Slimebound:RollThrough+1"],"picked":"SKIP","floor":28},{"not_picked":["Slimebound:FlameTackle","Slimebound:PressTheAttack","Slimebound:SplitMire"],"picked":"SKIP","floor":32},{"not_picked":["Slimebound:SlimeSlap","Slimebound:LeechLife"],"picked":"Slimebound:MassRepurpose","floor":33},{"not_picked":["Slimebound:LeechEnergy+1","Slimebound:FormOfPuddle","Slimebound:FlameTackle"],"picked":"SKIP","floor":36},{"not_picked":["Slimebound:ForwardTackle","Slimebound:LeechingTouch","Slimebound:FinishingTackle"],"picked":"SKIP","floor":37},{"not_picked":["Slimebound:GoopTackle","Slimebound:SplitSpecialist+1","Slimebound:ComboTackle"],"picked":"SKIP","floor":38},{"not_picked":["Slimebound:PressTheAttack","Slimebound:FormOfPuddle","Slimebound:SplitBruiser"],"picked":"SKIP","floor":42},{"not_picked":["Slimebound:GrowthPunch","Slimebound:GoopSpray+1","Slimebound:SplitBruiser"],"picked":"SKIP","floor":45},{"not_picked":["Slimebound:ServeAndProtect+1","Slimebound:SplitAcid+1","Slimebound:Replication+1"],"picked":"SKIP","floor":48},{"not_picked":["Slimebound:SlimeSpikes+1","Slimebound:SlimeBrawl"],"picked":"Slimebound:HungryTackle+1","floor":49}],"player_experience":1497579,"relics_obtained":[{"floor":4.0,"key":"wanderingMiniBosses:OtherGremlinHorn"},{"floor":11.0,"key":"Turnip"},{"floor":13.0,"key":"Protect_Vest"},{"floor":24,"key":"Slimebound:StickyStick"}],"event_choices":[{"damage_healed":0,"gold_gain":44,"player_choice":"Grab what you can","damage_taken":0,"max_hp_gain":0,"max_hp_loss":0,"event_name":"Creature of the Night","floor":39,"gold_loss":0}],"is_beta":false,"boss_relics":[{"not_picked":["Runic Dome","reliquary:RedPaperclip"],"picked":"Tiny House"},{"not_picked":["energizedSpire:RedRose","Bromod:ArcaneEnergize"],"picked":"conspire:SeveredTorchhead"}],"items_purged_floors":[0,0],"is_endless":false,"potions_floor_spawned":[6,10,15,16,19,22,23,25,26,36,45,49],"ascension_level":20,"is_humility":true}}