{"host":"0r455zfix56tawas","time":1614089020,"event":{"mods":["AlwaysNeverKeys","BaseMod","Colored Powertips","Downfall","Highlight Path","Minty Spire (QoL Compilation)","Permanent Neow","StSLib","The Necromancer","The Servant 0.9.4"],"gold_per_floor":[99,111,123,140,140,151,151,162,162,192,192,207,67,85,98,195,195,195,55,75,94,94,128,128,128,128,144,144,144,144,155,169,273,273,273,286,286,286,302,332,332,349,362,412,427,427,427,443,461,461],"floor_reached":51,"language":"ENG","playtime":3391,"items_purged":["champ:SetATrap","champ:Strike"],"score":770,"play_id":"1a0ab7fb-ae5e-4954-ba3c-3be29797f96a","local_time":"20210223150340","is_ascension_mode":false,"campfire_choices":[{"data":"champ:Taunt","floor":1,"key":"SMITH"},{"data":"champ:AdrenalArmor","floor":9,"key":"SMITH"},{"data":"champ:HoldFirm","floor":11,"key":"SMITH"},{"data":"champ:TripleStrike","floor":18,"key":"SMITH"},{"data":"champ:Improvising","floor":25,"key":"SMITH"},{"data":"champ:AdrenalArmor","floor":30,"key":"SMITH"},{"data":"champ:MurderStrike","floor":35,"key":"SMITH"},{"data":"champ:StanceDance","floor":47,"key":"SMITH"}],"circlet_count":0,"master_deck":["champ:Strike","champ:Defend","champ:Defend","champ:Defend","champ:Defend","champ:Execute","champ:Taunt+1","champ:AdrenalArmor+1","champ:HoldFirm+1","champ:FanOfKnives","champ:PreciseThrust","champ:AdrenalArmor+1","champ:MurderStrike+1","champ:BringItOn","champ:EnGarde","champ:TripleStrike+1","champ:GutPunch","champ:DefensiveShout+1","champ:FanOfKnives+1","champ:Improvising+1","champ:EnragedBash+1","champ:LastStand","champ:IronFortress+1","champ:ArenaPreparation","champ:EnragedBash+1","champ:StanceDance+1","champ:ShieldWall+1","champ:StanceDance+1","champ:BerserkersShout"],"relics":["champ:ChampionCrown","Eternal Feather","Pear","Coffee Dripper","downfall:RedIOU","CaptainsWheel","Gremlin Horn","Anchor","The Courier","Philosopher\u0027s Stone","Shuriken","Mummified Hand","Girya","Mercury Hourglass"],"acts_visited":["Exordium","TheCity","TheBeyond"],"potions_floor_usage":[16,48,50,50,50,50],"damage_taken":[{"damage":10,"enemies":"2 Louse","floor":2,"turns":2},{"damage":25,"enemies":"Cultist","floor":3,"turns":5},{"damage":20,"enemies":"Small Slimes","floor":4,"turns":3},{"damage":0,"enemies":"Exordium Wildlife","floor":6,"turns":3},{"damage":29,"enemies":"Gremlin Gang","floor":8,"turns":4},{"damage":10,"enemies":"Lots of Slimes","floor":12,"turns":3},{"damage":30,"enemies":"downfall:FleeingMerchant","floor":13,"turns":4},{"damage":57,"enemies":"Exordium Thugs","floor":14,"turns":6},{"damage":23,"enemies":"2 Fungi Beasts","floor":15,"turns":4},{"damage":104,"enemies":"DF_ARCHETYPE_STREAMLINE","floor":16,"turns":13},{"damage":50,"enemies":"downfall:FleeingMerchant","floor":19,"turns":4},{"damage":40,"enemies":"Shell Parasite","floor":20,"turns":4},{"damage":28,"enemies":"Spheric Guardian","floor":21,"turns":4},{"damage":82,"enemies":"Book of Stabbing","floor":23,"turns":5},{"damage":60,"enemies":"Centurion and Healer","floor":27,"turns":6},{"damage":70,"enemies":"Snake Plant","floor":31,"turns":3},{"damage":40,"enemies":"Cultist and Chosen","floor":32,"turns":4},{"damage":115,"enemies":"WA_ARCHETYPE_CALM","floor":33,"turns":7},{"damage":25,"enemies":"Orb Walker","floor":36,"turns":2},{"damage":35,"enemies":"3 Shapes","floor":39,"turns":2},{"damage":113,"enemies":"Nemesis","floor":40,"turns":5},{"damage":83,"enemies":"Transient","floor":42,"turns":5},{"damage":32,"enemies":"Jaw Worm Horde","floor":43,"turns":3},{"damage":58,"enemies":"Jaw Worm Horde","floor":44,"turns":6},{"damage":46,"enemies":"Sphere and 2 Shapes","floor":45,"turns":4},{"damage":100,"enemies":"Transient","floor":48,"turns":5},{"damage":50,"enemies":"Spire Growth","floor":49,"turns":3},{"damage":87,"enemies":"IC_BLOCK_ARCHETYPE","floor":50,"turns":7}],"seed_played":"1862574289710568920","potions_obtained":[{"floor":3,"key":"sneckomod:MuddlingPotion"},{"floor":6,"key":"AttackPotion"},{"floor":14,"key":"SpeedPotion"},{"floor":20,"key":"FearPotion"},{"floor":21,"key":"LiquidMemories"},{"floor":27,"key":"EssenceOfSteel"},{"floor":31,"key":"SpeedPotion"},{"floor":36,"key":"hexamod:SoulburnPotion"},{"floor":49,"key":"LiquidBronze"}],"is_trial":false,"path_per_floor":["R","M","M","M","?","M","T","M","R","?","R","M","$","M","M","B",null,"R","$","M","M","?","E","T","R","?","M","?","T","R","M","M","B",null,"R","M","?","?","M","E","T","M","M","?","M","?","R","M","M","B",null],"character_chosen":"THE_CHAMP","items_purchased":["champ:BringItOn","champ:GutPunch"],"campfire_rested":0,"item_purchase_floors":[13,19],"current_hp_per_floor":[90,90,90,90,90,90,90,86,90,100,100,100,100,88,85,56,100,100,100,100,87,87,85,85,97,97,97,97,97,100,100,100,85,100,100,100,100,92,92,59,59,46,39,39,38,38,53,53,43,43],"gold":461,"neow_bonus":"RANDOM_COMMON_RELIC","is_daily":false,"chose_seed":false,"campfire_upgraded":8,"win_rate":0.0,"timestamp":1614089020,"path_taken":["R","M","M","M","?","?","T","M","R","?","R","M","?","?","M","BOSS","R","$","?","M","?","E","T","R","?","M","?","?","R","M","M","BOSS","R","M","?","?","M","E","T","?","M","?","M","?","R","?","M","BOSS"],"items_purchased_type":["Card","Card"],"build_version":"2020-12-22","purchased_purges":2,"victory":true,"max_hp_per_floor":[90,90,90,90,90,90,90,90,90,100,100,100,100,100,100,100,100,100,100,100,100,100,100,100,100,100,100,100,100,100,100,100,100,100,100,100,100,100,100,100,100,100,100,100,100,100,100,100,100,100],"card_choices":[{"not_picked":["champ:Haymaker","champ:EnGarde"],"picked":"champ:AdrenalArmor","floor":2},{"not_picked":["champ:BladeFlurry","champ:BerserkersShout"],"picked":"champ:HoldFirm","floor":3},{"not_picked":["champ:SetATrap","champ:FaceSlap"],"picked":"champ:FanOfKnives","floor":4},{"not_picked":["champ:Shatter","champ:GutPunch","champ:Circumvent"],"picked":"SKIP","floor":6},{"not_picked":["champ:GutPunch","champ:Circumvent"],"picked":"champ:PreciseThrust","floor":8},{"not_picked":["champ:Duel","champ:EnGarde"],"picked":"champ:AdrenalArmor","floor":12},{"not_picked":["champ:TornadoPunch","champ:DefensiveShout"],"picked":"champ:MurderStrike","floor":13},{"not_picked":["champ:CrownThrow","champ:Circumvent"],"picked":"champ:EnGarde","floor":14},{"not_picked":["champ:FancyFootwork","champ:FalseCounter","champ:GladiatorStyle"],"picked":"SKIP","floor":15},{"not_picked":["champ:GladiatorForm","champ:CheapShot"],"picked":"champ:TripleStrike","floor":16},{"not_picked":["champ:Haymaker+1","champ:CrownThrow+1","champ:TornadoPunch"],"picked":"SKIP","floor":19},{"not_picked":["champ:EndlessRage","champ:Haymaker"],"picked":"champ:DefensiveShout+1","floor":20},{"not_picked":["champ:CrownThrow","champ:Parry+1"],"picked":"champ:FanOfKnives","floor":21},{"not_picked":["champ:Circumvent","champ:IronFortress+1"],"picked":"champ:Improvising","floor":23},{"not_picked":["champ:PerfectedStrike","champ:FocusedBerserking+1"],"picked":"champ:EnragedBash+1","floor":27},{"not_picked":["champ:Shatter+1","champ:FlashCut","champ:Backstep"],"picked":"SKIP","floor":31},{"not_picked":["champ:FlashCut","champ:CrownThrow+1","champ:CrookedStrike"],"picked":"SKIP","floor":32},{"not_picked":["champ:ShieldThrow","champ:Improvising"],"picked":"champ:LastStand","floor":33},{"not_picked":["champ:CalledShot","champ:FlashCut+1","champ:FocusedDefense+1"],"picked":"SKIP","floor":36},{"not_picked":["champ:FlashCut+1","champ:TornadoPunch+1","champ:SetATrap"],"picked":"SKIP","floor":39},{"not_picked":["champ:TornadoPunch+1","champ:RisingSlash"],"picked":"champ:IronFortress+1","floor":40},{"not_picked":["champ:DefensiveShout","champ:Circumvent"],"picked":"champ:ArenaPreparation","floor":42},{"not_picked":["champ:CalledShot","champ:DefensiveShout"],"picked":"champ:EnragedBash+1","floor":43},{"not_picked":["champ:PerfectedStrike+1","champ:Circumvent"],"picked":"champ:StanceDance","floor":44},{"not_picked":["champ:FaceSlap","champ:SetATrap+1"],"picked":"champ:ShieldWall+1","floor":45},{"not_picked":["champ:BladeFlurry","champ:HeartStrike+1"],"picked":"champ:StanceDance+1","floor":48},{"not_picked":["champ:Encircle+1","champ:DefensiveShout+1"],"picked":"champ:BerserkersShout","floor":49}],"player_experience":1009631,"relics_obtained":[{"floor":7,"key":"Eternal Feather"},{"floor":23,"key":"CaptainsWheel"},{"floor":24,"key":"Gremlin Horn"},{"floor":29,"key":"The Courier"},{"floor":40,"key":"Shuriken"},{"floor":41,"key":"Mummified Hand"},{"floor":44,"key":"Girya"},{"floor":46,"key":"Mercury Hourglass"}],"event_choices":[{"damage_healed":0,"gold_gain":0,"player_choice":"Relic","damage_taken":0,"max_hp_gain":0,"max_hp_loss":0,"event_name":"Wheel of Change","floor":46,"gold_loss":0}],"is_beta":false,"boss_relics":[{"not_picked":["Pandora\u0027s Box","Runic Dome"],"picked":"Coffee Dripper"},{"not_picked":["Runic Pyramid","Sozu"],"picked":"Philosopher\u0027s Stone"}],"items_purged_floors":[13,19],"is_endless":false,"potions_floor_spawned":[3,6,12,14,20,21,27,31,36,42,44,49],"ascension_level":0}}