{"host":"kejh1c9c53env2nx","time":1614107602,"event":{"mods":["BaseMod","Downfall","Minty Spire (QoL Compilation)","StSLib"],"gold_per_floor":[113,130,130,148,148,189,189,230,230,249,283,283,308,68,68,189,189,213,236,88,3,3,39,39,58,58,58,58,91,91,109,109,233,233,258,209,209,233,257,297,310,345,345,357,214,238,253,268,268,268],"floor_reached":51,"language":"ENG","playtime":5744,"items_purged":["Defend_G"],"score":790,"play_id":"a46ee7c0-9c83-4981-af20-3df3db54aac0","local_time":"20210223191322","is_ascension_mode":false,"campfire_choices":[{"floor":7,"key":"REST"},{"floor":15,"key":"REST"},{"floor":24,"key":"DIG"},{"data":"Finisher","floor":30,"key":"SMITH"},{"data":"Bullet Time","floor":32,"key":"SMITH"},{"floor":44,"key":"REST"},{"data":"1","floor":49,"key":"LIFT"}],"circlet_count":0,"master_deck":["Strike_G+1","Strike_G","Defend_G+1","Defend_G","Defend_G","Defend_G","Survivor","Accuracy","Blade Dance","Bullet Time+1","Terror","Finisher","Blade Dance","PiercingWail","Unload","CurseOfTheBell","Cloak And Dagger+1","Predator+1","Accuracy","Phantasmal Killer+1","Finisher+1","Bullet Time+1","Storm of Steel+1","Glass Knife+1","Sucker Punch+1","Blade Dance+1","Outmaneuver+1","Backstab+1","Finisher","Parasite"],"relics":["Ring of the Snake","Shovel","Golden Idol","Lantern","FossilizedHelix","Eternal Feather","Ginger","Ornamental Fan","Calling Bell","Oddly Smooth Stone","Mummified Hand","Thread and Needle","Toxic Egg 2","Tiny Chest","Bag of Preparation","White Beast Statue","Gremlin Horn","Astrolabe","Blood Vial","Girya","Bag of Marbles","MawBank","Ancient Tea Set"],"acts_visited":["Exordium","TheCity","TheBeyond"],"potions_floor_usage":[6,6,16,23,29,33,33,33,40,41,42,46,47,47,48,50,50],"damage_taken":[{"damage":0,"enemies":"Cultist","floor":1,"turns":4},{"damage":0,"enemies":"2 Louse","floor":2,"turns":4},{"damage":2,"enemies":"Small Slimes","floor":4,"turns":4},{"damage":22,"enemies":"Lagavulin","floor":6,"turns":6},{"damage":16,"enemies":"Gremlin Nob","floor":8,"turns":3},{"damage":0,"enemies":"Red Slaver","floor":10,"turns":2},{"damage":10,"enemies":"Lagavulin","floor":11,"turns":4},{"damage":0,"enemies":"Looter","floor":13,"turns":1},{"damage":0,"enemies":"Slime Boss","floor":16,"turns":8},{"damage":0,"enemies":"2 Thieves","floor":18,"turns":4},{"damage":0,"enemies":"Chosen","floor":19,"turns":3},{"damage":13,"enemies":"Slavers","floor":23,"turns":3},{"damage":0,"enemies":"Snecko","floor":25,"turns":4},{"damage":18,"enemies":"Gremlin Leader","floor":29,"turns":4},{"damage":0,"enemies":"Centurion and Healer","floor":31,"turns":2},{"damage":20,"enemies":"Champ","floor":33,"turns":7},{"damage":0,"enemies":"Orb Walker","floor":35,"turns":2},{"damage":36,"enemies":"3 Shapes","floor":38,"turns":3},{"damage":0,"enemies":"Giant Head","floor":40,"turns":6},{"damage":0,"enemies":"Writhing Mass","floor":41,"turns":3},{"damage":21,"enemies":"Nemesis","floor":42,"turns":5},{"damage":0,"enemies":"Maw","floor":46,"turns":4},{"damage":0,"enemies":"4 Shapes","floor":47,"turns":1},{"damage":0,"enemies":"Writhing Mass","floor":48,"turns":3},{"damage":53,"enemies":"Time Eater","floor":50,"turns":7}],"seed_played":"-8749938651258131621","potions_obtained":[{"floor":2,"key":"Fire Potion"},{"floor":4,"key":"GhostInAJar"},{"floor":11,"key":"Ancient Potion"},{"floor":13,"key":"Explosive Potion"},{"floor":19,"key":"PowerPotion"},{"floor":25,"key":"ColorlessPotion"},{"floor":29,"key":"DuplicationPotion"},{"floor":31,"key":"Slimebound:ThreeZeroPotion"},{"floor":33,"key":"CultistPotion"},{"floor":35,"key":"Slimebound:ThreeZeroPotion"},{"floor":38,"key":"Block Potion"},{"floor":40,"key":"Strength Potion"},{"floor":41,"key":"Explosive Potion"},{"floor":42,"key":"Swift Potion"},{"floor":46,"key":"Explosive Potion"},{"floor":47,"key":"SkillPotion"},{"floor":48,"key":"GhostInAJar"}],"is_trial":false,"path_per_floor":["M","M","?","M","?","E","R","E","T","M","E","?","M","$","R","B",null,"M","M","$","?","?","E","R","M","T","$","?","E","R","M","R","B",null,"M","$","?","M","T","E","M","E","T","R","$","M","M","M","R","B",null],"character_chosen":"THE_SILENT","items_purchased":["Ornamental Fan","Accuracy","Blade Dance+1","Ancient Tea Set"],"campfire_rested":3,"item_purchase_floors":[14,20,36,45],"current_hp_per_floor":[63,63,50,48,48,26,43,27,27,27,17,17,17,17,43,43,58,58,58,58,58,58,45,57,57,57,57,57,39,54,54,58,38,58,58,58,58,22,22,24,26,7,7,39,39,41,43,45,58,5],"gold":268,"neow_bonus":"ONE_RARE_RELIC","is_daily":false,"chose_seed":false,"campfire_upgraded":2,"win_rate":0.0,"timestamp":1614107602,"path_taken":["M","M","?","M","?","E","R","E","T","M","E","?","M","$","R","BOSS","M","M","$","?","?","E","R","?","T","$","?","E","R","M","R","BOSS","M","$","?","M","?","E","M","E","T","R","$","M","M","M","R","BOSS"],"items_purchased_type":["Relic","Card","Card","Relic"],"build_version":"2020-12-22","purchased_purges":1,"victory":true,"max_hp_per_floor":[63,63,63,63,58,58,58,58,58,58,58,58,58,58,58,58,58,58,58,58,58,58,58,58,58,58,58,58,58,58,58,58,58,58,58,58,58,58,58,58,58,58,58,58,58,58,58,58,58,58],"card_choices":[{"not_picked":["Dagger Spray","Prepared"],"picked":"Accuracy","floor":1},{"not_picked":["Calculated Gamble","Bane"],"picked":"Blade Dance","floor":2},{"not_picked":["Eviscerate","Sucker Punch"],"picked":"Bullet Time","floor":4},{"not_picked":["Backflip","Flechettes"],"picked":"Terror","floor":6},{"not_picked":["Predator","Outmaneuver"],"picked":"Finisher","floor":8},{"not_picked":["Dodge and Roll","Deadly Poison"],"picked":"Blade Dance","floor":10},{"not_picked":["Malaise","Blur"],"picked":"Quick Slash","floor":11},{"not_picked":["Flying Knee","Underhanded Strike"],"picked":"PiercingWail","floor":13},{"not_picked":["Corpse Explosion","Bullet Time"],"picked":"Unload","floor":16},{"not_picked":["Noxious Fumes","Calculated Gamble"],"picked":"Cloak And Dagger+1","floor":18},{"not_picked":["Riddle With Holes","Outmaneuver"],"picked":"Predator+1","floor":19},{"not_picked":["Bane+1","Deflect+1"],"picked":"Phantasmal Killer+1","floor":23},{"not_picked":["Deadly Poison+1","Dagger Spray"],"picked":"Finisher","floor":25},{"not_picked":["Deflect+1","Prepared+1"],"picked":"Bullet Time+1","floor":29},{"not_picked":["Quick Slash","Deadly Poison+1","Escape Plan+1"],"picked":"SKIP","floor":31},{"not_picked":["Die Die Die","Envenom"],"picked":"Storm of Steel+1","floor":33},{"not_picked":["Deflect+1","Backflip+1","Prepared+1"],"picked":"SKIP","floor":35},{"not_picked":["Deadly Poison+1","Masterful Stab"],"picked":"Outmaneuver+1","floor":38},{"not_picked":["Deadly Poison+1","Slice"],"picked":"Backstab+1","floor":40},{"not_picked":["Infinite Blades","Dagger Throw+1","All Out Attack+1"],"picked":"SKIP","floor":41},{"not_picked":["Footwork+1","Deadly Poison+1","Unload"],"picked":"SKIP","floor":42},{"not_picked":["Noxious Fumes+1","Cloak And Dagger+1"],"picked":"Finisher","floor":46},{"not_picked":["Well Laid Plans","Acrobatics+1","Underhanded Strike+1"],"picked":"SKIP","floor":47},{"not_picked":["Deadly Poison+1","Eviscerate","Bane+1"],"picked":"SKIP","floor":48}],"player_experience":72838,"relics_obtained":[{"floor":6,"key":"Lantern"},{"floor":8,"key":"FossilizedHelix"},{"floor":9,"key":"Eternal Feather"},{"floor":11,"key":"Ginger"},{"floor":17,"key":"Oddly Smooth Stone"},{"floor":17,"key":"Mummified Hand"},{"floor":17,"key":"Thread and Needle"},{"floor":23,"key":"Tiny Chest"},{"floor":24,"key":"Bag of Preparation"},{"floor":26,"key":"White Beast Statue"},{"floor":29,"key":"Gremlin Horn"},{"floor":39,"key":"Blood Vial"},{"floor":40,"key":"Girya"},{"floor":42,"key":"Bag of Marbles"},{"floor":43,"key":"MawBank"}],"event_choices":[{"damage_healed":0,"gold_gain":0,"player_choice":"Entered Light","damage_taken":13,"max_hp_gain":0,"max_hp_loss":0,"event_name":"Shining Light","floor":3,"gold_loss":0,"cards_upgraded":["Strike_G","Defend_G"]},{"damage_healed":0,"gold_gain":0,"player_choice":"Lose Max HP","damage_taken":0,"relics_obtained":["Golden Idol"],"max_hp_gain":0,"max_hp_loss":5,"event_name":"Golden Idol","floor":5,"gold_loss":0},{"cards_removed":["Strike_G"],"damage_healed":0,"gold_gain":0,"player_choice":"Offered Basic","damage_taken":0,"max_hp_gain":0,"max_hp_loss":0,"event_name":"Bonfire Elementals","floor":12,"gold_loss":0},{"damage_healed":0,"gold_gain":0,"player_choice":"Obtained Relic","damage_taken":0,"relics_obtained":["Toxic Egg 2"],"max_hp_gain":0,"max_hp_loss":0,"event_name":"Addict","floor":21,"gold_loss":85},{"cards_removed":["Strike_G"],"damage_healed":0,"gold_gain":0,"player_choice":"Purged","damage_taken":0,"max_hp_gain":0,"max_hp_loss":0,"event_name":"Purifier","floor":22,"gold_loss":0},{"damage_healed":0,"gold_gain":0,"player_choice":"Ignored","damage_taken":0,"max_hp_gain":0,"max_hp_loss":0,"event_name":"Vampires","floor":28,"gold_loss":0},{"cards_removed":["Catalyst"],"damage_healed":0,"gold_gain":0,"player_choice":"Removed Skill","damage_taken":0,"max_hp_gain":0,"max_hp_loss":0,"event_name":"Falling","floor":37,"gold_loss":0}],"is_beta":false,"boss_relics":[{"not_picked":["Coffee Dripper","Philosopher\u0027s Stone"],"picked":"Calling Bell"},{"not_picked":["Velvet Choker","Snecko Eye"],"picked":"Astrolabe"}],"items_purged_floors":[20],"is_endless":false,"potions_floor_spawned":[2,4,11,13,19,25,29,31,33,35,38,40,41,42,46,47,48],"ascension_level":0}}