{"host":"x4954lblgztusody","time":1614059302,"event":{"mods":["BaseMod","Colored Map","Curses Come First","Minty Spire (QoL Compilation)","Rare Cards Sparkle","StSLib"],"gold_per_floor":[361,54,72,91,109,109,134,154,154,188,188,202,172,185,185,284,284,301,55,74,74,74,104,104,104,104,121,152,152,152,3,3,104,104,114,169,184,184,184,184,209,209,234,234,63,113,138,42,42,42,42,42,42,72,72,72],"floor_reached":55,"language":"ENG","playtime":4097,"items_purged":["Strike_G","Strike_G","Shame"],"score":843,"play_id":"2c1cbced-5694-420e-b941-b14ffbac424d","local_time":"20210222214822","is_ascension_mode":true,"campfire_choices":[{"floor":6,"key":"REST"},{"floor":11,"key":"REST"},{"data":"Catalyst","floor":15,"key":"SMITH"},{"data":"Neutralize","floor":24,"key":"SMITH"},{"data":"1","floor":32,"key":"LIFT"},{"data":"Sucker Punch","floor":40,"key":"SMITH"},{"floor":42,"key":"REST"},{"floor":49,"key":"RECALL"},{"data":"Chrysalis","floor":52,"key":"SMITH"}],"circlet_count":0,"master_deck":["Strike_G+1","Strike_G+1","Strike_G+1","Defend_G+1","Defend_G+1","Defend_G+1","Defend_G+1","Defend_G+1","Survivor","Neutralize+1","Sucker Punch+1","Infinite Blades","Catalyst+1","Deadly Poison","Noxious Fumes","Dash","Masterful Stab","Glass Knife","Envenom","Deadly Poison","PiercingWail+1","Outmaneuver+1","Blade Dance+1","Tactician","After Image","Catalyst+1","PiercingWail","Madness","Madness","Infinite Blades+1","Chrysalis+1","Deflect","Purity"],"relics":["Ring of the Snake","OrangePellets","Oddly Smooth Stone","Ninja Scroll","Letter Opener","Runic Pyramid","TheAbacus","Centennial Puzzle","Ice Cream","Enchiridion","Bottled Lightning","Girya","Calipers","Nunchaku","Philosopher\u0027s Stone","Incense Burner","Eternal Feather","Tough Bandages","Strawberry","Gremlin Horn"],"acts_visited":["Exordium","TheCity","TheBeyond","TheEnding"],"potions_floor_usage":[7,16,20,36,36,55,55,55],"damage_taken":[{"damage":4,"enemies":"Jaw Worm","floor":1,"turns":6},{"damage":0,"enemies":"Cultist","floor":3,"turns":3},{"damage":3,"enemies":"2 Louse","floor":4,"turns":4},{"damage":9,"enemies":"2 Fungi Beasts","floor":5,"turns":5},{"damage":31,"enemies":"3 Sentries","floor":7,"turns":9},{"damage":2,"enemies":"Looter","floor":8,"turns":3},{"damage":13,"enemies":"Lagavulin","floor":10,"turns":6},{"damage":14,"enemies":"Large Slime","floor":12,"turns":4},{"damage":0,"enemies":"3 Louse","floor":14,"turns":2},{"damage":1,"enemies":"Hexaghost","floor":16,"turns":8},{"damage":0,"enemies":"3 Byrds","floor":18,"turns":6},{"damage":12,"enemies":"Shell Parasite","floor":20,"turns":6},{"damage":6,"enemies":"Book of Stabbing","floor":23,"turns":5},{"damage":16,"enemies":"Snake Plant","floor":27,"turns":3},{"damage":0,"enemies":"Gremlin Leader","floor":28,"turns":5},{"damage":5,"enemies":"Champ","floor":33,"turns":12},{"damage":3,"enemies":"3 Darklings","floor":35,"turns":5},{"damage":20,"enemies":"2 Orb Walkers","floor":36,"turns":5},{"damage":3,"enemies":"Orb Walker","floor":37,"turns":3},{"damage":21,"enemies":"Reptomancer","floor":41,"turns":6},{"damage":0,"enemies":"Mind Bloom Boss Battle","floor":46,"turns":8},{"damage":12,"enemies":"Nemesis","floor":47,"turns":5},{"damage":15,"enemies":"Donu and Deca","floor":50,"turns":11},{"damage":21,"enemies":"Shield and Spear","floor":54,"turns":7},{"damage":62,"enemies":"The Heart","floor":55,"turns":5}],"seed_played":"-3142540468935008711","potions_obtained":[{"floor":5,"key":"GamblersBrew"},{"floor":8,"key":"FearPotion"},{"floor":12,"key":"DuplicationPotion"},{"floor":13,"key":"FairyPotion"},{"floor":16,"key":"Swift Potion"},{"floor":18,"key":"BlessingOfTheForge"},{"floor":23,"key":"Fire Potion"},{"floor":27,"key":"SteroidPotion"},{"floor":37,"key":"Ancient Potion"},{"floor":46,"key":"Ancient Potion"},{"floor":54,"key":"Dexterity Potion"}],"is_trial":false,"path_per_floor":["M","$","M","M","M","R","E","M","T","E","R","M","?","M","R","B",null,"M","$","M","?","?","E","R","?","T","M","E","?","?","$","R","B",null,"M","?","M","?","?","R","E","R","T","?","$","?","E","$","R","B",null,"R","$","E","B"],"character_chosen":"THE_SILENT","items_purchased":["OrangePellets","Infinite Blades","TheAbacus","Nunchaku","Deflect","Purity"],"campfire_rested":3,"item_purchase_floors":[2,2,19,31,45,48],"current_hp_per_floor":[45,45,45,42,33,54,23,21,21,8,29,15,15,15,15,14,70,70,70,58,58,58,52,52,36,36,20,20,20,20,20,20,15,70,67,47,44,44,35,35,14,53,53,53,53,53,48,48,66,51,77,77,77,56,0,0],"gold":72,"neow_bonus":"TWO_FIFTY_GOLD","is_daily":false,"chose_seed":false,"campfire_upgraded":4,"win_rate":0.0,"timestamp":1614059302,"path_taken":["M","$","M","M","M","R","E","M","T","E","R","M","?","?","R","BOSS","M","$","M","?","?","E","R","?","T","M","E","?","?","?","R","BOSS","M","?","M","?","?","R","E","R","T","?","$","?","E","$","R","BOSS","R","$","E","BOSS"],"items_purchased_type":["Relic","Card","Relic","Relic","Card","Card"],"build_version":"2020-12-22","purchased_purges":3,"victory":false,"max_hp_per_floor":[70,70,70,70,70,70,70,70,70,70,70,70,70,70,70,70,70,70,70,70,70,70,70,70,70,70,70,70,70,70,70,70,70,70,70,70,70,70,70,70,70,70,70,70,70,70,77,77,77,77,77,77,77,77,77,77],"card_choices":[{"not_picked":["Slice","Outmaneuver"],"picked":"Sucker Punch","floor":1},{"not_picked":["Sucker Punch","Dagger Spray"],"picked":"Catalyst","floor":3},{"not_picked":["Dagger Throw","Escape Plan"],"picked":"Deadly Poison","floor":4},{"not_picked":["Deflect","Quick Slash"],"picked":"Noxious Fumes","floor":5},{"not_picked":["Underhanded Strike","Dodge and Roll"],"picked":"Dash","floor":7},{"not_picked":["Reflex","Bane"],"picked":"Masterful Stab","floor":8},{"not_picked":["Calculated Gamble","Flying Knee"],"picked":"Glass Knife","floor":10},{"not_picked":["Backstab","Distraction","Deflect"],"picked":"SKIP","floor":12},{"not_picked":["Backstab","Distraction","Deflect"],"picked":"SKIP","floor":12},{"not_picked":["Acrobatics","Backstab","Flying Knee"],"picked":"SKIP","floor":14},{"not_picked":["A Thousand Cuts","Die Die Die"],"picked":"Envenom","floor":16},{"not_picked":["Heel Hook+1","Backflip"],"picked":"Deadly Poison","floor":18},{"not_picked":["Noxious Fumes","Prepared"],"picked":"PiercingWail+1","floor":20},{"not_picked":["Bane+1","Blur"],"picked":"Outmaneuver+1","floor":23},{"not_picked":["Prepared","Acrobatics"],"picked":"Blade Dance+1","floor":27},{"not_picked":["Riddle With Holes+1","Distraction","Slice"],"picked":"SKIP","floor":28},{"not_picked":["Burst","Corpse Explosion"],"picked":"After Image","floor":33},{"not_picked":["Dagger Spray+1","Flying Knee+1","Heel Hook"],"picked":"SKIP","floor":35},{"not_picked":["Noxious Fumes","All Out Attack"],"picked":"Catalyst+1","floor":36},{"not_picked":["Bane+1","Acrobatics+1"],"picked":"PiercingWail","floor":37},{"not_picked":["Crippling Poison+1","Backflip"],"picked":"Infinite Blades+1","floor":41},{"not_picked":["Bandage Up","Jack Of All Trades"],"picked":"Chrysalis","floor":44},{"not_picked":["Slice+1","Acrobatics+1","Skewer+1"],"picked":"SKIP","floor":47},{"not_picked":["All Out Attack","Eviscerate","Poisoned Stab+1"],"picked":"SKIP","floor":54}],"player_experience":39282,"relics_obtained":[{"floor":7,"key":"Oddly Smooth Stone"},{"floor":9,"key":"Ninja Scroll"},{"floor":10,"key":"Letter Opener"},{"floor":23,"key":"Ice Cream"},{"floor":25,"key":"Enchiridion"},{"floor":26,"key":"Bottled Lightning"},{"floor":28,"key":"Girya"},{"floor":36,"key":"Incense Burner"},{"floor":41,"key":"Eternal Feather"},{"floor":46,"key":"Tough Bandages"},{"floor":47,"key":"Strawberry"},{"floor":54,"key":"Gremlin Horn"}],"event_choices":[{"damage_healed":0,"gold_gain":0,"player_choice":"Bought 2 Potions","damage_taken":0,"max_hp_gain":0,"max_hp_loss":0,"event_name":"The Woman in Blue","floor":13,"gold_loss":0},{"damage_healed":0,"gold_gain":0,"player_choice":"Stole Relic","damage_taken":0,"relics_obtained":["Centennial Puzzle"],"max_hp_gain":0,"max_hp_loss":0,"event_name":"Addict","floor":21,"gold_loss":0,"cards_obtained":["Shame"]},{"damage_healed":0,"gold_gain":0,"player_choice":"Simplicity","damage_taken":0,"max_hp_gain":0,"max_hp_loss":0,"event_name":"Back to Basics","floor":22,"gold_loss":0,"cards_upgraded":["Strike_G","Strike_G","Strike_G","Defend_G","Defend_G","Defend_G","Defend_G","Defend_G"]},{"damage_healed":0,"gold_gain":0,"player_choice":"Obtained Book","damage_taken":16,"max_hp_gain":0,"max_hp_loss":0,"event_name":"Cursed Tome","floor":25,"gold_loss":0},{"damage_healed":0,"gold_gain":0,"player_choice":"Opened","damage_taken":0,"relics_obtained":["Calipers"],"max_hp_gain":0,"max_hp_loss":0,"event_name":"The Mausoleum","floor":29,"gold_loss":0},{"damage_healed":0,"gold_gain":0,"player_choice":"Read","damage_taken":0,"max_hp_gain":0,"max_hp_loss":0,"event_name":"The Library","floor":30,"gold_loss":0,"cards_obtained":["Tactician"]},{"damage_healed":0,"gold_gain":0,"player_choice":"Fight","damage_taken":0,"max_hp_gain":0,"max_hp_loss":0,"event_name":"Mysterious Sphere","floor":36,"gold_loss":0},{"damage_healed":0,"gold_gain":0,"player_choice":"Ignored","damage_taken":0,"max_hp_gain":0,"max_hp_loss":0,"event_name":"Tomb of Lord Red Mask","floor":38,"gold_loss":0},{"damage_healed":0,"gold_gain":0,"player_choice":"Embrace Madness","damage_taken":9,"max_hp_gain":0,"max_hp_loss":0,"event_name":"Winding Halls","floor":39,"gold_loss":0,"cards_obtained":["Madness","Madness"]},{"damage_healed":0,"gold_gain":0,"player_choice":"Memory 1","damage_taken":0,"max_hp_gain":0,"max_hp_loss":0,"event_name":"SensoryStone","floor":44,"gold_loss":0},{"damage_healed":0,"gold_gain":0,"player_choice":"Fight","damage_taken":0,"max_hp_gain":0,"max_hp_loss":0,"event_name":"MindBloom","floor":46,"gold_loss":0}],"is_beta":false,"boss_relics":[{"not_picked":["Busted Crown","SacredBark"],"picked":"Runic Pyramid"},{"not_picked":["Calling Bell","Astrolabe"],"picked":"Philosopher\u0027s Stone"}],"items_purged_floors":[2,19,45],"is_endless":false,"potions_floor_spawned":[5,8,12,16,18,23,27,37,46,47,54],"killed_by":"The Heart","ascension_level":2}}