{"host":"8is2j71l4wmybkoi","time":1614066210,"event":{"mods":["AchievementEnabler","BaseMod","Colored Map","DeckTracker","Minty Spire (QoL Compilation)","Rare Cards Sparkle","Relic Stats","StSLib","SuperFastMode"],"gold_per_floor":[113,113,160,170,186,186,221,232,257,257,257,257,289,299,299,299,299],"floor_reached":16,"language":"KOR","playtime":438,"items_purged":[],"score":193,"play_id":"36f673a5-18f7-4a8a-8e3a-3514322faaa6","local_time":"20210223164330","is_ascension_mode":true,"campfire_choices":[{"data":"Evolve","floor":6.0,"key":"SMITH"},{"data":"Flex","floor":10.0,"key":"SMITH"},{"data":"Fire Breathing","floor":12.0,"key":"SMITH"},{"data":"Rampage","floor":15.0,"key":"SMITH"}],"circlet_count":0,"master_deck":["AscendersBane","Strike_R","Strike_R","Strike_R","Strike_R","Defend_R","Defend_R","Defend_R","Defend_R","Bash","Fire Breathing+1","Rampage+1","Evolve+1","Shockwave","Reckless Charge","Flex+1","Headbutt"],"relics":["Burning Blood","Akabeko","Art of War","Oddly Smooth Stone","Vajra","Sundial"],"acts_visited":["Exordium"],"potions_floor_usage":[],"damage_taken":[{"damage":1.0,"enemies":"Small Slimes","floor":1.0,"turns":5.0},{"damage":2.0,"enemies":"Jaw Worm","floor":4.0,"turns":3.0},{"damage":6.0,"enemies":"Cultist","floor":5.0,"turns":4.0},{"damage":25.0,"enemies":"3 Sentries","floor":7.0,"turns":4.0},{"damage":4.0,"enemies":"2 Fungi Beasts","floor":8.0,"turns":4.0},{"damage":16.0,"enemies":"Gremlin Nob","floor":13.0,"turns":3.0},{"damage":1.0,"enemies":"3 Louse","floor":14.0,"turns":2.0},{"damage":32,"enemies":"The Guardian","floor":16,"turns":8}],"seed_played":"661649890864204606","potions_obtained":[{"floor":5.0,"key":"FearPotion"},{"floor":7.0,"key":"AttackPotion"},{"floor":13.0,"key":"FearPotion"},{"floor":14.0,"key":"SteroidPotion"}],"is_trial":false,"path_per_floor":["M","?","T","M","M","R","E","M","T","R","?","R","E","M","R","B"],"character_chosen":"IRONCLAD","items_purchased":[],"campfire_rested":0,"item_purchase_floors":[],"current_hp_per_floor":[73,68,68,72,72,72,53,55,55,55,44,44,34,39,39,7,7],"gold":299,"neow_bonus":"TRANSFORM_CARD","is_daily":false,"chose_seed":false,"campfire_upgraded":4,"win_rate":0.0,"timestamp":1614066210,"path_taken":["M","?","?","M","M","R","E","M","T","R","?","R","E","?","R","BOSS"],"items_purchased_type":[],"build_version":"2020-12-22","purchased_purges":0,"victory":false,"max_hp_per_floor":[75,75,75,75,75,75,75,75,75,75,75,75,75,75,75,75,75],"relic_stats":{"counters":[8,33],"Sundial":[2],"Art of War":[8],"obtain_stats":[{"Sundial":13,"Oddly Smooth Stone":7,"Vajra":9,"Art of War":3,"Burning Blood":0,"Akabeko":2},{"Sundial":6,"Oddly Smooth Stone":4,"Vajra":5,"Art of War":1,"Burning Blood":0,"Akabeko":1},{"Sundial":23,"Oddly Smooth Stone":16,"Vajra":20,"Art of War":5,"Burning Blood":0,"Akabeko":5}],"Burning Blood":42},"card_choices":[{"not_picked":["Armaments","Entrench"],"picked":"Rampage","floor":1.0},{"not_picked":["Rupture","Armaments"],"picked":"Evolve","floor":4.0},{"not_picked":["Fire Breathing","Anger"],"picked":"Shockwave","floor":5.0},{"not_picked":["Cleave","Dark Embrace"],"picked":"Reckless Charge","floor":7.0},{"not_picked":["Rage","Sword Boomerang"],"picked":"Flex","floor":8.0},{"not_picked":["Thunderclap","Flex"],"picked":"Headbutt","floor":13.0},{"not_picked":["True Grit","Perfected Strike","Cleave"],"picked":"SKIP","floor":14.0}],"player_experience":1306566,"relics_obtained":[{"floor":3.0,"key":"Art of War"},{"floor":7.0,"key":"Oddly Smooth Stone"},{"floor":9.0,"key":"Vajra"},{"floor":13.0,"key":"Sundial"}],"event_choices":[{"damage_healed":0.0,"max_hp_gain":0.0,"max_hp_loss":0.0,"gold_gain":0.0,"event_name":"Scrap Ooze","player_choice":"Success","floor":2.0,"gold_loss":0.0,"damage_taken":5.0,"relics_obtained":["Akabeko"]},{"damage_healed":0.0,"max_hp_gain":0.0,"max_hp_loss":0.0,"gold_gain":0.0,"event_name":"Wheel of Change","player_choice":"Damaged","floor":11.0,"gold_loss":0.0,"damage_taken":11.0}],"is_beta":false,"boss_relics":[],"items_purged_floors":[],"is_endless":false,"potions_floor_spawned":[5,7,13,14],"killed_by":"The Guardian","ascension_level":15}}