{"host":"z9x5nldzhmx4jdfi","time":1614114534,"event":{"mods":["2.2 Compatiblity","Act Like it!","BaseMod","Bestiary","Better Altar","Better Match","Better Note","Better Sensory Stone","Better Skull","Better Third Choice","BetterRewards","Block Reminder","Card Filter","Colored Powertips","Infinite Spire","Minty Spire (QoL Compilation)","Relic Filter","StSLib","Td1madao Mod","The Animator","The Servant 0.9.4","Wandering Minibosses"],"gold_per_floor":[127,2,77,97,113,113,113],"floor_reached":6,"language":"ENG","playtime":622,"items_purged":["animator:Strike","animator:Strike","animator:Defend"],"score":72,"play_id":"f235ad5b-ea3e-4c9d-bd25-772ab5b38c8f","local_time":"20210223150854","is_ascension_mode":true,"campfire_choices":[],"circlet_count":0,"master_deck":["AscendersBane","animator:Strike_GoblinSlayer","animator:Defend_GoblinSlayer","animator:Strike","animator:Defend","animator:Defend","animator:LizardPriest","animator:DwarfShaman","animator:GuildGirl","animator:HighElfArcher","animator:YuiTsuruno"],"relics":["animator:LivingPicture","animator:TheMissingPiece","HornCleat"],"acts_visited":["Exordium"],"potions_floor_usage":[],"damage_taken":[{"damage":0.0,"enemies":"Jaw Worm","floor":1.0,"turns":4.0},{"damage":0.0,"enemies":"Small Slimes","floor":4.0,"turns":4.0},{"damage":4.0,"enemies":"Cultist","floor":5.0,"turns":4.0},{"damage":19,"enemies":"Gremlin Nob","floor":6,"turns":3}],"seed_played":"2823827718202456171","potions_obtained":[{"floor":4.0,"key":"ColorlessPotion"}],"is_trial":false,"path_per_floor":["M","$","?","M","M","E"],"character_chosen":"THE_ANIMATOR","items_purchased":["HornCleat","animator:GuildGirl","Block Potion"],"campfire_rested":0,"item_purchase_floors":[0,0,0],"current_hp_per_floor":[31,31,20,20,16,0,0],"gold":113,"neow_bonus":"","is_daily":false,"chose_seed":false,"campfire_upgraded":0,"win_rate":0.0,"timestamp":1614114534,"path_taken":["M","$","?","M","M","E"],"items_purchased_type":["Relic","Card","Potion"],"build_version":"2020-12-22","purchased_purges":3,"victory":false,"max_hp_per_floor":[60,60,60,60,60,60,60],"card_choices":[{"not_picked":["animator:Yoichi","animator:YuiTsuruno"],"picked":"animator:HighElfArcher","floor":1.0},{"not_picked":["animator:YuiTsuruno","animator:Emonzaemon","animator:UneriGinkaku"],"picked":"SKIP","floor":4.0},{"not_picked":["animator:Demiurge","animator:DolaSchwi"],"picked":"animator:YuiTsuruno","floor":5.0}],"player_experience":1528457,"relics_obtained":[],"event_choices":[{"damage_healed":0.0,"max_hp_gain":0.0,"max_hp_loss":0.0,"gold_gain":75.0,"event_name":"betterThird:BetterGoop","player_choice":"Gold","floor":3.0,"gold_loss":0.0,"damage_taken":11.0}],"is_beta":false,"boss_relics":[],"items_purged_floors":[0,0,2],"is_endless":false,"potions_floor_spawned":[4],"killed_by":"Gremlin Nob","ascension_level":20}}