{"host":"og21o26alpnbwmz8","time":1614102206,"event":{"mods":["2.2 Compatiblity","Act Like it!","Aspiration","BaseMod","Conspire","Downfall","Gensokyo","Halation","Hermit","Hubris","Jedi Mod","Mimic Mod","Minty Spire (QoL Compilation)","Pale of the Ancients","Reliquary","Replay The Spire","Shop Mod","Spikes Relics","StSLib","The Alterego","The Animator","The Blue Laboratory","The Bug Knight","Waifu the Spire","Yuri Mod"],"gold_per_floor":[110,122,122,197,217,217,58,87,87,87,87,87,87,87,103,118,118,118,118],"floor_reached":18,"language":"ENG","playtime":265,"items_purged":[],"score":110,"play_id":"579967ea-9a08-4e23-83be-2ac7233cce41","local_time":"20210223124326","is_ascension_mode":false,"campfire_choices":[{"data":"hermit:CalledShot","floor":6,"key":"SMITH"},{"data":"hermit:Roughhouse","floor":10,"key":"SMITH"},{"data":"hermit:Headshot","floor":17,"key":"SMITH"}],"circlet_count":0,"master_deck":["hermit:Strike_Hermit","hermit:Strike_Hermit","hermit:Strike_Hermit","hermit:Strike_Hermit","hermit:Defend_Hermit+1","hermit:Defend_Hermit","hermit:Defend_Hermit","hermit:Defend_Hermit+1","hermit:Snapshot+1","hermit:Covet","hermit:CalledShot+1","hermit:Snipe","hermit:Roughhouse+1","hermit:Headshot+1"],"relics":["hermit:Momento","NeowsBlessing","HollowMod:PaleOreRelic","Pondfish Scales","halation:PinkSoulGem"],"acts_visited":["Exordium"],"potions_floor_usage":[8],"damage_taken":[{"damage":0,"enemies":"Jaw Worm","floor":1,"turns":1},{"damage":0,"enemies":"Small Slimes","floor":2,"turns":1},{"damage":0,"enemies":"Cultist","floor":5,"turns":1},{"damage":4,"enemies":"3 Sentries","floor":8,"turns":4},{"damage":3,"enemies":"3 Louse","floor":15,"turns":3},{"damage":0,"enemies":"Looter","floor":16,"turns":3},{"damage":0,"enemies":"Slime Boss","floor":18,"turns":5}],"seed_played":"2997118370608613357","potions_obtained":[{"floor":2,"key":"Explosive Potion"}],"is_trial":false,"path_per_floor":["M","M","?","?","M","R","$","E","T","R","PTL","PTL","?","?","M","M","R","B"],"character_chosen":"HERMIT","items_purchased":["hermit:Roughhouse"],"campfire_rested":0,"item_purchase_floors":[7],"current_hp_per_floor":[75,75,60,53,53,53,53,49,49,49,49,49,49,49,46,46,46,46,46],"gold":118,"neow_bonus":"THREE_ENEMY_KILL","is_daily":false,"chose_seed":false,"campfire_upgraded":3,"win_rate":0.0,"timestamp":1614102206,"path_taken":["M","M","?","?","?","R","$","E","T","R","PTL","PTL","?","?","?","M","R","BOSS"],"items_purchased_type":["Card"],"build_version":"2020-12-22","purchased_purges":0,"victory":false,"max_hp_per_floor":[75,75,75,75,75,75,75,75,75,75,75,75,75,75,75,75,75,75,75],"card_choices":[{"not_picked":["hermit:Feint","hermit:Quickdraw"],"picked":"hermit:CalledShot","floor":1},{"not_picked":["hermit:Gestalt","hermit:DeadMansHand","hermit:Malice"],"picked":"SKIP","floor":2},{"not_picked":["hermit:Manifest","hermit:Quickdraw"],"picked":"hermit:Snipe","floor":5},{"not_picked":["hermit:LoneWolf","hermit:HighCaliber","hermit:LuckOfTheDraw"],"picked":"SKIP","floor":8},{"not_picked":["hermit:Misfire","hermit:CalledShot","hermit:LoneWolf"],"picked":"SKIP","floor":15},{"not_picked":["hermit:TakeAim","hermit:ShadowCloak"],"picked":"hermit:Headshot","floor":16}],"player_experience":423664,"relics_obtained":[{"floor":8,"key":"HollowMod:PaleOreRelic"},{"floor":9,"key":"Pondfish Scales"}],"event_choices":[{"damage_healed":0,"gold_gain":0,"player_choice":"Entered Light","damage_taken":15,"max_hp_gain":0,"max_hp_loss":0,"event_name":"Shining Light","floor":3,"gold_loss":0,"cards_upgraded":["hermit:Snapshot","hermit:Defend_Hermit"]},{"damage_healed":0,"gold_gain":75,"player_choice":"Touch","damage_taken":7,"max_hp_gain":0,"max_hp_loss":0,"event_name":"FaceTrader","floor":4,"gold_loss":0}],"is_beta":false,"boss_relics":[],"items_purged_floors":[],"is_endless":false,"potions_floor_spawned":[2],"killed_by":"Slime Boss","ascension_level":0}}