{"host":"ujcpc4n3upk45dwl","time":1614098493,"event":{"mods":["Act Like it!","BaseMod","Bestiary","Colored Map","Highlight Path","Jorbs\u0027s Wanderer Trilogy","Minty Spire (QoL Compilation)","Replay The Spire","Shop Mod","StSLib","The Cursed"],"gold_per_floor":[118,118,118,131,6,39,39,55,102,130,142,165,177,207,219,330,342,370,395,51,64,162,162,162,162,162,162,215,258,296,350,350,386,386],"floor_reached":33,"language":"ENG","playtime":1707,"items_purged":["Defend_G"],"score":327,"play_id":"9dce1de2-696c-4e70-8fbd-f574d85d3656","local_time":"20210224004133","is_ascension_mode":true,"campfire_choices":[{"data":"ReplayTheSpireMod:Scrap Shanks","floor":7.0,"key":"SMITH"},{"data":"Prepared","floor":11.0,"key":"SMITH"},{"data":"Choke","floor":15.0,"key":"SMITH"},{"data":"Prepared","floor":23,"key":"SMITH"},{"data":"Blade Dance","floor":25,"key":"SMITH"},{"floor":27,"key":"REST"},{"floor":32,"key":"REST"}],"circlet_count":0,"master_deck":["Strike_G","Strike_G+1","Strike_G","Strike_G+1","Defend_G+1","Defend_G","Defend_G","Defend_G","Survivor+1","Neutralize","Terror","Choke+1","ReplayTheSpireMod:Scrap Shanks+1","Slice","Endless Agony","Prepared+1","ReplayTheSpireMod:The Works","Storm of Steel+1","Deflect+1","Blade Dance+1","Prepared+1","Slice"],"relics":["Ring of the Snake","NeowsBlessing","Simple Rune","Busted Crown","Strange Spoon","MerchantsRug","Replay:Bandana","Iron Hammer"],"acts_visited":["Exordium","TheCity"],"potions_floor_usage":[31,33],"damage_taken":[{"damage":0.0,"enemies":"2 Louse","floor":1.0,"turns":1.0},{"damage":0.0,"enemies":"Cultist","floor":4.0,"turns":1.0},{"damage":0.0,"enemies":"3 Sentries","floor":6.0,"turns":2.0},{"damage":4.0,"enemies":"Jaw Worm","floor":8.0,"turns":4.0},{"damage":11.0,"enemies":"Lagavulin","floor":10.0,"turns":5.0},{"damage":0.0,"enemies":"Blue Slaver","floor":12.0,"turns":2.0},{"damage":6.0,"enemies":"Exordium Thugs","floor":14.0,"turns":3.0},{"damage":7.0,"enemies":"Slime Boss","floor":16.0,"turns":8.0},{"damage":0.0,"enemies":"Chosen","floor":18.0,"turns":4.0},{"damage":8.0,"enemies":"Spheric Guardian","floor":19.0,"turns":4.0},{"damage":13.0,"enemies":"Snake Plant","floor":21.0,"turns":2.0},{"damage":0,"enemies":"Centurion and Healer","floor":28,"turns":3},{"damage":5,"enemies":"Snecko","floor":29,"turns":3},{"damage":24,"enemies":"Snake Plant","floor":30,"turns":4},{"damage":18,"enemies":"Sentry and Sphere","floor":31,"turns":4},{"damage":32,"enemies":"Pondfish","floor":33,"turns":5}],"seed_played":"1110409946119787648","potions_obtained":[{"floor":1.0,"key":"FearPotion"},{"floor":4.0,"key":"Adrenaline Potion"},{"floor":12.0,"key":"Energy Potion"},{"floor":16.0,"key":"Cursed Concoction"},{"floor":18.0,"key":"Block Potion"},{"floor":30,"key":"SkillPotion"},{"floor":31,"key":"Dexterity Potion"}],"is_trial":false,"path_per_floor":["M","?","?","M","$","E","R","M","T","E","R","M","$","M","R","B",null,"M","M","$","M","?","R","?","R","T","R","M","M","M","M","R_BF","B"],"character_chosen":"THE_SILENT","items_purchased":["ReplayTheSpireMod:Scrap Shanks","Slice","Strange Spoon","Blade Dance","MerchantsRug"],"campfire_rested":2,"item_purchase_floors":[5,5,20,20,20],"current_hp_per_floor":[70,56,56,56,56,56,56,52,52,41,41,41,41,35,35,28,70,70,62,62,49,32,32,32,32,32,53,53,48,24,6,27,0,0],"gold":386,"neow_bonus":"THREE_ENEMY_KILL","is_daily":false,"chose_seed":false,"campfire_upgraded":5,"win_rate":0.0,"timestamp":1614098493,"path_taken":["M","?","?","M","$","E","R","M","T","E","R","M","$","?","R","BOSS","M","M","$","M","?","R","?","R","T","R","M","M","?","M","R_BF","BOSS"],"items_purchased_type":["Card","Card","Relic","Card","Relic"],"build_version":"2020-12-22","purchased_purges":1,"victory":false,"max_hp_per_floor":[70,70,70,70,70,70,70,70,70,70,70,70,70,70,70,70,70,70,70,70,70,70,70,70,70,70,70,70,70,70,70,70,70,70],"card_choices":[{"not_picked":["Flying Knee","Dagger Spray"],"picked":"Terror","floor":1.0},{"not_picked":["Poisoned Stab","Hidden Blade"],"picked":"Choke","floor":4.0},{"not_picked":["Underhanded Strike","Eviscerate"],"picked":"Endless Agony","floor":6.0},{"not_picked":["Dagger Throw","Fluid Movement","Well Laid Plans"],"picked":"SKIP","floor":8.0},{"not_picked":["Deadly Poison","Corpse Explosion"],"picked":"Prepared","floor":10.0},{"not_picked":["Dagger Spray","PiercingWail"],"picked":"ReplayTheSpireMod:The Works","floor":12.0},{"not_picked":["Blur","Bane","Bouncing Flask"],"picked":"SKIP","floor":14.0},{"not_picked":["Poison Darts","Burst"],"picked":"Storm of Steel","floor":16.0},{"not_picked":[],"picked":"Deflect+1","floor":18.0},{"not_picked":["Bouncing Flask+1"],"picked":"SKIP","floor":19.0},{"not_picked":[],"picked":"Prepared","floor":21.0},{"not_picked":["Dash"],"picked":"SKIP","floor":28},{"not_picked":[],"picked":"Slice","floor":29},{"not_picked":["Poisoned Stab"],"picked":"SKIP","floor":30},{"not_picked":["Dash"],"picked":"SKIP","floor":31}],"player_experience":61770,"relics_obtained":[{"floor":6.0,"key":"Simple Rune"},{"floor":9.0,"key":"Replay:Baseball"},{"floor":10.0,"key":"MawBank"},{"floor":22,"key":"Replay:Bandana"},{"floor":26,"key":"Iron Hammer"}],"event_choices":[{"damage_healed":0.0,"max_hp_gain":0.0,"max_hp_loss":0.0,"gold_gain":0.0,"event_name":"Shining Light","player_choice":"Entered Light","floor":2.0,"gold_loss":0.0,"damage_taken":14.0,"cards_upgraded":["Survivor","Defend_G"]},{"cards_removed":["Strike_G"],"damage_healed":0.0,"max_hp_gain":0.0,"max_hp_loss":0.0,"gold_gain":0.0,"event_name":"Purifier","player_choice":"Purged","floor":3.0,"gold_loss":0.0,"damage_taken":0.0},{"damage_healed":0,"gold_gain":0,"player_choice":"Upgraded","damage_taken":0,"max_hp_gain":0,"max_hp_loss":0,"event_name":"Upgrade Shrine","floor":24,"gold_loss":0,"cards_upgraded":["Storm of Steel"]}],"is_beta":false,"boss_relics":[{"not_picked":["Snecko Eye","SlaversCollar"],"picked":"Busted Crown"}],"items_purged_floors":[20],"is_endless":false,"potions_floor_spawned":[1,4,12,16,18,30,31],"killed_by":"Pondfish","ascension_level":3}}