{"host":"u6f15rvcj4nca0wu","time":1614038696,"event":{"mods":["BaseMod","Bestiary","Colored Map","Highlight Path","Minty Spire (Améliorations d\u0027érgonomie)","Relic Stats"],"gold_per_floor":[110,110,123,141,0,0,35,35,58,58,78,28,49,123,123,242,242,257,280,59,59,12,12,45,63,63,82,82,96,114,134,134,257,257,271,271,23,36,36,75,75,75,75],"floor_reached":42,"language":"FRA","playtime":7972,"items_purged":["Strike_P","Strike_P"],"score":448,"play_id":"cb5765b5-a109-4471-9826-84de3af1a2c4","local_time":"20210223010456","is_ascension_mode":false,"campfire_choices":[{"data":"Establishment","floor":6.0,"key":"SMITH"},{"data":"Eruption","floor":8.0,"key":"SMITH"},{"data":"EmptyFist","floor":10.0,"key":"SMITH"},{"data":"Devotion","floor":15.0,"key":"SMITH"},{"data":"Devotion","floor":23.0,"key":"SMITH"},{"floor":28.0,"key":"REST"},{"floor":32.0,"key":"REST"},{"data":"Collect","floor":41.0,"key":"SMITH"}],"circlet_count":0,"master_deck":["Strike_P","Defend_P","Defend_P","Defend_P+1","Defend_P","Vigilance","CarveReality","Perseverance+1","EmptyBody","Establishment+1","EmptyFist+1","Devotion+1","Consecrate","Devotion+1","WaveOfTheHand+1","BowlingBash","MasterReality","BattleHymn","Collect+1","ClearTheMind+1","Judgement","Tantrum","SashWhip+1","SashWhip+1","BowlingBash+1"],"relics":["HolyWater","Golden Idol","War Paint","Juzu Bracelet","Runic Pyramid","Toy Ornithopter","Regal Pillow","Happy Flower","Medical Kit","White Beast Statue"],"acts_visited":["Exordium","TheCity","TheBeyond"],"potions_floor_usage":[42],"damage_taken":[{"damage":6.0,"enemies":"Jaw Worm","floor":1.0,"turns":3.0},{"damage":4.0,"enemies":"Small Slimes","floor":3.0,"turns":4.0},{"damage":0.0,"enemies":"Cultist","floor":4.0,"turns":2.0},{"damage":2.0,"enemies":"Gremlin Nob","floor":7.0,"turns":3.0},{"damage":3.0,"enemies":"Looter","floor":11.0,"turns":2.0},{"damage":5.0,"enemies":"Red Slaver","floor":13.0,"turns":2.0},{"damage":7.0,"enemies":"Slime Boss","floor":16.0,"turns":6.0},{"damage":9.0,"enemies":"Shell Parasite","floor":18.0,"turns":5.0},{"damage":5.0,"enemies":"Chosen","floor":19.0,"turns":5.0},{"damage":5.0,"enemies":"Gremlin Leader","floor":24.0,"turns":5.0},{"damage":17.0,"enemies":"Centurion and Healer","floor":25.0,"turns":5.0},{"damage":9.0,"enemies":"Snake Plant","floor":27.0,"turns":5.0},{"damage":21.0,"enemies":"Snecko","floor":29.0,"turns":6.0},{"damage":22.0,"enemies":"3 Cultists","floor":30.0,"turns":5.0},{"damage":10.0,"enemies":"Chosen and Byrds","floor":31.0,"turns":8.0},{"damage":24.0,"enemies":"Collector","floor":33.0,"turns":5.0},{"damage":9.0,"enemies":"Orb Walker","floor":35.0,"turns":4.0},{"damage":7.0,"enemies":"3 Shapes","floor":38.0,"turns":6.0},{"damage":13.0,"enemies":"Nemesis","floor":40.0,"turns":5.0},{"damage":77,"enemies":"Giant Head","floor":42,"turns":8}],"seed_played":"6547158094330945364","potions_obtained":[{"floor":3.0,"key":"DistilledChaos"},{"floor":4.0,"key":"Explosive Potion"},{"floor":11.0,"key":"BottledMiracle"},{"floor":19.0,"key":"Swift Potion"},{"floor":25.0,"key":"SteroidPotion"},{"floor":29.0,"key":"Weak Potion"},{"floor":30.0,"key":"Dexterity Potion"},{"floor":33.0,"key":"FearPotion"},{"floor":35.0,"key":"ColorlessPotion"},{"floor":38.0,"key":"Block Potion"},{"floor":40.0,"key":"Regen Potion"}],"is_trial":false,"path_per_floor":["M","?","M","M","$","R","E","R","T","R","M","?","M","?","R","B",null,"M","M","$","?","$","R","E","M","T","M","R","M","M","M","R","B",null,"M","?","$","M","?","E","R","E"],"character_chosen":"WATCHER","items_purchased":["Establishment","Toy Ornithopter","BowlingBash","Medical Kit"],"campfire_rested":2,"item_purchase_floors":[5,20,22,37],"current_hp_per_floor":[73,73,69,69,69,69,67,67,67,67,64,64,59,59,59,52,73,64,59,59,59,59,59,64,47,47,38,73,52,30,25,61,42,73,64,64,64,57,57,59,59,2,2],"gold":75,"neow_bonus":"TEN_PERCENT_HP_BONUS","is_daily":false,"chose_seed":false,"campfire_upgraded":6,"win_rate":0.0,"timestamp":1614038696,"path_taken":["M","?","M","M","$","R","E","R","T","R","M","?","M","?","R","BOSS","M","M","$","?","?","R","E","M","T","M","R","M","M","M","R","BOSS","M","?","$","M","?","E","R","E"],"items_purchased_type":["Card","Relic","Card","Relic"],"build_version":"2020-12-13","purchased_purges":2,"victory":false,"max_hp_per_floor":[79,73,73,73,73,73,73,73,73,73,73,73,73,73,73,73,73,73,73,73,73,73,73,73,73,73,73,73,73,73,73,73,73,73,73,73,73,73,73,73,73,73,73],"relic_stats":{"Regal Pillow":29,"Happy Flower":[17],"counters":[20,94],"Golden Idol":119,"Juzu Bracelet":1,"War Paint":["Defend_P","Perseverance"],"Medical Kit":[7],"obtain_stats":[{"Regal Pillow":24,"Happy Flower":26,"Golden Idol":2,"HolyWater":34,"Juzu Bracelet":9,"PureWater":0,"War Paint":7,"Medical Kit":37,"Toy Ornithopter":20,"White Beast Statue":40,"Runic Pyramid":17},{"Regal Pillow":10,"Happy Flower":11,"Golden Idol":1,"HolyWater":16,"Juzu Bracelet":4,"PureWater":0,"War Paint":4,"Medical Kit":17,"Toy Ornithopter":9,"White Beast Statue":19,"Runic Pyramid":7},{"Regal Pillow":37,"Happy Flower":42,"Golden Idol":3,"HolyWater":71,"Juzu Bracelet":12,"PureWater":0,"War Paint":12,"Medical Kit":75,"Toy Ornithopter":32,"White Beast Statue":86,"Runic Pyramid":22}],"Toy Ornithopter":40},"card_choices":[{"not_picked":["FlurryOfBlows","Crescendo"],"picked":"CarveReality","floor":1.0},{"not_picked":["InnerPeace","Halt"],"picked":"Perseverance","floor":3.0},{"not_picked":["Wireheading","Halt"],"picked":"EmptyBody","floor":4.0},{"not_picked":["BowlingBash","Consecrate"],"picked":"EmptyFist","floor":7.0},{"not_picked":["CrushJoints","Protect"],"picked":"Devotion","floor":11.0},{"not_picked":["ForeignInfluence","Adaptation"],"picked":"Consecrate","floor":13.0},{"not_picked":["Scrawl","Alpha"],"picked":"Devotion","floor":16.0},{"not_picked":["FlyingSleeves","Meditate"],"picked":"WaveOfTheHand+1","floor":18.0},{"not_picked":["Swivel","EmptyBody","InnerPeace+1"],"picked":"SKIP","floor":19.0},{"not_picked":["Wallop","Tantrum+1"],"picked":"MasterReality","floor":24.0},{"not_picked":["Adaptation","Tantrum","EmptyFist"],"picked":"SKIP","floor":25.0},{"not_picked":["ThirdEye","Nirvana"],"picked":"BattleHymn","floor":27.0},{"not_picked":["ClearTheMind+1","ThirdEye"],"picked":"Collect","floor":29.0},{"not_picked":["Protect","FlyingSleeves"],"picked":"ClearTheMind+1","floor":30.0},{"not_picked":["EmptyFist","Vault","Crescendo"],"picked":"SKIP","floor":31.0},{"not_picked":["Devotion","Alpha"],"picked":"Judgement","floor":33.0},{"not_picked":["LikeWater+1","Halt","ClearTheMind+1"],"picked":"SKIP","floor":35.0},{"not_picked":["Protect","EmptyFist+1"],"picked":"SashWhip+1","floor":38.0},{"not_picked":["Alpha","FollowUp+1"],"picked":"BowlingBash+1","floor":40.0}],"player_experience":326651,"relics_obtained":[{"floor":7.0,"key":"War Paint"},{"floor":9.0,"key":"Juzu Bracelet"},{"floor":24.0,"key":"Regal Pillow"},{"floor":26.0,"key":"Happy Flower"},{"floor":40.0,"key":"White Beast Statue"}],"event_choices":[{"damage_healed":0.0,"max_hp_gain":0.0,"max_hp_loss":6.0,"gold_gain":0.0,"event_name":"Golden Idol","player_choice":"Lose Max HP","floor":2.0,"gold_loss":0.0,"damage_taken":0.0,"relics_obtained":["Golden Idol"]},{"cards_removed":["Strike_P"],"damage_healed":0.0,"max_hp_gain":0.0,"max_hp_loss":0.0,"gold_gain":0.0,"event_name":"The Cleric","player_choice":"Card Removal","floor":12.0,"gold_loss":50.0,"damage_taken":0.0},{"damage_healed":0.0,"max_hp_gain":0.0,"max_hp_loss":0.0,"gold_gain":74.0,"event_name":"Golden Wing","player_choice":"Gained Gold","floor":14.0,"gold_loss":0.0,"damage_taken":0.0},{"damage_healed":0.0,"max_hp_gain":0.0,"max_hp_loss":0.0,"gold_gain":0.0,"event_name":"NoteForYourself","player_choice":"Ignored","floor":21.0,"gold_loss":0.0,"damage_taken":0.0},{"damage_healed":0.0,"max_hp_gain":0.0,"max_hp_loss":0.0,"gold_gain":0.0,"cards_transformed":["Eruption"],"event_name":"Transmorgrifier","player_choice":"Transformed","floor":36.0,"gold_loss":0.0,"damage_taken":0.0,"cards_obtained":["Tantrum"]},{"damage_healed":0.0,"max_hp_gain":0.0,"max_hp_loss":0.0,"gold_gain":0.0,"event_name":"Duplicator","player_choice":"Copied","floor":39.0,"gold_loss":0.0,"damage_taken":0.0,"cards_obtained":["SashWhip"]}],"is_beta":false,"boss_relics":[{"not_picked":["Ectoplasm","Snecko Eye"],"picked":"Runic Pyramid"},{"not_picked":["Astrolabe","Runic Dome"],"picked":"HolyWater"}],"items_purged_floors":[20,37],"is_endless":false,"potions_floor_spawned":[3,4,11,19,25,29,30,33,35,38,40],"killed_by":"Giant Head","ascension_level":0}}