{"host":"gm50ke85n5jz306u","time":1614041491,"event":{"mods":["AchievementEnabler","AlwaysNeverKeys","Aspiration","BaseMod","Bestiary","Better Altar","Better Match","Better Note","Better Sensory Stone","Better Skull","Better Third Choice","Better Vampires","Better-Laid Plans","BetterRewards","Colored Powertips","Curses Come First","DNKmod","Defuse TimeMaze Blight","Disable Question Mark Monsters","Displayed Cursed Tome","Downfall","Emptier Cage","Extra Virgin Snecko Oil","Filter the Spire","Friendly Minions","Gremlin Skip","Hermit","Hubris","Hyrulean Relics","Ironclad Rager","Jorbs\u0027s Wanderer Trilogy","Koishi","Lobotomy","Marisa????????","Marked Mod","Minty Spire (QoL Compilation)","Permanent Neow","Poor People Problems","Quick Restart","Reimu??????","Relic Filter Mod","Relic Sorter","Remilia??????","Remove Card Discount Mod","Reorder Act Four","Replay The Spire","Shop Mod","StSLib","Synergy Search","Td1madao Mod","The Administrix","The Animator","The Blue Laboratory","The Bug Knight","The Construct","The Cursed","The Disciple","The Hierophant","The Necromancer","The Poker Player","The Runesmith","The Senshi","The Servant 0.9.4","Thieving Mod","Transform Curses","WarShipGirlsR/????R mod","Youmu??????"],"gold_per_floor":[10016,10034,10051,9598,9609,9609,9625,8881,8904,8922,8942,8962,8962,8962,8962,9067,9117,9129,9148,8468,8479,8499,8499,8516,8516,8541,8043,8043,8072,8082,7434,7434,7434,7434],"floor_reached":33,"language":"ENG","playtime":3497,"items_purged":["theSenshi:SailorKick","theSenshi:SailorKick","theSenshi:SailorKick","theSenshi:SailorKick+1","theSenshi:SailorV","theSenshi:SupersonicWaves","theSenshi:SailorMarsAssists+1","theSenshi:SupersonicWaves","theSenshi:TuxedoSmokingBomber","theSenshi:MoonTwilightFlash+1","theSenshi:TuxedoSmokingBomber"],"score":263,"play_id":"a0d3ec4b-ec7b-4998-855c-c0583addbad6","local_time":"20210223015131","is_ascension_mode":false,"campfire_choices":[{"data":"theSenshi:MoonGorgeousMeditation","floor":6.0,"key":"SMITH"},{"data":"theSenshi:MoonPrismPowerMakeUp","floor":13.0,"key":"SMITH"},{"data":"theSenshi:MoonlightKnight","floor":15.0,"key":"SMITH"},{"data":"theSenshi:MoonPrincessHalation","floor":23.0,"key":"SMITH"},{"data":"theSenshi:LunaWiseMentor","floor":28.0,"key":"SMITH"},{"floor":32.0,"key":"REST"}],"circlet_count":0,"master_deck":["theSenshi:SailorBlock","theSenshi:SailorBlock","theSenshi:SailorBlock","theSenshi:SailorBlock+1","theSenshi:RoseThrow+1","theSenshi:MoonPrismPowerMakeUp+1","theSenshi:SupersonicWaves+1","theSenshi:MoonGorgeousMeditation+1","theSenshi:MoonlightKnight+1","theSenshi:TallSilhouette","theSenshi:MoonCrisisMakeUp+1","theSenshi:StudyParty+1","theSenshi:FatedKiss+1","theSenshi:MoonCrisisMakeUp+1","theSenshi:MoonPrincessHalation+1","theSenshi:SupersonicWaves+1","theSenshi:LunaWiseMentor+1","theSenshi:MoonPrincessHalation+1","theSenshi:MoonPrincessHalation+1"],"relics":["theSenshi:TransformationBroochRelic","MerchantsRug","Lantern","Girya","Golden Egg","Strange Spoon","Turnip","Whetstone","Tiny House","ReplayTheSpireMod:ShopPack","theSenshi:SailorFukuRelic","hubris:SlimyHat","Sling","Replay:Baseball","hubris:MedicalManual","Ice Cream"],"acts_visited":["Exordium","TheCity"],"potions_floor_usage":[33],"damage_taken":[{"damage":0.0,"enemies":"Small Slimes","floor":1.0,"turns":4.0},{"damage":0.0,"enemies":"Cultist","floor":2.0,"turns":4.0},{"damage":5.0,"enemies":"Jaw Worm","floor":3.0,"turns":4.0},{"damage":6.0,"enemies":"Red Slaver","floor":5.0,"turns":6.0},{"damage":4.0,"enemies":"Exordium Wildlife","floor":7.0,"turns":5.0},{"damage":0.0,"enemies":"3 Louse","floor":10.0,"turns":2.0},{"damage":6.0,"enemies":"Lots of Slimes","floor":11.0,"turns":2.0},{"damage":2.0,"enemies":"Large Slime","floor":12.0,"turns":6.0},{"damage":7.0,"enemies":"The Guardian","floor":16.0,"turns":12.0},{"damage":25.0,"enemies":"Chosen","floor":18.0,"turns":8.0},{"damage":10.0,"enemies":"Spheric Guardian","floor":19.0,"turns":8.0},{"damage":0.0,"enemies":"Centurion and Healer","floor":21.0,"turns":6.0},{"damage":11.0,"enemies":"Cultist and Chosen","floor":22.0,"turns":6.0},{"damage":10.0,"enemies":"Snecko","floor":24.0,"turns":6.0},{"damage":3.0,"enemies":"Replay:Snechameleon","floor":29.0,"turns":4.0},{"damage":22.0,"enemies":"Snake Plant","floor":30.0,"turns":6.0},{"damage":27,"enemies":"Collector","floor":33,"turns":3}],"seed_played":"-3208551787801972032","potions_obtained":[{"floor":12.0,"key":"Reflective Coating"},{"floor":17.0,"key":"Cursed Concoction"},{"floor":18.0,"key":"blueLaboratory:ExaltedPotion"},{"floor":30.0,"key":"blueLaboratory:CorrosionFlask"}],"is_trial":false,"path_per_floor":["M","M","M","$","M","R","M","$","T","M","M","M","R","?","R","B",null,"M","M","$","M","M","R","M","?","T","$","R","E","M","$","R","B"],"character_chosen":"THE_SENSHI","items_purchased":["MerchantsRug","theSenshi:MoonGorgeousMeditation","theSenshi:MoonlightKnight","theSenshi:SailorV","Golden Egg","Strange Spoon","Turnip","theSenshi:MoonCrisisMakeUp","Lantern","Girya","ReplayTheSpireMod:ShopPack","theSenshi:SailorMarsAssists","blueLaboratory:FruitPunch","theSenshi:MoonCrisisMakeUp","hubris:SlimyHat","Sling","theSenshi:MoonPrincessHalation+1","Replay:Baseball","hubris:MedicalManual","Ice Cream","theSenshi:MoonPrincessHalation+1"],"campfire_rested":1,"item_purchase_floors":[4,4,4,4,8,8,8,8,20,20,20,20,20,20,27,27,27,27,31,31,31],"current_hp_per_floor":[75,75,70,70,64,64,60,60,60,60,54,52,52,60,60,53,80,55,45,45,45,34,34,26,26,26,26,26,23,1,1,25,0,0],"gold":7434,"neow_bonus":"UPGRADE_CARD","is_daily":false,"chose_seed":false,"campfire_upgraded":5,"win_rate":0.0,"timestamp":1614041491,"path_taken":["M","M","M","$","M","R","M","$","T","M","M","M","R","?","R","BOSS","M","M","$","M","?","R","M","?","T","$","R","E","M","$","R","BOSS"],"items_purchased_type":["Relic","Card","Card","Card","Relic","Relic","Relic","Card","Card","Relic","Relic","Card","Potion","Card","Relic","Relic","Card","Relic","Relic","Relic","Card"],"build_version":"2020-12-22","purchased_purges":11,"victory":false,"max_hp_per_floor":[75,75,75,75,75,75,75,75,75,75,75,75,75,75,75,75,80,80,80,80,80,80,80,82,82,82,82,82,82,82,82,82,82,82],"card_choices":[{"not_picked":["theSenshi:SailorMarsAssists","theSenshi:EncouragingSpeech","theSenshi:NeptunesGrace"],"picked":"SKIP","floor":1.0},{"not_picked":["theSenshi:MoonCrystalPowerMakeUp","theSenshi:LunasBite"],"picked":"theSenshi:SupersonicWaves","floor":2.0},{"not_picked":["theSenshi:MoonPunch","theSenshi:MoonsReflection"],"picked":"theSenshi:SupersonicWaves","floor":3.0},{"not_picked":["theSenshi:EncouragingSpeech","theSenshi:MoonsReflection"],"picked":"theSenshi:TuxedoSmokingBomber","floor":5.0},{"not_picked":["theSenshi:SailorMarsAssists","theSenshi:SailorV"],"picked":"theSenshi:TallSilhouette","floor":7.0},{"not_picked":["theSenshi:SteeledNerves","theSenshi:SailorMarsAssists"],"picked":"theSenshi:StudyParty","floor":10.0},{"not_picked":["theSenshi:LateForSchool","theSenshi:MercurysCunning","theSenshi:HesSoDreamy"],"picked":"SKIP","floor":11.0},{"not_picked":["theSenshi:MoonlightKnight","theSenshi:SailorVenusAssists","theSenshi:VenusGlamour"],"picked":"SKIP","floor":12.0},{"not_picked":["theSenshi:StudyParty","theSenshi:JupitersPower"],"picked":"theSenshi:FatedKiss","floor":16.0},{"not_picked":["theSenshi:Sidestep","theSenshi:MoonCrystalPowerMakeUp"],"picked":"theSenshi:TuxedoSmokingBomber","floor":17.0},{"not_picked":["theSenshi:KlutzyLuck","theSenshi:MoonSpiralHeartAttack","theSenshi:EncouragingSpeech+1"],"picked":"SKIP","floor":18.0},{"not_picked":["theSenshi:SailorVenusAssists","theSenshi:SailorPlanetAttack"],"picked":"theSenshi:SupersonicWaves","floor":19.0},{"not_picked":["theSenshi:MoonPunch","theSenshi:SailorStarMakerAssists+1"],"picked":"theSenshi:MoonPrincessHalation","floor":21.0},{"not_picked":["theSenshi:VenusGlamour","theSenshi:MoonPunch"],"picked":"theSenshi:SupersonicWaves+1","floor":22.0},{"not_picked":["theSenshi:SupersonicWaves","theSenshi:SchoolBag"],"picked":"theSenshi:LunaWiseMentor","floor":24.0},{"not_picked":["theSenshi:CrisisMakeUp","theSenshi:SailorVenusAssists"],"picked":"theSenshi:MoonTwilightFlash+1","floor":29.0},{"not_picked":["theSenshi:SilverMoonCrystalPowerKiss","theSenshi:SailorMercuryAssists","theSenshi:MoonsReflection"],"picked":"SKIP","floor":30.0}],"player_experience":412986,"relics_obtained":[{"floor":9.0,"key":"Whetstone"},{"floor":26.0,"key":"theSenshi:SailorFukuRelic"}],"event_choices":[{"damage_healed":0.0,"max_hp_gain":0.0,"max_hp_loss":0.0,"gold_gain":0.0,"event_name":"betterNote:BetterNote","player_choice":"Ignored","floor":25.0,"gold_loss":0.0,"damage_taken":0.0,"cards_obtained":["Dramatic Entrance"]}],"is_beta":false,"boss_relics":[{"not_picked":["aspiration:SecretTechniqueScroll","hubris:CrackedHourglass"],"picked":"Tiny House"}],"items_purged_floors":[4,4,20,20,20,27,27,27,31,31,31],"is_endless":false,"potions_floor_spawned":[5,12,18,21,30],"killed_by":"Collector","ascension_level":0}}