{"host":"bplbr8uekuotory4","time":1614069346,"event":{"mods":["Act Like it!","BaseMod","Custom Start","GungeonMod","Hermit","KinomotoSakuraMod(ƒæ÷Æ±æ”£)","Marisa£®ÏF”Í°°ƒß¿Ì…≥£©","Minty Spire (QoL Compilation)","Prisma Mod","Quick Restart","Reimu£®≤©¿ˆ¡È√Œ£©","SOS£®Àπ∞Õ¥Ô÷Æ◊”£©","Spicy Shops","StSLib","TestMod","The Blackbeard","The Cursed","The Mystic","The Saiyan","The Senshi","The Servant 0.9.4","Yuri Mod","[IsaacMod]“‘»ˆº‚À˛"],"gold_per_floor":[111,36,36,49,49,80,80,111,157,189,264,290,307,321,321,399,399,417,234,252,265,265,265,290,290,290,301,54,54,67,84,84,161,161,181,181,198,249,28,54,0,19,19,39,74,74,124,136,136,136,136,136,18,50,50],"floor_reached":56,"language":"ZHS","playtime":1098,"items_purged":["Defend_G","Strike_G","Defend_G","Strike_G","Defend_G","Defend_G"],"score":2860,"play_id":"32ece579-6542-414e-aa87-67689866b642","local_time":"20210223163546","is_ascension_mode":true,"campfire_choices":[{"data":"Cloak And Dagger","floor":15.0,"key":"SMITH"},{"data":"Blade Dance","floor":23.0,"key":"SMITH"},{"data":"Malaise","floor":25.0,"key":"SMITH"},{"data":"Burst","floor":32.0,"key":"SMITH"},{"data":"Neutralize","floor":46.0,"key":"SMITH"},{"floor":49,"key":"RECALL"},{"data":"Dagger Spray","floor":52,"key":"SMITH"}],"circlet_count":0,"master_deck":["AscendersBane","Strike_G","Strike_G","Strike_G","Defend_G","Survivor","Neutralize+1","Dagger Spray+1","Noxious Fumes","Cloak And Dagger+1","Blade Dance+1","Poisoned Stab","Malaise+1","Backstab","Burst+1","Master of Strategy","Terror+1","Escape Plan+1"],"relics":["Ring of the Snake","testmod-TestBox","HushsDoor","SatanicBible","testmod-IntensifyImprint","NeowsBlessing","Bronze Scales","testmod-ArcanaOfDestiny","testmod-Antiphasic","Snake Skull","Orichalcum","Mummified Hand","Anchor","testmod-CardMagician","BelialBook","Chemical X","testmod-Justice","DoctorsRemote","SteamSale","TwistedFunnel","testmod-SaigiyounoYou","GuppysCollar","testmod-Muramasa","testmod-ObsoleteBoomerang","GuppysPaw","Red Mask","BookOfRevelations","DemoMod:MeltedRock","HowToJump","Mastiff:ReiMu","Dead Branch"],"acts_visited":["Exordium","TheCity","TheBeyond","TheEnding"],"potions_floor_usage":[55],"damage_taken":[{"damage":0.0,"enemies":"Jaw Worm","floor":1.0,"turns":1.0},{"damage":0.0,"enemies":"Small Slimes","floor":4.0,"turns":1.0},{"damage":0.0,"enemies":"3 Sentries","floor":6.0,"turns":1.0},{"damage":17.0,"enemies":"Lagavulin","floor":8.0,"turns":6.0},{"damage":0.0,"enemies":"3 Sentries","floor":10.0,"turns":1.0},{"damage":5.0,"enemies":"Lagavulin","floor":12.0,"turns":5.0},{"damage":0.0,"enemies":"Cultist","floor":13.0,"turns":3.0},{"damage":0.0,"enemies":"Blue Slaver","floor":14.0,"turns":2.0},{"damage":0.0,"enemies":"Slime Boss","floor":16.0,"turns":5.0},{"damage":0.0,"enemies":"Chosen","floor":18.0,"turns":3.0},{"damage":0.0,"enemies":"Spheric Guardian","floor":20.0,"turns":3.0},{"damage":3.0,"enemies":"Cultist and Chosen","floor":21.0,"turns":3.0},{"damage":5.0,"enemies":"Slavers","floor":24.0,"turns":4.0},{"damage":2.0,"enemies":"Snake Plant","floor":27.0,"turns":2.0},{"damage":0.0,"enemies":"Shelled Parasite and Fungi","floor":30.0,"turns":1.0},{"damage":0.0,"enemies":"3 Cultists","floor":31.0,"turns":2.0},{"damage":0.0,"enemies":"Automaton","floor":33.0,"turns":6.0},{"damage":21.0,"enemies":"3 Shapes","floor":35.0,"turns":1.0},{"damage":0.0,"enemies":"Orb Walker","floor":37.0,"turns":1.0},{"damage":0.0,"enemies":"2 Orb Walkers","floor":38.0,"turns":2.0},{"damage":0.0,"enemies":"Giant Head","floor":40.0,"turns":1.0},{"damage":0.0,"enemies":"Sphere and 2 Shapes","floor":42.0,"turns":1.0},{"damage":0.0,"enemies":"Spire Growth","floor":44.0,"turns":1.0},{"damage":0.0,"enemies":"Reptomancer","floor":45.0,"turns":1.0},{"damage":0.0,"enemies":"Hiden Room Battle","floor":47.0,"turns":1.0},{"damage":0.0,"enemies":"Jaw Worm Horde","floor":48.0,"turns":1.0},{"damage":11,"enemies":"Time Eater","floor":50,"turns":3},{"damage":0,"enemies":"Shield and Spear","floor":54,"turns":1},{"damage":0,"enemies":"The Heart","floor":55,"turns":1}],"seed_played":"-5617599574247678433","potions_obtained":[{"floor":4.0,"key":"Strength Potion"},{"floor":12.0,"key":"AttackPotion"},{"floor":16.0,"key":"testmod-EscapePotion"},{"floor":22.0,"key":"FairyPotion"},{"floor":33.0,"key":"Energy Potion"}],"is_trial":false,"path_per_floor":["M","$","?","M","?","E","?","E","T","E","?","E","M","M","R","B",null,"M","$","M","M","?","R","E","R","T","M","$","?","M","M","R","B",null,"M","?","M","?","$","E","?","M","T","M","E","R","?","M","R","B",null,"R","$","E","B",null],"character_chosen":"THE_SILENT","items_purchased":["BelialBook","Chemical X","SteamSale","TwistedFunnel","GuppysCollar","testmod-ObsoleteBoomerang","Mastiff:ReiMu"],"campfire_rested":0,"item_purchase_floors":[17,19,28,28,34,39,53],"current_hp_per_floor":[59,59,59,59,41,41,34,17,17,17,6,1,1,1,1,1,39,39,39,39,36,36,36,31,31,31,29,29,16,16,16,16,16,31,17,17,27,36,36,36,36,36,36,36,36,36,39,41,41,46,46,46,46,46,46],"gold":50,"neow_bonus":"THREE_ENEMY_KILL","is_daily":false,"chose_seed":false,"campfire_upgraded":6,"win_rate":0.0,"timestamp":1614069346,"path_taken":["M","$","?","?","?","E","?","E","T","E","?","E","M","?","R","BOSS","M","$","?","M","?","R","E","R","T","M","$","?","M","?","R","BOSS","M","?","M","?","$","E","?","M","T","?","E","R","?","M","R","BOSS","R","$","E","BOSS"],"items_purchased_type":["Relic","Relic","Relic","Relic","Relic","Relic","Relic"],"build_version":"2020-12-22","purchased_purges":6,"victory":true,"max_hp_per_floor":[66,66,66,66,66,66,66,66,66,66,66,66,66,66,66,66,51,51,51,51,51,51,51,51,51,51,51,51,56,56,56,56,56,36,36,36,36,36,36,36,36,36,36,36,36,36,41,41,41,46,46,46,46,46,46],"card_choices":[{"not_picked":["Flying Knee","Acrobatics"],"picked":"Bomb","floor":1.0},{"not_picked":["Deadly Poison","Blur"],"picked":"Dagger Spray","floor":4.0},{"not_picked":["Concentrate","Distraction"],"picked":"Noxious Fumes","floor":6.0},{"not_picked":["Flying Knee","Bane"],"picked":"Bomb","floor":8.0},{"not_picked":["Setup","Flying Knee","Deflect"],"picked":"SKIP","floor":10.0},{"not_picked":["All Out Attack","Infinite Blades"],"picked":"Cloak And Dagger","floor":12.0},{"not_picked":["Backflip","Corpse Explosion"],"picked":"Blade Dance","floor":13.0},{"not_picked":["Deadly Poison","Deflect"],"picked":"Poisoned Stab","floor":14.0},{"not_picked":["Envenom","Phantasmal Killer"],"picked":"Malaise","floor":16.0},{"not_picked":["Concentrate+1","Blade Dance","Expertise"],"picked":"SKIP","floor":18.0},{"not_picked":["Acrobatics+1","Cloak And Dagger","Blade Dance"],"picked":"SKIP","floor":20.0},{"not_picked":["Deflect","Cloak And Dagger","Tactician"],"picked":"SKIP","floor":21.0},{"not_picked":["All Out Attack","Prepared","Blade Dance"],"picked":"SKIP","floor":24.0},{"not_picked":["Distraction","Endless Agony"],"picked":"Backstab","floor":27.0},{"not_picked":["Dagger Spray+1","Deflect","Burst"],"picked":"SKIP","floor":30.0},{"not_picked":["Dagger Spray+1","Deflect"],"picked":"Burst","floor":30.0},{"not_picked":["Bouncing Flask+1","Slice+1","Reflex"],"picked":"SKIP","floor":31.0},{"not_picked":["Noxious Fumes","Blade Dance+1","Dagger Spray+1"],"picked":"SKIP","floor":35.0},{"not_picked":["testmod-Reflect","testmod-ChaoticCore"],"picked":"Master of Strategy","floor":36.0},{"not_picked":["Dagger Throw+1","Quick Slash+1","Deflect"],"picked":"SKIP","floor":37.0},{"not_picked":["Sucker Punch","Prepared"],"picked":"Terror+1","floor":38.0},{"not_picked":["Dagger Spray","Distraction","After Image"],"picked":"SKIP","floor":40.0},{"not_picked":["Dagger Throw","Deflect"],"picked":"Escape Plan+1","floor":42.0},{"not_picked":["Reflex","Outmaneuver+1","Blade Dance+1"],"picked":"SKIP","floor":44.0},{"not_picked":["Skewer+1","Quick Slash","Infinite Blades+1"],"picked":"SKIP","floor":45.0},{"not_picked":["PiercingWail","Underhanded Strike","Cloak And Dagger"],"picked":"SKIP","floor":48},{"not_picked":["Riddle With Holes+1","Blade Dance+1","Choke"],"picked":"SKIP","floor":54}],"player_experience":1183875,"relics_obtained":[{"floor":6.0,"key":"testmod-Antiphasic"},{"floor":8.0,"key":"Snake Skull"},{"floor":9.0,"key":"Orichalcum"},{"floor":10.0,"key":"Mummified Hand"},{"floor":12.0,"key":"Anchor"},{"floor":24.0,"key":"testmod-Justice"},{"floor":26.0,"key":"DoctorsRemote"},{"floor":38.0,"key":"testmod-Muramasa"},{"floor":40.0,"key":"GuppysPaw"},{"floor":45.0,"key":"BookOfRevelations"},{"floor":47.0,"key":"DemoMod:MeltedRock"},{"floor":47.0,"key":"HowToJump"},{"floor":54,"key":"Dead Branch"}],"event_choices":[{"damage_healed":0.0,"max_hp_gain":0.0,"max_hp_loss":0.0,"gold_gain":0.0,"event_name":"Big Fish","player_choice":"Box","floor":3.0,"gold_loss":0.0,"damage_taken":0.0,"relics_obtained":["Bronze Scales"],"cards_obtained":["Regret"]},{"damage_healed":0.0,"max_hp_gain":0.0,"max_hp_loss":0.0,"gold_gain":0.0,"event_name":"Scrap Ooze","player_choice":"Success","floor":5.0,"gold_loss":0.0,"damage_taken":18.0,"relics_obtained":["testmod-ArcanaOfDestiny"]},{"cards_removed":["Regret"],"damage_healed":0.0,"max_hp_gain":0.0,"max_hp_loss":0.0,"gold_gain":0.0,"event_name":"Golden Wing","player_choice":"Card Removal","floor":7.0,"gold_loss":0.0,"damage_taken":7.0},{"damage_healed":0.0,"max_hp_gain":0.0,"max_hp_loss":0.0,"gold_gain":75.0,"event_name":"World of Goop","player_choice":"Gather Gold","floor":11.0,"gold_loss":0.0,"damage_taken":11.0},{"damage_healed":0.0,"max_hp_gain":0.0,"max_hp_loss":0.0,"gold_gain":0.0,"event_name":"Lab","player_choice":"Got Potions","floor":22.0,"gold_loss":0.0,"damage_taken":0.0},{"damage_healed":0.0,"max_hp_gain":5.0,"max_hp_loss":0.0,"gold_gain":0.0,"event_name":"Forgotten Altar","player_choice":"Shed Blood","floor":29.0,"gold_loss":0.0,"damage_taken":18.0},{"damage_healed":0.0,"max_hp_gain":0.0,"max_hp_loss":0.0,"gold_gain":0.0,"event_name":"SensoryStone","player_choice":"Memory 1","floor":36.0,"gold_loss":0.0,"damage_taken":0.0},{"damage_healed":0.0,"max_hp_gain":0.0,"max_hp_loss":0.0,"gold_gain":0.0,"event_name":"Mysterious Sphere","player_choice":"Fight","floor":38.0,"gold_loss":0.0,"damage_taken":0.0},{"damage_healed":0.0,"max_hp_gain":0.0,"max_hp_loss":0.0,"gold_gain":0.0,"event_name":"Tomb of Lord Red Mask","player_choice":"Paid","floor":41.0,"gold_loss":54.0,"damage_taken":0.0,"relics_obtained":["Red Mask"]},{"damage_healed":0.0,"max_hp_gain":0.0,"max_hp_loss":0.0,"gold_gain":0.0,"event_name":"HidenRoomEvent","player_choice":"Fight","floor":47.0,"gold_loss":0.0,"damage_taken":0.0}],"is_beta":false,"boss_relics":[{"not_picked":["SlaversCollar","Pandora\u0027s Box"],"picked":"testmod-CardMagician"},{"not_picked":[]},{"not_picked":["testmod-StringDisintegrator","ChampionBelt"],"picked":"testmod-SaigiyounoYou"},{"not_picked":[]}],"items_purged_floors":[2,17,19,34,39,53],"is_endless":false,"potions_floor_spawned":[4,12,13,14,16,18,27,33,37,42,44,45,48],"ascension_level":18}}