{"host":"uyfpom4rlahfoee4","time":1614043117,"event":{"mods":["BaseMod","Downfall","Minty Spire (QoL Compilation)","StSLib"],"gold_per_floor":[0,17,28,13,24,55,82,67,78,78,91,91,124,137,150,247,247,247,260,260,278,296,296,296,325,337,337,337,337],"floor_reached":27,"language":"ENG","playtime":1785,"items_purged":[],"score":372,"play_id":"106d8eef-b176-4ce4-9a3e-dcdcd8035a41","local_time":"20210222171837","is_ascension_mode":false,"campfire_choices":[{"data":"Slimebound:Split","floor":1,"key":"SMITH"},{"data":"Slimebound:SplitSpecialist","floor":10,"key":"SMITH"},{"data":"Slimebound:CorrosiveSpit","floor":12,"key":"SMITH"},{"data":"Slimebound:SplitMire","floor":18,"key":"SMITH"},{"data":"Slimebound:SplitLeeching","floor":23,"key":"SMITH"}],"circlet_count":0,"master_deck":["Slimebound:Strike_Slimebound","Slimebound:Strike_Slimebound","Slimebound:Strike_Slimebound","Slimebound:Defend_Slimebound","Slimebound:Defend_Slimebound+1","Slimebound:Defend_Slimebound","Slimebound:Defend_Slimebound","Slimebound:Split+1","Slimebound:CorrosiveSpit+1","Slimebound:LeechEnergy","Slimebound:LeechingTouch","Slimebound:Schlurp+1","Slimebound:SplitMire+1","Slimebound:SplitLeeching+1","Slimebound:Schlurp","Slimebound:SplitSpecialist+1","Slimebound:Schlurp","Slimebound:RollThrough","Slimebound:GoopSpray","Slimebound:HauntingLick","Slimebound:MassFeed","Slimebound:ItLooksTasty","Slimebound:MassFeed","Slimebound:AcidTongue","Slimebound:AcidTongue","Slimebound:Schlurp","Slimebound:LevelUp"],"relics":["Slimebound:AbsorbEndCombat","PreservedInsect","War Paint","Calipers","SacredBark","Darkstone Periapt","Oddly Smooth Stone"],"acts_visited":["Exordium","TheCity"],"potions_floor_usage":[8,16,16,21,22],"damage_taken":[{"damage":7,"enemies":"Small Slimes","floor":2,"turns":4},{"damage":0,"enemies":"Cultist","floor":3,"turns":4},{"damage":10,"enemies":"downfall:FleeingMerchant","floor":4,"turns":4},{"damage":0,"enemies":"Jaw Worm","floor":5,"turns":3},{"damage":10,"enemies":"Lagavulin","floor":6,"turns":7},{"damage":0,"enemies":"downfall:FleeingMerchant","floor":8,"turns":4},{"damage":2,"enemies":"3 Louse","floor":9,"turns":3},{"damage":0,"enemies":"Blue Slaver","floor":11,"turns":3},{"damage":14,"enemies":"Gremlin Nob","floor":13,"turns":3},{"damage":0,"enemies":"2 Fungi Beasts","floor":14,"turns":3},{"damage":0,"enemies":"Large Slime","floor":15,"turns":3},{"damage":0,"enemies":"SI_SHIV_ARCHETYPE","floor":16,"turns":8},{"damage":13,"enemies":"Spheric Guardian","floor":19,"turns":5},{"damage":0,"enemies":"Chosen","floor":21,"turns":4},{"damage":15,"enemies":"Sentry and Sphere","floor":22,"turns":7},{"damage":47,"enemies":"Slavers","floor":25,"turns":5},{"damage":5,"enemies":"Centurion and Healer","floor":26,"turns":8},{"damage":40,"enemies":"Chosen and Byrds","floor":27,"turns":8}],"seed_played":"3793158241559942337","potions_obtained":[{"floor":5,"key":"hexamod:SoulburnPotion"},{"floor":11,"key":"SteroidPotion"},{"floor":13,"key":"EssenceOfSteel"},{"floor":15,"key":"Slimebound:SlimedPotion"},{"floor":19,"key":"Slimebound:ThreeZeroPotion"},{"floor":21,"key":"hexamod:SoulburnPotion"},{"floor":26,"key":"CultistPotion"}],"is_trial":false,"path_per_floor":["R","M","M","$","M","E","T","$","M","R","M","R","E","M","M","B",null,"R","M","?","M","M","R","T","E","M","M"],"character_chosen":"SLIMEBOUND","items_purchased":[],"campfire_rested":0,"item_purchase_floors":[],"current_hp_per_floor":[77,74,77,71,77,69,69,75,77,77,77,77,65,71,75,77,77,77,69,69,73,72,72,72,39,46,14,14,14],"gold":337,"neow_bonus":"TWENTY_PERCENT_HP_BONUS","is_daily":false,"chose_seed":false,"campfire_upgraded":5,"win_rate":0.0,"timestamp":1614043117,"path_taken":["R","M","M","$","M","E","T","$","M","R","M","R","E","M","M","BOSS","R","M","?","M","?","R","T","E","M","M"],"items_purchased_type":[],"build_version":"2020-12-22","purchased_purges":0,"victory":false,"max_hp_per_floor":[77,77,77,77,77,77,77,77,77,77,77,77,77,77,77,77,77,77,80,80,80,86,86,86,92,98,98,98,98],"card_choices":[{"not_picked":["Slimebound:SlimeBrawl","Slimebound:BestDefense"],"picked":"Slimebound:LeechEnergy","floor":2},{"not_picked":["Slimebound:ServeAndProtect","Slimebound:FormOfPuddle"],"picked":"Slimebound:LeechingTouch","floor":3},{"not_picked":["Slimebound:RainOfGoop","Slimebound:ViciousTackle"],"picked":"Slimebound:Schlurp","floor":4},{"not_picked":["Slimebound:LeechEnergy","Slimebound:ServeAndProtect"],"picked":"Slimebound:SplitMire","floor":5},{"not_picked":["Slimebound:MegaLick","Slimebound:SplitMire"],"picked":"Slimebound:SplitLeeching","floor":6},{"not_picked":["Slimebound:LeechingTouch","Slimebound:LeechEnergy"],"picked":"Slimebound:Schlurp","floor":8},{"not_picked":["Slimebound:LivingWall","Slimebound:LeechEnergy"],"picked":"Slimebound:SplitSpecialist","floor":9},{"not_picked":["Slimebound:FormOfPuddle","Slimebound:Dissolve"],"picked":"Slimebound:Schlurp","floor":11},{"not_picked":["Slimebound:MinionMaster","Slimebound:ComboTackle"],"picked":"Slimebound:RollThrough","floor":13},{"not_picked":["Slimebound:FlameTackle","Slimebound:SplitAcid"],"picked":"Slimebound:GoopSpray","floor":14},{"not_picked":["Slimebound:Nibble","Slimebound:GoopSpray"],"picked":"Slimebound:HauntingLick","floor":15},{"not_picked":["Slimebound:Teamwork","Slimebound:DuplicatedForm"],"picked":"Slimebound:MassFeed","floor":16},{"not_picked":["Slimebound:SplitAcid","Slimebound:FinishingTackle"],"picked":"Slimebound:ItLooksTasty","floor":19},{"not_picked":["Slimebound:LeechingTouch","Slimebound:LevelUp+1"],"picked":"Slimebound:AcidTongue","floor":21},{"not_picked":["Slimebound:ItLooksTasty+1","Slimebound:SplitLeeching"],"picked":"Slimebound:AcidTongue","floor":22},{"not_picked":["Slimebound:SplitAcid","Slimebound:PressTheAttack"],"picked":"Slimebound:Schlurp","floor":25},{"not_picked":["Slimebound:DouseInSlime","Slimebound:LeechingTouch"],"picked":"Slimebound:LevelUp","floor":26}],"player_experience":115199,"relics_obtained":[{"floor":6,"key":"PreservedInsect"},{"floor":7,"key":"War Paint"},{"floor":13,"key":"Calipers"},{"floor":24,"key":"Darkstone Periapt"},{"floor":25,"key":"Oddly Smooth Stone"}],"event_choices":[],"is_beta":false,"boss_relics":[{"not_picked":["Runic Pyramid","bronze:MakeshiftBattery"],"picked":"SacredBark"}],"items_purged_floors":[],"is_endless":false,"potions_floor_spawned":[5,11,13,15,19,21,26],"killed_by":"Chosen and Byrds","ascension_level":0}}