{"host":"1a8lb11wemezctea","time":1614110504,"event":{"mods":["BaseMod","Colored Powertips","Highlight Path","Minty Spire (QoL Compilation)"],"gold_per_floor":[112,112,128,128,147,147,165,197,197,222,241,24,42,54,54,152,152,162,182,182,182,281,298,298,298],"floor_reached":24,"language":"ENG","playtime":1187,"items_purged":[],"score":326,"play_id":"a8cd2bac-e661-457b-b55b-4e93c746e79c","local_time":"20210223150144","is_ascension_mode":true,"campfire_choices":[{"data":"Armaments","floor":6,"key":"SMITH"},{"data":"Rage","floor":15,"key":"SMITH"}],"circlet_count":0,"master_deck":["AscendersBane","Strike_R+1","Strike_R+1","Strike_R+1","Strike_R+1","Defend_R+1","Defend_R+1","Defend_R+1","Defend_R+1","Bash","Armaments+1","Battle Trance","Anger","Rage+1","Reaper","Dropkick","Thunderclap","Double Tap","Hemokinesis","Brutality","Barricade","Entrench","Flame Barrier"],"relics":["Burning Blood","Paper Frog","White Beast Statue","Question Card","SacredBark","MutagenicStrength"],"acts_visited":["Exordium","TheCity"],"potions_floor_usage":[10,10,11,14,16,18,23,24,24],"damage_taken":[{"damage":0,"enemies":"Small Slimes","floor":1,"turns":4},{"damage":0,"enemies":"2 Louse","floor":3,"turns":4},{"damage":6,"enemies":"Cultist","floor":5,"turns":4},{"damage":13,"enemies":"Large Slime","floor":7,"turns":5},{"damage":30,"enemies":"3 Sentries","floor":8,"turns":9},{"damage":22,"enemies":"Gremlin Nob","floor":10,"turns":4},{"damage":11,"enemies":"Exordium Wildlife","floor":11,"turns":4},{"damage":2,"enemies":"2 Fungi Beasts","floor":13,"turns":2},{"damage":6,"enemies":"Large Slime","floor":14,"turns":6},{"damage":44,"enemies":"The Guardian","floor":16,"turns":9},{"damage":4,"enemies":"Shell Parasite","floor":18,"turns":5},{"damage":49,"enemies":"Spheric Guardian","floor":19,"turns":6},{"damage":6,"enemies":"Centurion and Healer","floor":23,"turns":6},{"damage":61,"enemies":"Slavers","floor":24,"turns":4}],"seed_played":"4687391404641737541","potions_obtained":[{"floor":3,"key":"BlessingOfTheForge"},{"floor":8,"key":"SkillPotion"},{"floor":10,"key":"Fire Potion"},{"floor":11,"key":"Block Potion"},{"floor":13,"key":"SpeedPotion"},{"floor":14,"key":"Fire Potion"},{"floor":16,"key":"PowerPotion"},{"floor":18,"key":"FearPotion"},{"floor":19,"key":"EssenceOfSteel"},{"floor":23,"key":"BlessingOfTheForge"}],"is_trial":false,"path_per_floor":["M","?","M","?","M","R","M","E","T","E","M","$","M","M","R","B",null,"M","M","?","?","?","M","E"],"character_chosen":"IRONCLAD","items_purchased":["Double Tap","Hemokinesis"],"campfire_rested":0,"item_purchase_floors":[12,12],"current_hp_per_floor":[86,86,88,88,88,88,81,57,57,49,52,52,56,62,62,40,76,88,45,45,45,45,52,1,1],"gold":298,"neow_bonus":"TEN_PERCENT_HP_BONUS","is_daily":false,"chose_seed":false,"campfire_upgraded":2,"win_rate":0.0,"timestamp":1614110504,"path_taken":["M","?","M","?","M","R","M","E","T","E","M","$","?","M","R","BOSS","M","M","?","?","?","M","E"],"items_purchased_type":["Card","Card"],"build_version":"2020-12-22","purchased_purges":0,"victory":false,"max_hp_per_floor":[88,88,88,88,88,88,88,88,88,88,88,88,88,88,88,88,88,88,88,88,88,88,88,88,88],"card_choices":[{"not_picked":["Body Slam","Intimidate"],"picked":"Armaments","floor":1},{"not_picked":["Sword Boomerang","Flex"],"picked":"Battle Trance","floor":3},{"not_picked":["Cleave","Pummel"],"picked":"Anger","floor":5},{"not_picked":["Anger","Warcry"],"picked":"Rage","floor":7},{"not_picked":["Reckless Charge","Clash"],"picked":"Reaper","floor":8},{"not_picked":["Heavy Blade","Armaments"],"picked":"Dropkick","floor":10},{"not_picked":["Body Slam","Cleave","Sentinel"],"picked":"Thunderclap","floor":11},{"not_picked":["Clothesline","Reckless Charge","Rampage"],"picked":"Brutality","floor":13},{"not_picked":["Warcry","Twin Strike","Thunderclap","Hemokinesis"],"picked":"SKIP","floor":14},{"not_picked":["Exhume","Berserk","Immolate"],"picked":"Barricade","floor":16},{"not_picked":["Uppercut","Flex","Cleave"],"picked":"Entrench","floor":18},{"not_picked":["Intimidate","Headbutt","Wild Strike"],"picked":"Flame Barrier","floor":19},{"not_picked":["Twin Strike","Shockwave","Sentinel","Searing Blow"],"picked":"SKIP","floor":23}],"player_experience":309788,"relics_obtained":[{"floor":8,"key":"Paper Frog"},{"floor":9,"key":"White Beast Statue"},{"floor":10,"key":"Question Card"}],"event_choices":[{"damage_healed":0,"gold_gain":0,"player_choice":"Ignored","damage_taken":0,"max_hp_gain":0,"max_hp_loss":0,"event_name":"Golden Wing","floor":2,"gold_loss":0},{"cards_removed":["Strike_R"],"damage_healed":0,"gold_gain":0,"player_choice":"Offered Basic","damage_taken":0,"max_hp_gain":0,"max_hp_loss":0,"event_name":"Bonfire Elementals","floor":4,"gold_loss":0},{"damage_healed":0,"gold_gain":0,"player_choice":"Simplicity","damage_taken":0,"max_hp_gain":0,"max_hp_loss":0,"event_name":"Back to Basics","floor":20,"gold_loss":0,"cards_upgraded":["Strike_R","Strike_R","Strike_R","Strike_R","Defend_R","Defend_R","Defend_R","Defend_R"]},{"damage_healed":0,"gold_gain":0,"player_choice":"Inject Mutagens","damage_taken":0,"relics_obtained":["MutagenicStrength"],"max_hp_gain":0,"max_hp_loss":0,"event_name":"Drug Dealer","floor":21,"gold_loss":0},{"damage_healed":0,"gold_gain":99,"player_choice":"Stole From Cult","damage_taken":0,"max_hp_gain":0,"max_hp_loss":0,"event_name":"Nest","floor":22,"gold_loss":0}],"is_beta":false,"boss_relics":[{"not_picked":["Snecko Eye","Cursed Key"],"picked":"SacredBark"}],"items_purged_floors":[],"is_endless":false,"potions_floor_spawned":[3,8,10,11,13,14,16,18,19,23],"killed_by":"Slavers","ascension_level":11}}