{"host":"64ub6hloe4gtkym4","time":1614107606,"event":{"mods":["AchievementEnabler","BaseMod","Colored Map","Colored Powertips","Googly Eyes","Hermit","Highlight Path","Hubris","Minty Spire (QoL Compilation)","Reliquary","Shop Mod","StSLib","The Construct","The Runesmith","The Servant 0.9.4"],"gold_per_floor":[115,115,130,36,52,52,62,62,62,62,8,42,42,59,59,159,159,178,195,48,61,61,61,92,111,111,111,123,123,123,138,138,240,240,260,260,213,223,233,233,233,233,285,304,226,226,245,260,260,260,260],"floor_reached":50,"language":"ENG","playtime":4221,"items_purged":[],"score":489,"play_id":"67127445-66bc-4196-a3cd-0d914918b287","local_time":"20210223191326","is_ascension_mode":false,"campfire_choices":[{"data":"Dualcast","floor":6,"key":"SMITH"},{"floor":8,"key":"REST"},{"data":"Redo","floor":10,"key":"SMITH"},{"floor":15,"key":"REST"},{"floor":23,"key":"REST"},{"floor":27,"key":"REST"},{"floor":29,"key":"REST"},{"floor":32,"key":"REST"},{"floor":40,"key":"REST"},{"floor":42,"key":"REST"},{"floor":49,"key":"REST"}],"circlet_count":0,"master_deck":["Strike_B","Strike_B","Strike_B","Defend_B","Defend_B","Defend_B","Defend_B","Zap","Dualcast+1","Coolheaded","BootSequence","Darkness","Ball Lightning","Redo+1","Leap","Genetic Algorithm","Go for the Eyes","Conserve Battery","Loop","Melter+1","Auto Shields+1","Rainbow+1","Leap+1","Barrage","Ball Lightning+1","Darkness","Streamline","Multi-Cast","Capacitor","Sweeping Beam+1"],"relics":["Cracked Core","reliquary:BoilingFlask","hubris:Spice","hubris:Stopwatch","hubris:Towel","Ice Cream","reliquary:Stiletto","hubris:Icosahedron","Dream Catcher"],"acts_visited":["Exordium","TheCity","TheBeyond"],"potions_floor_usage":[12,24,24,33,33,50,50,50],"damage_taken":[{"damage":0,"enemies":"Jaw Worm","floor":1,"turns":6},{"damage":0,"enemies":"Cultist","floor":3,"turns":3},{"damage":0,"enemies":"Small Slimes","floor":5,"turns":3},{"damage":15,"enemies":"Gremlin Gang","floor":7,"turns":5},{"damage":27,"enemies":"3 Sentries","floor":12,"turns":8},{"damage":0,"enemies":"Large Slime","floor":14,"turns":4},{"damage":7,"enemies":"Slime Boss","floor":16,"turns":12},{"damage":14,"enemies":"3 Byrds","floor":18,"turns":7},{"damage":10,"enemies":"Shell Parasite","floor":19,"turns":4},{"damage":25,"enemies":"Shelled Parasite and Fungi","floor":21,"turns":6},{"damage":11,"enemies":"Book of Stabbing","floor":24,"turns":5},{"damage":3,"enemies":"Snecko","floor":25,"turns":6},{"damage":9,"enemies":"Cultist and Chosen","floor":28,"turns":7},{"damage":10,"enemies":"Snake Plant","floor":31,"turns":5},{"damage":77,"enemies":"Automaton","floor":33,"turns":13},{"damage":0,"enemies":"3 Shapes","floor":35,"turns":6},{"damage":25,"enemies":"3 Darklings","floor":38,"turns":8},{"damage":23,"enemies":"Transient","floor":39,"turns":5},{"damage":29,"enemies":"4 Shapes","floor":44,"turns":7},{"damage":43,"enemies":"3 Darklings","floor":47,"turns":8},{"damage":2,"enemies":"Writhing Mass","floor":48,"turns":6},{"damage":44,"enemies":"hubris:GrandSnecko","floor":50,"turns":16}],"seed_played":"-6932108568856955648","potions_obtained":[{"floor":1,"key":"Fire Potion"},{"floor":3,"key":"PowerPotion"},{"floor":12,"key":"LiquidBronze"},{"floor":18,"key":"SpeedPotion"},{"floor":25,"key":"Strength Potion"},{"floor":35,"key":"LiquidBronze"},{"floor":38,"key":"FocusPotion"},{"floor":47,"key":"PowerPotion"}],"is_trial":false,"path_per_floor":["M","?","M","$","M","R","M","R","T","R","$","E","?","M","R","B",null,"M","M","$","M","?","R","E","M","T","R","M","R","?","M","R","B",null,"M","?","$","M","M","R","?","R","T","M","$","?","M","M","R","B"],"character_chosen":"DEFECT","items_purchased":["Ball Lightning","Redo","Go for the Eyes","Rainbow","Streamline","Capacitor"],"campfire_rested":9,"item_purchase_floors":[4,4,11,20,37,45],"current_hp_per_floor":[75,75,75,75,75,75,60,75,75,75,75,56,56,56,80,73,83,69,59,59,34,34,58,47,44,44,68,59,83,83,73,83,6,91,91,91,91,66,43,70,70,91,91,62,62,62,19,17,44,0,0],"gold":260,"neow_bonus":"THREE_CARDS","is_daily":false,"chose_seed":false,"campfire_upgraded":2,"win_rate":0.0,"timestamp":1614107606,"path_taken":["M","?","M","?","?","R","M","R","T","R","$","E","?","M","R","BOSS","M","?","$","M","?","R","E","M","T","R","M","R","?","M","R","BOSS","M","?","$","M","M","R","?","R","T","M","$","?","M","M","R","BOSS"],"items_purchased_type":["Card","Card","Card","Card","Card","Card"],"build_version":"2020-12-22","purchased_purges":0,"victory":false,"max_hp_per_floor":[75,75,75,75,75,75,75,75,75,75,75,83,83,83,83,83,83,83,83,83,83,83,83,83,83,83,83,83,83,83,83,83,83,91,91,91,91,91,91,91,91,91,91,91,91,91,91,91,91,91,91],"card_choices":[{"not_picked":["Blizzard","Gash"],"picked":"Coolheaded","floor":0},{"not_picked":["Undo","Heatsinks"],"picked":"BootSequence","floor":1},{"not_picked":["Cold Snap","Genetic Algorithm"],"picked":"Darkness","floor":3},{"not_picked":["Cold Snap","Coolheaded"],"picked":"Leap","floor":5},{"not_picked":["Force Field","Ball Lightning"],"picked":"Genetic Algorithm","floor":7},{"not_picked":["hubris:PowerSurge","All For One"],"picked":"Conserve Battery","floor":12},{"not_picked":["Rebound","Hologram"],"picked":"Loop","floor":14},{"not_picked":["Go for the Eyes","Storm+1"],"picked":"Melter+1","floor":18},{"not_picked":["Conserve Battery","Redo"],"picked":"Auto Shields+1","floor":19},{"not_picked":["Steam+1","Static Discharge+1"],"picked":"Leap+1","floor":21},{"not_picked":["Cold Snap","hubris:Ukulele"],"picked":"Barrage","floor":24},{"not_picked":["Undo","BootSequence"],"picked":"Ball Lightning+1","floor":25},{"not_picked":["Cold Snap","Gash"],"picked":"Darkness","floor":28},{"not_picked":["Streamline","Sweeping Beam","Cold Snap"],"picked":"SKIP","floor":31},{"not_picked":["Go for the Eyes+1","Melter","hubris:PowerSurge"],"picked":"SKIP","floor":35},{"not_picked":["Turbo","Conserve Battery+1"],"picked":"Multi-Cast","floor":38},{"not_picked":["Leap","Gash+1","Skim+1"],"picked":"SKIP","floor":39},{"not_picked":["Cold Snap","Hologram+1","Barrage"],"picked":"SKIP","floor":44},{"not_picked":["Cold Snap+1","Echo Form"],"picked":"Sweeping Beam+1","floor":47},{"not_picked":["Conserve Battery","Rebound","Sweeping Beam"],"picked":"SKIP","floor":48}],"player_experience":55845,"relics_obtained":[{"floor":9,"key":"reliquary:BoilingFlask"},{"floor":12,"key":"hubris:Spice"},{"floor":24,"key":"Ice Cream"},{"floor":26,"key":"reliquary:Stiletto"},{"floor":43,"key":"Dream Catcher"}],"event_choices":[{"damage_healed":0,"gold_gain":0,"player_choice":"Fled","damage_taken":0,"max_hp_gain":0,"max_hp_loss":0,"event_name":"Scrap Ooze","floor":2,"gold_loss":0},{"damage_healed":0,"gold_gain":0,"player_choice":"Leave","damage_taken":0,"max_hp_gain":0,"max_hp_loss":0,"event_name":"FaceTrader","floor":13,"gold_loss":0},{"damage_healed":0,"gold_gain":0,"player_choice":"Ignored","damage_taken":0,"max_hp_gain":0,"max_hp_loss":0,"event_name":"The Mausoleum","floor":30,"gold_loss":0},{"cards_removed":["Strike_B"],"damage_healed":0,"gold_gain":0,"player_choice":"Removed Attack","damage_taken":0,"max_hp_gain":0,"max_hp_loss":0,"event_name":"Falling","floor":36,"gold_loss":0},{"damage_healed":0,"gold_gain":0,"player_choice":"Forge","damage_taken":0,"max_hp_gain":0,"max_hp_loss":0,"event_name":"Accursed Blacksmith","floor":46,"gold_loss":0,"cards_upgraded":["Rainbow"]}],"is_beta":false,"boss_relics":[{"not_picked":["Sozu","Snecko Eye"],"picked":"hubris:Stopwatch"},{"not_picked":["SacredBark","reliquary:RustamsPendant"],"picked":"hubris:Spice"}],"items_purged_floors":[],"is_endless":false,"potions_floor_spawned":[1,3,12,18,25,35,38,47],"killed_by":"hubris:GrandSnecko","ascension_level":0}}