{"host":"og21o26alpnbwmz8","time":1614087380,"event":{"mods":["2.2 Compatiblity","Act Like it!","Aspiration","BaseMod","Conspire","Downfall","Gensokyo","GungeonMod","Halation","Hubris","Jedi Mod","Mimic Mod","Minty Spire (QoL Compilation)","Pale of the Ancients","Reliquary","Replay The Spire","Shop Mod","Spikes Relics","StSLib","The Alterego","The Animator","The Blue Laboratory","The Bug Knight","The Cursed","The Exalted","The Marked","The Poker Player","Waifu the Spire","Yuri Mod"],"gold_per_floor":[113,123,94,94,94,94,94,94,94,94,94,94,94,94,94,94,94,94,94,94,94,94,94,94,94,94,94,94,94,94,94,94,116,116,116,116],"floor_reached":35,"language":"ENG","playtime":2053,"items_purged":["TheCursedMod:Strike_TheCursed"],"score":814,"play_id":"70b014df-b570-43e9-bfd7-383f69b80174","local_time":"20210223083620","is_ascension_mode":false,"campfire_choices":[{"data":"BlessedFruit","floor":11,"key":"SMITH"},{"data":"TheCursedMod:CursedMace","floor":15,"key":"SMITH"},{"data":"TheCursedMod:HellsGateOpen","floor":23,"key":"SMITH"},{"floor":28,"key":"RECALL"},{"data":"TheCursedMod:SpitefulPlan","floor":32,"key":"SMITH"}],"circlet_count":0,"master_deck":["TheCursedMod:Defend_TheCursed","TheCursedMod:Defend_TheCursed","TheCursedMod:Defend_TheCursed","TheCursedMod:Defend_TheCursed","TheCursedMod:CursedWand+1","TheCursedMod:CleanUpWorkshop","TheCursedMod:Dregs","TheCursedMod:CursedMace+1","TheCursedMod:AshesToAshes","CommonCold","TheCursedMod:SmokeScreen","BlessedFruit","BlessedFruit+1","TheCursedMod:FleshFromBone","TheCursedMod:DemonicPact","TheCursedMod:HellsGateOpen+1","Slimebound:Tackle+1","Slimebound:Tackle+1","Slimebound:Tackle+1","BlessedFruit+1","TheCursedMod:FleshFromBone","TheCursedMod:SpitefulPlan+1","TheCursedMod:DemonSword"],"relics":["TheCursedMod:BlackMagic101","jedi:ominousloannote","DemoMod:GundromedaStrain","SnailShell","Art of War","hubris:Icosahedron","HeavenlyBonsai","DemoMod:DecoyRelic","reliquary:SilkGlove","ReplayTheSpireMod:DimensionalGlitch","jedi:arcanewood","hubris:HollowSoul"],"acts_visited":["Exordium","TheCity","TheBeyond"],"potions_floor_usage":[12,19,27],"damage_taken":[{"damage":0,"enemies":"conspire:RoseBush","floor":1,"turns":3},{"damage":6,"enemies":"Jaw Worm","floor":2,"turns":4},{"damage":2,"enemies":"Small Slimes","floor":5,"turns":3},{"damage":0,"enemies":"Replay:BlueRogue","floor":6,"turns":6},{"damage":0,"enemies":"Blue Slaver","floor":10,"turns":4},{"damage":4,"enemies":"conspire:MimicChest","floor":12,"turns":9},{"damage":0,"enemies":"Large Slime","floor":13,"turns":8},{"damage":17,"enemies":"Lagavulin","floor":14,"turns":6},{"damage":0,"enemies":"Hexaghost","floor":16,"turns":11},{"damage":0,"enemies":"Shell Parasite","floor":18,"turns":4},{"damage":0,"enemies":"3 Cultists","floor":19,"turns":6},{"damage":4,"enemies":"HollowMod:Nosk","floor":24,"turns":8},{"damage":0,"enemies":"Snake Plant","floor":25,"turns":3},{"damage":0,"enemies":"Centurion and Healer","floor":27,"turns":3},{"damage":0,"enemies":"3 Cultists","floor":29,"turns":5},{"damage":11,"enemies":"Cultist and Chosen","floor":30,"turns":5},{"damage":2,"enemies":"Snecko","floor":31,"turns":3},{"damage":25,"enemies":"Pondfish","floor":33,"turns":10},{"damage":16,"enemies":"3 Darklings","floor":35,"turns":3}],"seed_played":"5122651796418874548","potions_obtained":[{"floor":10,"key":"blueLaboratory:StoneskinPotion"},{"floor":12,"key":"hexamod:SoulburnPotion"},{"floor":13,"key":"blueLaboratory:Moonshine"},{"floor":14,"key":"Swift Potion"},{"floor":25,"key":"Adrenaline Potion"},{"floor":30,"key":"blueLaboratory:TrueEctoplasm"},{"floor":33,"key":"blueLaboratory:BottledHope"}],"is_trial":false,"path_per_floor":["M","M","$","?","M","E","?","?","T","M","R","?","M","E","R","B",null,"M","M","?","?","?","R","E","M","T","M","R","M","M","M","R","B",null,"M"],"character_chosen":"THE_CURSED","items_purchased":["jedi:ominousloannote","DemoMod:GundromedaStrain","TheCursedMod:AshesToAshes"],"campfire_rested":0,"item_purchase_floors":[3,3,3],"current_hp_per_floor":[75,69,69,69,67,67,49,49,49,51,51,50,53,39,39,42,89,91,93,93,93,93,93,92,95,95,98,98,101,93,93,93,71,129,114,114],"gold":116,"neow_bonus":"UPGRADE_CARD","is_daily":false,"chose_seed":false,"campfire_upgraded":4,"win_rate":0.0,"timestamp":1614087380,"path_taken":["M","M","$","?","?","E","?","?","T","M","R","?","M","E","R","BOSS","M","M","?","?","?","R","E","M","T","M","R","M","M","?","R","BOSS","M"],"items_purchased_type":["Relic","Relic","Card"],"build_version":"2020-12-22","purchased_purges":1,"victory":false,"max_hp_per_floor":[75,75,75,75,75,75,75,75,75,77,77,80,83,86,86,89,89,92,95,95,95,95,95,100,105,105,110,110,115,120,124,124,129,129,131,131],"card_choices":[{"not_picked":["TheCursedMod:SmokeScreen","TheCursedMod:Obscuration"],"picked":"TheCursedMod:CursedMace","floor":1},{"not_picked":["TheCursedMod:Wield","TheCursedMod:Torture","TheCursedMod:RavingStaff"],"picked":"SKIP","floor":2},{"not_picked":["TheCursedMod:Stretching","TheCursedMod:SmokeScreen","TheCursedMod:Wield"],"picked":"SKIP","floor":5},{"not_picked":["TheCursedMod:CircleOfCorruption","TheCursedMod:SoulReap"],"picked":"TheCursedMod:SmokeScreen","floor":6},{"not_picked":["TheCursedMod:CollectTribute","TheCursedMod:SoulReap","TheCursedMod:VitalStrike"],"picked":"SKIP","floor":10},{"not_picked":["TheCursedMod:DoubleShield","TheCursedMod:VitalStrike"],"picked":"TheCursedMod:FleshFromBone","floor":12},{"not_picked":["TheCursedMod:PrepareRite","TheCursedMod:RavingStaff","TheCursedMod:Obscuration"],"picked":"SKIP","floor":13},{"not_picked":["TheCursedMod:CircleOfFocus","TheCursedMod:Wield","TheCursedMod:TroublousMinions"],"picked":"SKIP","floor":14},{"not_picked":["TheCursedMod:ManaCirculation","TheCursedMod:DarkBarrier"],"picked":"TheCursedMod:DemonicPact","floor":16},{"not_picked":["TheCursedMod:TacticalStrike","TheCursedMod:Evocation","TheCursedMod:CursedBlade"],"picked":"SKIP","floor":18},{"not_picked":["TheCursedMod:CircleOfCorruption","TheCursedMod:TroublousMinions"],"picked":"TheCursedMod:HellsGateOpen","floor":19},{"not_picked":["TheCursedMod:Stigma+1","TheCursedMod:RavingStaff","TheCursedMod:CircleOfFocus"],"picked":"SKIP","floor":24},{"not_picked":["TheCursedMod:VitalStrike","TheCursedMod:Wield","TheCursedMod:OutForBlood"],"picked":"SKIP","floor":25},{"not_picked":["TheCursedMod:SaltUponWound","TheCursedMod:EmpowerCircles","TheCursedMod:CursedShiv"],"picked":"SKIP","floor":27},{"not_picked":["TheCursedMod:RavingStaff","TheCursedMod:BlessingInDisguise"],"picked":"TheCursedMod:FleshFromBone","floor":29},{"not_picked":["TheCursedMod:CircleOfWindfury","TheCursedMod:CircleOfFlame+1"],"picked":"TheCursedMod:SpitefulPlan","floor":30},{"not_picked":["TheCursedMod:Obscuration","TheCursedMod:CursedBoomerang","TheCursedMod:CursedShiv"],"picked":"SKIP","floor":31},{"not_picked":["TheCursedMod:ShockAndAwe","TheCursedMod:CursedRelics"],"picked":"TheCursedMod:DemonSword","floor":33}],"player_experience":442778,"relics_obtained":[{"floor":6,"key":"SnailShell"},{"floor":9,"key":"HeavenlyBonsai"},{"floor":12,"key":"DemoMod:DecoyRelic"},{"floor":14,"key":"reliquary:SilkGlove"},{"floor":24,"key":"jedi:arcanewood"}],"event_choices":[{"cards_removed":["TheCursedMod:Strike_TheCursed"],"damage_healed":0,"gold_gain":0,"player_choice":"Took Card","damage_taken":0,"max_hp_gain":0,"max_hp_loss":0,"event_name":"NoteForYourself","floor":4,"gold_loss":0,"cards_obtained":["CommonCold"]},{"damage_healed":0,"gold_gain":0,"player_choice":"Success","damage_taken":18,"relics_obtained":["Art of War"],"max_hp_gain":0,"max_hp_loss":0,"event_name":"Scrap Ooze","floor":7,"gold_loss":0},{"damage_healed":0,"gold_gain":0,"player_choice":"Copied","damage_taken":0,"max_hp_gain":0,"max_hp_loss":0,"event_name":"Duplicator","floor":22,"gold_loss":0,"cards_obtained":["BlessedFruit"]}],"is_beta":false,"boss_relics":[{"not_picked":["Replay:Grab Bag","jedi:battlestandard"],"picked":"ReplayTheSpireMod:DimensionalGlitch"},{"not_picked":["Replay:Drink Me","halation:CatFaceCupcake"],"picked":"hubris:HollowSoul"}],"items_purged_floors":[3],"is_endless":false,"potions_floor_spawned":[10,12,13,14,25,30,31,33],"killed_by":"3 Darklings","ascension_level":0}}