{"host":"4i5my69dv6e41930","time":1614067761,"event":{"mods":["AchievementEnabler","BaseMod","Minty Spire (QoL Compilation)","Relic Stats"],"gold_per_floor":[112,122,47,59,73,73,83,113,113,127,127,138,165,188,188,264,264,284,301,301,301,29,59,69,99,174,224,224,274,306,316,316,316,316],"floor_reached":33,"language":"ENG","playtime":2448,"items_purged":[],"score":706,"play_id":"cedd5445-c016-4729-b71b-e8cae70ab5cf","local_time":"20210223030921","is_ascension_mode":true,"campfire_choices":[{"data":"Predator","floor":6.0,"key":"SMITH"},{"floor":11.0,"key":"REST"},{"data":"Noxious Fumes","floor":15.0,"key":"SMITH"},{"data":"1","floor":32.0,"key":"LIFT"}],"circlet_count":0,"master_deck":["AscendersBane","Strike_G","Strike_G","Strike_G","Strike_G","Defend_G","Defend_G","Defend_G","Defend_G","Defend_G","Survivor","Neutralize","Quick Slash","Noxious Fumes+1","Dagger Throw","Predator+1","All Out Attack","Backstab","Backflip","Corpse Explosion","Footwork","Footwork","Ghostly","Ghostly","Ghostly","Wraith Form v2","Acrobatics","Wraith Form v2","PiercingWail","Backflip","Blade Dance"],"relics":["Ring of the Snake","Bronze Scales","Girya","Matryoshka","Blood Vial","Orichalcum","Akabeko","Fusion Hammer","Membership Card","Singing Bowl","Boot","Nunchaku","Kunai","Regal Pillow"],"acts_visited":["Exordium","TheCity"],"potions_floor_usage":[33],"damage_taken":[{"damage":6.0,"enemies":"Small Slimes","floor":1.0,"turns":5.0},{"damage":2.0,"enemies":"Jaw Worm","floor":2.0,"turns":4.0},{"damage":0.0,"enemies":"Cultist","floor":4.0,"turns":4.0},{"damage":2.0,"enemies":"2 Fungi Beasts","floor":5.0,"turns":4.0},{"damage":3.0,"enemies":"Looter","floor":7.0,"turns":4.0},{"damage":22.0,"enemies":"Lagavulin","floor":8.0,"turns":6.0},{"damage":0.0,"enemies":"3 Louse","floor":10.0,"turns":3.0},{"damage":0.0,"enemies":"Large Slime","floor":12.0,"turns":4.0},{"damage":13.0,"enemies":"Gremlin Nob","floor":13.0,"turns":3.0},{"damage":17.0,"enemies":"The Guardian","floor":16.0,"turns":12.0},{"damage":6.0,"enemies":"2 Thieves","floor":18.0,"turns":4.0},{"damage":5.0,"enemies":"3 Byrds","floor":19.0,"turns":2.0},{"damage":1.0,"enemies":"Slavers","floor":23.0,"turns":2.0},{"damage":0.0,"enemies":"3 Cultists","floor":24.0,"turns":3.0},{"damage":0.0,"enemies":"Book of Stabbing","floor":25.0,"turns":6.0},{"damage":0.0,"enemies":"Gremlin Leader","floor":30.0,"turns":6.0},{"damage":0.0,"enemies":"Snake Plant","floor":31.0,"turns":4.0},{"damage":56,"enemies":"Champ","floor":33,"turns":15}],"seed_played":"3227653850917718716","potions_obtained":[{"floor":2.0,"key":"FearPotion"},{"floor":5.0,"key":"LiquidMemories"},{"floor":8.0,"key":"SteroidPotion"},{"floor":18.0,"key":"Explosive Potion"},{"floor":19.0,"key":"PowerPotion"},{"floor":23.0,"key":"AttackPotion"},{"floor":31.0,"key":"EssenceOfSteel"}],"is_trial":false,"path_per_floor":["M","M","?","M","M","R","M","E","T","M","R","M","E","T","R","B",null,"M","M","?","?","$","E","M","E","T","?","?","?","E","M","R","B"],"character_chosen":"THE_SILENT","items_purchased":["Membership Card","Wraith Form v2","Acrobatics"],"campfire_rested":1,"item_purchase_floors":[22,22,22],"current_hp_per_floor":[53,51,51,51,49,49,46,24,24,24,43,43,30,30,30,15,53,49,46,46,33,33,32,33,33,33,33,33,33,33,35,35,0,0],"gold":316,"neow_bonus":"RANDOM_COMMON_RELIC","is_daily":false,"chose_seed":false,"campfire_upgraded":2,"win_rate":0.0,"timestamp":1614067761,"path_taken":["M","M","?","M","M","R","M","E","T","M","R","M","E","?","R","BOSS","M","M","?","?","$","E","M","E","T","?","?","?","E","?","R","BOSS"],"items_purchased_type":["Relic","Card","Card"],"build_version":"2020-12-22","purchased_purges":0,"victory":false,"max_hp_per_floor":[66,66,66,66,66,66,66,66,66,66,66,66,66,66,66,66,66,66,66,66,33,33,33,33,33,33,33,33,33,33,35,35,35,35],"relic_stats":{"Blood Vial":7,"Nunchaku":[5],"Regal Pillow":0,"Singing Bowl":2,"counters":[18,91],"Bronze Scales":[258],"Kunai":[10],"Orichalcum":[156],"Boot":[31],"obtain_stats":[{"Girya":8,"Regal Pillow":30,"Singing Bowl":23,"Orichalcum":14,"Boot":25,"Akabeko":14,"Blood Vial":13,"Nunchaku":26,"Matryoshka":9,"Bronze Scales":0,"Fusion Hammer":17,"Membership Card":22,"Kunai":26,"Ring of the Snake":0},{"Girya":6,"Regal Pillow":16,"Singing Bowl":13,"Orichalcum":9,"Boot":15,"Akabeko":9,"Blood Vial":9,"Nunchaku":15,"Matryoshka":6,"Bronze Scales":0,"Fusion Hammer":10,"Membership Card":12,"Kunai":15,"Ring of the Snake":0},{"Girya":27,"Regal Pillow":72,"Singing Bowl":57,"Orichalcum":37,"Boot":66,"Akabeko":37,"Blood Vial":37,"Nunchaku":66,"Matryoshka":27,"Bronze Scales":0,"Fusion Hammer":49,"Membership Card":55,"Kunai":66,"Ring of the Snake":0}],"Ring of the Snake":[36]},"card_choices":[{"not_picked":["Acrobatics","Flechettes"],"picked":"Quick Slash","floor":1.0},{"not_picked":["Escape Plan","Predator"],"picked":"Noxious Fumes","floor":2.0},{"not_picked":["Distraction","Choke"],"picked":"Dagger Throw","floor":4.0},{"not_picked":["Prepared","Finisher"],"picked":"Predator","floor":5.0},{"not_picked":["Quick Slash","Deflect"],"picked":"All Out Attack","floor":7.0},{"not_picked":["Skewer","Dagger Throw"],"picked":"Backstab","floor":8.0},{"not_picked":["Underhanded Strike","Sucker Punch","Setup"],"picked":"SKIP","floor":10.0},{"not_picked":["Underhanded Strike","Bane","Masterful Stab"],"picked":"SKIP","floor":12.0},{"not_picked":["Skewer","Deflect"],"picked":"Backflip","floor":13.0},{"not_picked":["A Thousand Cuts","Phantasmal Killer"],"picked":"Corpse Explosion","floor":16.0},{"not_picked":["Underhanded Strike","Deflect+1"],"picked":"Footwork","floor":18.0},{"not_picked":["Skewer","All Out Attack"],"picked":"Footwork","floor":19.0},{"not_picked":["Backflip","Concentrate"],"picked":"Wraith Form v2","floor":23.0},{"not_picked":["Quick Slash","Escape Plan+1"],"picked":"PiercingWail","floor":24.0},{"not_picked":["Dash","Doppelganger"],"picked":"Backflip","floor":25.0},{"not_picked":["Predator","Tactician"],"picked":"Blade Dance","floor":30.0},{"not_picked":["All Out Attack","Deadly Poison","Heel Hook"],"picked":"Singing Bowl","floor":31.0}],"player_experience":125979,"relics_obtained":[{"floor":8.0,"key":"Girya"},{"floor":9.0,"key":"Matryoshka"},{"floor":13.0,"key":"Blood Vial"},{"floor":14.0,"key":"Orichalcum"},{"floor":14.0,"key":"Akabeko"},{"floor":23.0,"key":"Singing Bowl"},{"floor":25.0,"key":"Boot"},{"floor":26.0,"key":"Nunchaku"},{"floor":26.0,"key":"Kunai"},{"floor":30.0,"key":"Regal Pillow"}],"event_choices":[{"cards_removed":["Strike_G"],"damage_healed":0.0,"max_hp_gain":0.0,"max_hp_loss":0.0,"gold_gain":0.0,"event_name":"The Cleric","player_choice":"Card Removal","floor":3.0,"gold_loss":75.0,"damage_taken":0.0},{"damage_healed":0.0,"max_hp_gain":0.0,"max_hp_loss":0.0,"gold_gain":0.0,"event_name":"Beggar","player_choice":"Ignored","floor":20.0,"gold_loss":0.0,"damage_taken":0.0},{"damage_healed":0.0,"max_hp_gain":0.0,"max_hp_loss":33.0,"gold_gain":0.0,"event_name":"Ghosts","player_choice":"Became a Ghost","floor":21.0,"gold_loss":0.0,"damage_taken":0.0,"cards_obtained":["Ghostly","Ghostly","Ghostly"]},{"damage_healed":0.0,"max_hp_gain":0.0,"max_hp_loss":0.0,"gold_gain":50.0,"event_name":"Nest","player_choice":"Stole From Cult","floor":27.0,"gold_loss":0.0,"damage_taken":0.0},{"damage_healed":0.0,"max_hp_gain":0.0,"max_hp_loss":0.0,"gold_gain":0.0,"event_name":"The Mausoleum","player_choice":"Ignored","floor":28.0,"gold_loss":0.0,"damage_taken":0.0},{"damage_healed":0.0,"max_hp_gain":0.0,"max_hp_loss":0.0,"gold_gain":100.0,"event_name":"The Joust","player_choice":"Bet on Murderer","floor":29.0,"gold_loss":50.0,"damage_taken":0.0}],"is_beta":false,"boss_relics":[{"not_picked":["Tiny House","WristBlade"],"picked":"Fusion Hammer"}],"items_purged_floors":[],"is_endless":false,"potions_floor_spawned":[2,5,7,8,12,18,19,23,31],"killed_by":"Champ","ascension_level":16}}