{"host":"jsd6g3c2vo13e69c","time":1614096345,"event":{"mods":["2.2 Compatiblity","Act Like it!","BaseMod","Better Altar","Better Match","Better Note","Better Sensory Stone","Better Third Choice","BetterRewards","Colored Map","Colored Powertips","Downfall","Friendly Minions","GifTheSpireLib","Googly Eyes","Gremlin Mod","Hermit","Hubris","Infinite Spire","Melee Mod","Minty Spire (QoL Compilation)","Permanent Neow","Quick Restart","Random Character Button","Replay The Spire","Shop Mod","Spire Arcade","StSLib","The Cursed","The Disciple","The Forsaken","thorton"],"gold_per_floor":[115,133,233,243,193,228,228,254,254,268,268,279,279,293,293,393,393,411,411,430,430,443,443,471,471,471,491,491,491,491,491,491,588,638,661,681,681,692,752,764,794,811,811,811,811,811,826,844,844,844],"floor_reached":51,"language":"ENG","playtime":2522,"items_purged":["meleeMod_Jab"],"score":947,"play_id":"bcfd9f09-2927-41aa-b24f-2f25ac664d1a","local_time":"20210223110545","is_ascension_mode":true,"campfire_choices":[{"data":"meleeMod_UpAir","floor":7.0,"key":"SMITH"},{"data":"meleeMod_Cautious","floor":11.0,"key":"SMITH"},{"data":"meleeMod_NeutralAir","floor":13.0,"key":"SMITH"},{"data":"Replay:GuardianBash","floor":15.0,"key":"PURGE"},{"data":"ReplayTheSpireMod:??????????????????????","floor":23.0,"key":"SMITH"},{"floor":25.0,"key":"REST"},{"floor":28.0,"key":"REST"},{"data":"Insight","floor":32.0,"key":"SMITH"},{"data":"meleeMod_BackAir","floor":44,"key":"SMITH"},{"floor":46,"key":"RECALL"},{"data":"meleeMod_Jab","floor":49,"key":"SMITH"}],"circlet_count":0,"master_deck":["meleeMod_Jab+1","meleeMod_Jab+1","meleeMod_Jab","meleeMod_Shield","meleeMod_Shield","meleeMod_Shield","meleeMod_Shield","meleeMod_NeutralAir+1","meleeMod_BackAir+1","meleeMod_Cautious+1","meleeMod_UpAir+1","meleeMod_BackAir+1","ReplayTheSpireMod:??????????????????????+1","meleeMod_NeutralAir+1","meleeMod_Knee+1","meleeMod_ShieldPoke+1","Insight+1","meleeMod_Knee+1","meleeMod_NeutralAir+1","meleeMod_BabActivated+1","meleeMod_UpAir+1","meleeMod_Cautious+1"],"relics":["meleeMod_TeamBeerMang0","Calipers","FossilizedHelix","hubris:DisguiseKit","Singing Bowl","Runic Pyramid","theForsaken:HumbleEgg","Durian","ReplayTheSpireMod:Ninjato","Tiny House","hubris:Towel","Pen Nib","hubris:CrystalStatue"],"acts_visited":["Exordium","TheCity","TheBeyond"],"potions_floor_usage":[47,50,50,50],"damage_taken":[{"damage":8.0,"enemies":"Small Slimes","floor":1.0,"turns":2.0},{"damage":1.0,"enemies":"Cultist","floor":2.0,"turns":3.0},{"damage":0.0,"enemies":"2 Louse","floor":4.0,"turns":2.0},{"damage":12.0,"enemies":"Lagavulin","floor":6.0,"turns":6.0},{"damage":0.0,"enemies":"Gremlin Nob","floor":8.0,"turns":3.0},{"damage":0.0,"enemies":"Looter","floor":10.0,"turns":2.0},{"damage":0.0,"enemies":"2 Fungi Beasts","floor":12.0,"turns":2.0},{"damage":0.0,"enemies":"Red Slaver","floor":14.0,"turns":2.0},{"damage":51.0,"enemies":"The Guardian","floor":16.0,"turns":10.0},{"damage":11.0,"enemies":"2 Thieves","floor":18.0,"turns":4.0},{"damage":0.0,"enemies":"Spheric Guardian","floor":20.0,"turns":3.0},{"damage":22.0,"enemies":"Snake Plant","floor":22.0,"turns":4.0},{"damage":30.0,"enemies":"Gremlin Leader","floor":24.0,"turns":5.0},{"damage":0.0,"enemies":"Sentry and Sphere","floor":27.0,"turns":4.0},{"damage":0.0,"enemies":"Collector","floor":33.0,"turns":4.0},{"damage":0.0,"enemies":"Orb Walker","floor":35.0,"turns":1.0},{"damage":13.0,"enemies":"3 Shapes","floor":36.0,"turns":3.0},{"damage":0.0,"enemies":"Sphere and 2 Shapes","floor":38.0,"turns":4.0},{"damage":0,"enemies":"4 Shapes","floor":40,"turns":2},{"damage":0,"enemies":"R_Hoarder","floor":41,"turns":6},{"damage":0,"enemies":"Spire Growth","floor":42,"turns":2},{"damage":0,"enemies":"Writhing Mass","floor":47,"turns":3},{"damage":0,"enemies":"Maw","floor":48,"turns":3},{"damage":79,"enemies":"infinitespire:MassOfShapes","floor":50,"turns":7}],"seed_played":"-2112946364665542811","potions_obtained":[{"floor":1.0,"key":"Adrenaline Potion"},{"floor":4.0,"key":"Energy Potion"},{"floor":8.0,"key":"PowerPotion"},{"floor":20.0,"key":"Toxic Potion"},{"floor":24.0,"key":"Regen Potion"},{"floor":27.0,"key":"Energy Potion"},{"floor":34.0,"key":"DistilledChaos"},{"floor":39,"key":"CultistPotion"},{"floor":42,"key":"Slimebound:ThreeZeroPotion"},{"floor":47,"key":"FearPotion"},{"floor":48,"key":"GamblersBrew"}],"is_trial":false,"path_per_floor":["M","M","?","M","?","E","R","E","T","M","R","M","R","M","R_BF","B",null,"M","?","M","?","M","R","E","R","T","M","R","AVR","?","?","R","B",null,"M","M","?","M","?","M","E","M","T","R","?","R","M","M","R","B",null],"character_chosen":"FALCON","items_purchased":[],"campfire_rested":2,"item_purchase_floors":[],"current_hp_per_floor":[77,76,76,76,76,64,64,64,64,66,66,68,68,70,70,21,93,84,61,61,61,39,39,11,40,45,45,75,75,75,75,75,86,109,111,100,100,100,100,102,104,104,104,104,104,104,104,104,104,25],"gold":844,"neow_bonus":"ONE_RARE_RELIC","is_daily":false,"chose_seed":false,"campfire_upgraded":7,"win_rate":0.0,"timestamp":1614096345,"path_taken":["M","M","?","?","?","E","R","E","T","M","R","M","R","M","R_BF","BOSS","M","?","M","?","M","R","E","R","T","M","R","AVR","?","?","R","BOSS","M","M","?","M","?","M","E","M","T","R","?","R","M","M","R","BOSS"],"items_purchased_type":[],"build_version":"2020-12-22","purchased_purges":1,"victory":true,"max_hp_per_floor":[85,85,85,85,85,85,85,85,85,87,87,89,89,91,91,93,93,95,95,95,95,95,95,97,97,102,102,102,102,102,102,102,104,109,111,113,113,113,113,115,117,117,117,117,117,117,117,117,117,117],"card_choices":[{"not_picked":["meleeMod_CrouchCancel","meleeMod_RaptorBoost"],"picked":"meleeMod_Cautious","floor":1.0},{"not_picked":["meleeMod_ForwardTilt","meleeMod_WaveLand","meleeMod_BackAir"],"picked":"SKIP","floor":2.0},{"not_picked":["meleeMod_SoftKnee","meleeMod_FalconKick"],"picked":"meleeMod_UpAir","floor":4.0},{"not_picked":["meleeMod_DownTilt","meleeMod_ForwardTilt"],"picked":"meleeMod_BackAir","floor":6.0},{"not_picked":["meleeMod_CrouchCancel","meleeMod_RapidJabs","meleeMod_CommandGrab"],"picked":"SKIP","floor":8.0},{"not_picked":["meleeMod_RaptorBoost","meleeMod_Roll","meleeMod_DownSmash","Abandon"],"picked":"Singing Bowl","floor":10.0},{"not_picked":["meleeMod_FalconKick","meleeMod_FireFlower","meleeMod_DropZone","Perfected Strike"],"picked":"Singing Bowl","floor":12.0},{"not_picked":["meleeMod_GetUpAttack","meleeMod_SweetSpot","meleeMod_DownSmash","ReplayReversal"],"picked":"Singing Bowl","floor":14.0},{"not_picked":["meleeMod_UCF","meleeMod_WeTechThose","meleeMod_EdgeGuard","Exhume"],"picked":"Singing Bowl","floor":16.0},{"not_picked":["meleeMod_DIMixUp+1","meleeMod_DownTilt+1","meleeMod_SweetSpot","Thunderclap"],"picked":"Singing Bowl","floor":18.0},{"not_picked":["ReplayTheSpireMod:Black Plague","infinitespire:FinalStrike"],"picked":"ReplayTheSpireMod:??????????????????????","floor":19.0},{"not_picked":["meleeMod_Knee","meleeMod_DownSmash","ReplayTheSpireMod:LeadingStrike"],"picked":"meleeMod_NeutralAir+1","floor":20.0},{"not_picked":["meleeMod_BMoveSpecialist+1","meleeMod_Pause+1","Headbutt"],"picked":"meleeMod_Knee+1","floor":22.0},{"not_picked":["meleeMod_FalconKick+1","meleeMod_Wildfire","meleeMod_DIMixUp","Wild Strike+1"],"picked":"Singing Bowl","floor":24.0},{"not_picked":["meleeMod_UpSmash+1","meleeMod_EdgeGuard","Cleave"],"picked":"meleeMod_ShieldPoke+1","floor":27.0},{"not_picked":["meleeMod_WeTechThose","meleeMod_HomieStock","meleeMod_LoseStock","hubris:StunningStrike"],"picked":"Singing Bowl","floor":33.0},{"not_picked":["meleeMod_Cautious","meleeMod_UpTilt+1","Replay:Undeath\u0027s Touch"],"picked":"meleeMod_Knee+1","floor":34.0},{"not_picked":["meleeMod_UnclePunch+1","meleeMod_WaveDash","meleeMod_CommandGrab+1","Warcry"],"picked":"Singing Bowl","floor":35.0},{"not_picked":["meleeMod_UpSmash+1","meleeMod_NoDI+1","meleeMod_BackAir+1","Fire Breathing"],"picked":"Singing Bowl","floor":36.0},{"not_picked":["meleeMod_WallJump+1","meleeMod_UpAir+1","Armaments"],"picked":"meleeMod_NeutralAir+1","floor":38.0},{"not_picked":["meleeMod_BackAir+1","meleeMod_SoftKnee+1","meleeMod_DownTilt+1","Hemokinesis"],"picked":"Singing Bowl","floor":40},{"not_picked":["meleeMod_CommandGrab+1","meleeMod_SoftKnee+1","meleeMod_WeTechThose","Battle Trance"],"picked":"Singing Bowl","floor":41},{"not_picked":["meleeMod_SuperSpicyCurry","meleeMod_WaveLand+1","Sentinel"],"picked":"meleeMod_BabActivated+1","floor":42},{"not_picked":["meleeMod_BackAir+1","meleeMod_DIMixUp","Entrench"],"picked":"meleeMod_UpAir+1","floor":47},{"not_picked":["meleeMod_Knee+1","meleeMod_NoDI+1","Clothesline"],"picked":"meleeMod_Cautious+1","floor":48}],"player_experience":414598,"relics_obtained":[{"floor":6.0,"key":"FossilizedHelix"},{"floor":8.0,"key":"hubris:DisguiseKit"},{"floor":9.0,"key":"Singing Bowl"},{"floor":24.0,"key":"theForsaken:HumbleEgg"},{"floor":26.0,"key":"Durian"},{"floor":41,"key":"Pen Nib"},{"floor":43,"key":"hubris:CrystalStatue"}],"event_choices":[{"damage_healed":0.0,"max_hp_gain":0.0,"max_hp_loss":0.0,"gold_gain":100.0,"event_name":"Golden Shrine","player_choice":"Pray","floor":3.0,"gold_loss":0.0,"damage_taken":0.0},{"cards_removed":["thethorton:SuperDefend"],"damage_healed":0.0,"max_hp_gain":0.0,"max_hp_loss":0.0,"gold_gain":0.0,"event_name":"The Cleric","player_choice":"Card Removal","floor":5.0,"gold_loss":50.0,"damage_taken":0.0},{"damage_healed":0.0,"max_hp_gain":0.0,"max_hp_loss":0.0,"gold_gain":0.0,"event_name":"Vampires","player_choice":"Ignored","floor":30.0,"gold_loss":0.0,"damage_taken":0.0},{"damage_healed":0.0,"max_hp_gain":0.0,"max_hp_loss":0.0,"gold_gain":0.0,"event_name":"betterThird:BetterWriting","player_choice":"Insight","floor":31.0,"gold_loss":0.0,"damage_taken":0.0,"cards_obtained":["Insight"]},{"damage_healed":0,"gold_gain":0,"player_choice":"Upgraded","damage_taken":0,"max_hp_gain":0,"max_hp_loss":0,"event_name":"Upgrade Shrine","floor":45,"gold_loss":0,"cards_upgraded":["meleeMod_BackAir"]}],"is_beta":false,"boss_relics":[{"not_picked":["Philosopher\u0027s Stone","Ectoplasm"],"picked":"Runic Pyramid"},{"not_picked":["Replay:Grab Bag","thethorton:BottledFunds"],"picked":"Tiny House"}],"items_purged_floors":[29],"is_endless":false,"potions_floor_spawned":[1,4,8,20,24,27,42,47,48],"ascension_level":1}}