{"host":"117k4jqr844m944g","time":1614064988,"event":{"mods":["BaseMod","Downfall","Minty Spire (QoL Compilation)","StSLib","UnlockEverythingMod"],"gold_per_floor":[99,99,99,99,199,199,199,199,199,228,248,158,58,71,81,178,178,178,196,196,196,211,223,250,250,250,267,267,34,34,67,86,184,184,84,103,119,465,465,496,508,532,644,672,584,651,651,664,676,676,676,706,10,10,10,10],"floor_reached":57,"language":"ZHS","playtime":4511,"items_purged":["Guardian:Strike_Guardian","Guardian:Defend_Guardian","Guardian:Defend_Guardian"],"score":1600,"play_id":"3f22f2d7-f637-430b-a89f-e19077e9076e","local_time":"20210223152308","is_ascension_mode":true,"campfire_choices":[{"floor":1.0,"key":"RECALL"},{"data":"Guardian:SentryBeam","floor":13.0,"key":"SMITH"},{"data":"Guardian:Suspension","floor":18.0,"key":"SMITH"},{"data":"Guardian:PolyBeam","floor":25.0,"key":"SMITH"},{"data":"Guardian:ExploitGems","floor":28.0,"key":"SMITH"},{"data":"Guardian:CompilePackage","floor":35.0,"key":"SMITH"},{"data":"Guardian:MultiBeam","floor":45.0,"key":"SMITH"},{"data":"Guardian:TimeCapacitor","floor":47.0,"key":"SMITH"},{"data":"Guardian:TwinSlam","floor":54.0,"key":"SMITH"}],"circlet_count":0,"master_deck":["Guardian:Defend_Guardian","Guardian:Defend_Guardian","Guardian:CurlUp","Guardian:TwinSlam+1","Guardian:TimeCapacitor+1","Guardian:SentryBeam+1","Guardian:Recover","Guardian:BronzeOrb","Guardian:Suspension+1","Guardian:PolyBeam+1","Guardian:MultiBeam+1","Guardian:ExploitGems+1","Guardian:CompilePackage+1","Guardian:Orbwalk","Guardian:StasisEngine","Guardian:Emergency+1","Guardian:Planning+1","Guardian:PrismaticBarrier+1","Guardian:ShieldCharger","Guardian:PrismaticBeam"],"relics":["Guardian:ModeShifter","downfall:HeartsMalice","downfall:ShatteredFragment","Pocketwatch","Pen Nib","downfall:HeartBlessingRed","SlaversCollar","Anchor","Pear","Sozu","downfall:HeartBlessingGreen","Old Coin","MawBank","Toy Ornithopter","downfall:HeartBlessingBlue","Guardian:PocketSentry","Guardian:PickAxe","Guardian:DefensiveModeMoreBlock","Lizard Tail"],"acts_visited":["Exordium","TheCity","TheBeyond","TheEnding"],"potions_floor_usage":[56,56],"damage_taken":[{"damage":0.0,"enemies":"Small Slimes","floor":2.0,"turns":1.0},{"damage":0.0,"enemies":"Jaw Worm","floor":8.0,"turns":1.0},{"damage":0.0,"enemies":"Cultist","floor":9.0,"turns":1.0},{"damage":19.0,"enemies":"Gremlin Nob","floor":10.0,"turns":5.0},{"damage":4.0,"enemies":"Red Slaver","floor":11.0,"turns":3.0},{"damage":0.0,"enemies":"downfall:FleeingMerchant","floor":12.0,"turns":4.0},{"damage":0.0,"enemies":"downfall:LooterAlt","floor":14.0,"turns":3.0},{"damage":8.0,"enemies":"Large Slime","floor":15.0,"turns":4.0},{"damage":14.0,"enemies":"DF_ARCHETYPE_STREAMLINE","floor":16.0,"turns":9.0},{"damage":1.0,"enemies":"Spheric Guardian","floor":19.0,"turns":3.0},{"damage":1.0,"enemies":"3 Byrds","floor":22.0,"turns":2.0},{"damage":5.0,"enemies":"Shelled Parasite and Fungi","floor":23.0,"turns":5.0},{"damage":3.0,"enemies":"Cultist and Chosen","floor":27.0,"turns":6.0},{"damage":0.0,"enemies":"downfall:FleeingMerchant","floor":29.0,"turns":4.0},{"damage":4.0,"enemies":"Slavers","floor":31.0,"turns":5.0},{"damage":6.0,"enemies":"Sentry and Sphere","floor":32.0,"turns":4.0},{"damage":25.0,"enemies":"WA_ARCHETYPE_CALM","floor":33.0,"turns":7.0},{"damage":0.0,"enemies":"3 Darklings","floor":36.0,"turns":3.0},{"damage":0.0,"enemies":"Orb Walker","floor":37.0,"turns":3.0},{"damage":18.0,"enemies":"2 Orb Walkers","floor":38.0,"turns":3.0},{"damage":0.0,"enemies":"Nemesis","floor":40.0,"turns":5.0},{"damage":3.0,"enemies":"3 Darklings","floor":42.0,"turns":4.0},{"damage":8.0,"enemies":"downfall:LadyInBlue","floor":43.0,"turns":7.0},{"damage":5.0,"enemies":"Maw","floor":44.0,"turns":6.0},{"damage":0.0,"enemies":"downfall:FleeingMerchant","floor":46.0,"turns":4.0},{"damage":0.0,"enemies":"Transient","floor":48.0,"turns":5.0},{"damage":10.0,"enemies":"4 Shapes","floor":49.0,"turns":5.0},{"damage":4.0,"enemies":"IC_BLOCK_ARCHETYPE","floor":50.0,"turns":7.0},{"damage":19.0,"enemies":"downfall:CharBossMerchant","floor":52.0,"turns":7.0},{"damage":0,"enemies":"downfall:NeowBoss","floor":55,"turns":8},{"damage":7,"enemies":"downfall:NeowBossFinal","floor":56,"turns":9}],"seed_played":"8150466063365221245","potions_obtained":[{"floor":10.0,"key":"SteroidPotion"},{"floor":11.0,"key":"SpeedPotion"},{"floor":14.0,"key":"LiquidMemories"},{"floor":16.0,"key":"Energy Potion"},{"floor":23.0,"key":"SkillPotion"},{"floor":31.0,"key":"LiquidMemories"},{"floor":32.0,"key":"FairyPotion"}],"is_trial":false,"path_per_floor":["R","M","?","?","?","?","T","M","M","E","M","$","R","M","M","B",null,"R","M","?","?","M","M","T","R","?","M","R","$","?","E","M","B",null,"R","M","M","?","?","E","T","M","?","M","R","$","R","M","M","B",null,"E","$","R","B","B",null],"character_chosen":"GUARDIAN","items_purchased":["Guardian:StasisEngine","Guardian:Gem_White","Guardian:PocketSentry","Guardian:Gem_Green","Guardian:DefensiveModeMoreBlock","Lizard Tail","Guardian:PrismaticBeam","Guardian:Gem_Blue"],"campfire_rested":0,"item_purchase_floors":[29,29,46,46,53,53,53,53],"current_hp_per_floor":[72,72,48,48,48,48,48,48,48,29,25,25,25,25,17,3,61,61,60,60,60,59,54,54,54,54,51,51,51,51,57,51,26,74,74,74,74,56,56,56,56,53,45,40,50,50,50,50,40,36,84,65,65,65,65,68],"gold":10,"neow_bonus":"THREE_ENEMY_KILL","is_daily":false,"chose_seed":false,"campfire_upgraded":8,"win_rate":0.0,"timestamp":1614064988,"path_taken":["R","M","?","?","?","?","T","?","M","E","M","?","R","M","M","BOSS","R","M","?","?","M","?","T","R","?","M","R","$","?","E","M","BOSS","R","M","M","?","?","E","T","M","?","M","R","$","R","M","M","BOSS","E","$","R","BOSS","BOSS"],"items_purchased_type":["Card","Card","Relic","Card","Relic","Relic","Card","Card"],"build_version":"2020-12-22","purchased_purges":3,"victory":true,"max_hp_per_floor":[80,80,80,80,80,80,80,80,80,80,80,80,80,80,80,80,80,80,80,80,80,80,80,80,80,80,80,80,80,80,90,90,90,90,90,90,90,90,90,90,90,90,90,90,100,100,100,100,100,100,100,100,100,100,100,100],"card_choices":[{"not_picked":["Guardian:PrimingBeam","Guardian:Gem_Green"],"picked":"Guardian:TimeCapacitor","floor":2.0},{"not_picked":["Guardian:DonusPower","Guardian:TimeBomb"],"picked":"Guardian:SentryBeam","floor":8.0},{"not_picked":["Guardian:WalkerClaw","Guardian:Emergency","Guardian:ChargeCore"],"picked":"SKIP","floor":9.0},{"not_picked":["Guardian:Reroute","Guardian:VentSteam"],"picked":"Guardian:Recover","floor":10.0},{"not_picked":["Guardian:DecasProtection","Guardian:CrystalBeam"],"picked":"Guardian:BronzeOrb","floor":11.0},{"not_picked":["Guardian:VentSteam","Guardian:Clone"],"picked":"Guardian:Suspension","floor":12.0},{"not_picked":["Guardian:GuardianWhirl","Guardian:Gem_Crimson"],"picked":"Guardian:PolyBeam","floor":14.0},{"not_picked":["Guardian:FloatingOrbs","Guardian:ShieldCharger"],"picked":"Guardian:MultiBeam","floor":15.0},{"not_picked":["Guardian:FierceBash","Guardian:RevengeProtocol"],"picked":"Guardian:ExploitGems","floor":16.0},{"not_picked":["Guardian:DecasProtection","Guardian:GuardianWhirl","Guardian:TemporalStrike"],"picked":"SKIP","floor":19.0},{"not_picked":["Guardian:RollAttack","Guardian:Suspension"],"picked":"Guardian:Gem_Green","floor":22.0},{"not_picked":["Guardian:PrismaticBeam","Guardian:TemporalShield"],"picked":"Guardian:Gem_White","floor":23.0},{"not_picked":["Guardian:CrystalBeam","Guardian:VentSteam+1"],"picked":"Guardian:CompilePackage","floor":27.0},{"not_picked":["Guardian:Gem_Crimson","Guardian:TemporalStrike+1"],"picked":"Guardian:Orbwalk","floor":29.0},{"not_picked":["Guardian:Reroute","Guardian:PrimingBeam"],"picked":"Guardian:Gem_Purple","floor":31.0},{"not_picked":["Guardian:Recover+1","Guardian:SentryBeam"],"picked":"Guardian:Gem_Fragmented","floor":32.0},{"not_picked":["Guardian:AncientConstruct","Guardian:StasisEngine"],"picked":"Guardian:Gem_Orange","floor":33.0},{"not_picked":["Guardian:Reroute","Guardian:EvasiveProtocol"],"picked":"Guardian:Emergency+1","floor":36.0},{"not_picked":["Guardian:SentryBeam","Guardian:Incinerate+1"],"picked":"Guardian:Planning+1","floor":37.0},{"not_picked":["Guardian:Emergency+1","Guardian:ChargeCore+1"],"picked":"Guardian:Gem_Cyan","floor":38.0},{"not_picked":["Guardian:SphericShield","Guardian:Gem_Red"],"picked":"Guardian:PrismaticBarrier+1","floor":40.0},{"not_picked":["Guardian:ChargeCore","Guardian:TemporalShield"],"picked":"Guardian:ShieldCharger","floor":42.0},{"not_picked":["Guardian:ShieldSpikes+1","Guardian:RollAttack"],"picked":"Guardian:Gem_White","floor":44.0},{"not_picked":["Guardian:Reroute","Guardian:FierceBash"],"picked":"Guardian:Gem_Cyan","floor":46.0},{"not_picked":["Guardian:TemporalStrike","Guardian:WalkerClaw+1","Guardian:Gem_Cyan"],"picked":"SKIP","floor":48.0},{"not_picked":["Guardian:Gem_Yellow","Guardian:Gem_Fragmented","Guardian:Planning"],"picked":"SKIP","floor":49.0},{"not_picked":["Guardian:WalkerClaw","Guardian:Emergency+1","Guardian:GemFinder"],"picked":"SKIP","floor":52.0}],"player_experience":127876,"relics_obtained":[{"floor":7.0,"key":"Pocketwatch"},{"floor":10.0,"key":"Pen Nib"},{"floor":24.0,"key":"Anchor"},{"floor":31.0,"key":"Pear"},{"floor":38.0,"key":"Old Coin"},{"floor":40.0,"key":"MawBank"},{"floor":43.0,"key":"Toy Ornithopter"},{"floor":52.0,"key":"Guardian:PickAxe"}],"event_choices":[{"damage_healed":0.0,"max_hp_gain":0.0,"max_hp_loss":0.0,"gold_gain":0.0,"event_name":"The Library","player_choice":"Read","floor":26.0,"gold_loss":0.0,"damage_taken":0.0,"cards_obtained":["Guardian:Gem_White"]},{"damage_healed":0.0,"max_hp_gain":0.0,"max_hp_loss":0.0,"gold_gain":0.0,"event_name":"Mysterious Sphere","player_choice":"Fight","floor":38.0,"gold_loss":0.0,"damage_taken":0.0}],"is_beta":false,"boss_relics":[{"not_picked":["Busted Crown","Snecko Eye"],"picked":"SlaversCollar"},{"not_picked":["Tiny House","Calling Bell"],"picked":"Sozu"}],"items_purged_floors":[12,46,53],"is_endless":false,"potions_floor_spawned":[10,11,14,16,23,27,31,32,33,36,37,38,40,43,48],"ascension_level":6}}