{"host":"iv24d026eac8pm4e","time":1614115808,"event":{"mods":["BaseMod","Minty Spire (QoL Compilation)"],"gold_per_floor":[40,98,155,171,201,201,259,277,277,316,341,341],"floor_reached":11,"language":"ENG","playtime":709,"items_purged":[],"score":158,"play_id":"c2121d26-5035-46e4-8d1b-a0ddbc735f82","local_time":"20210223133008","is_ascension_mode":true,"campfire_choices":[{"data":"HandOfGreed","floor":6,"key":"SMITH"}],"circlet_count":0,"master_deck":["AscendersBane","Strike_G","Strike_G","Strike_G","Strike_G","Strike_G","Defend_G","Defend_G","Defend_G","Defend_G","Defend_G","Survivor","Neutralize","HandOfGreed+1","Dodge and Roll","Blade Dance","Bouncing Flask","Burst","Deadly Poison","Crippling Poison","Footwork"],"relics":["Ring of the Snake","Kunai"],"acts_visited":["Exordium"],"potions_floor_usage":[7,11],"damage_taken":[{"damage":1,"enemies":"Cultist","floor":1,"turns":4},{"damage":0,"enemies":"2 Louse","floor":2,"turns":3},{"damage":7,"enemies":"Small Slimes","floor":3,"turns":4},{"damage":5,"enemies":"2 Fungi Beasts","floor":4,"turns":5},{"damage":8,"enemies":"Exordium Thugs","floor":5,"turns":5},{"damage":12,"enemies":"Lagavulin","floor":7,"turns":5},{"damage":7,"enemies":"Large Slime","floor":8,"turns":5},{"damage":1,"enemies":"Blue Slaver","floor":10,"turns":4},{"damage":22,"enemies":"3 Sentries","floor":11,"turns":7}],"seed_played":"-7559973901260539982","potions_obtained":[{"floor":2,"key":"Explosive Potion"},{"floor":5,"key":"CultistPotion"},{"floor":8,"key":"Swift Potion"}],"is_trial":false,"path_per_floor":["M","M","M","M","M","R","E","M","T","M","E"],"character_chosen":"THE_SILENT","items_purchased":[],"campfire_rested":0,"item_purchase_floors":[],"current_hp_per_floor":[58,58,51,46,38,38,26,19,19,18,0,0],"gold":341,"neow_bonus":"RANDOM_COLORLESS_2","is_daily":false,"chose_seed":false,"campfire_upgraded":1,"win_rate":0.0,"timestamp":1614115808,"path_taken":["M","M","M","?","M","R","E","M","T","M","E"],"items_purchased_type":[],"build_version":"2020-12-22","purchased_purges":0,"victory":false,"max_hp_per_floor":[66,66,66,66,66,66,66,66,66,66,66,66],"card_choices":[{"not_picked":["The Bomb","Panache"],"picked":"HandOfGreed","floor":0},{"not_picked":["Deflect","Underhanded Strike"],"picked":"Dodge and Roll","floor":1},{"not_picked":["Flying Knee","Cloak And Dagger"],"picked":"Blade Dance","floor":2},{"not_picked":["Riddle With Holes","Prepared"],"picked":"Bouncing Flask","floor":3},{"not_picked":["Underhanded Strike","Endless Agony"],"picked":"Burst","floor":4},{"not_picked":["Slice","Infinite Blades"],"picked":"Deadly Poison","floor":5},{"not_picked":["Distraction","Prepared"],"picked":"Crippling Poison","floor":7},{"not_picked":["Slice","Underhanded Strike"],"picked":"Footwork","floor":8},{"not_picked":["Underhanded Strike","Prepared","Eviscerate"],"picked":"SKIP","floor":10}],"player_experience":2609707,"relics_obtained":[{"floor":7,"key":"Kunai"}],"event_choices":[],"is_beta":false,"boss_relics":[],"items_purged_floors":[],"is_endless":false,"potions_floor_spawned":[2,5,8],"killed_by":"3 Sentries","ascension_level":20}}