{"host":"egwexuw5uvnxf11j","time":1614058945,"event":{"mods":["2.2 Compatiblity","Aspiration","BaseMod","Better Note","Better Sensory Stone","Better Third Choice","Displayed Cursed Tome","Downfall","Hermit","Key Reminder","Koishi","Marisa????????","Minty Spire (QoL Compilation)","Quick Restart","Shade Mod","Spicy Shops","StSLib","The Construct","The Cursed","The Runesmith","The Senshi","The Servant 0.9.4","Transform Curses"],"gold_per_floor":[113,128,128,128,148,180,180,191,191,191,224,35,35,95,95,190,190,205,205,8,21,47,47,74,74,74,74,74],"floor_reached":27,"language":"ENG","playtime":870,"items_purged":[],"score":309,"play_id":"1d8d1b23-3b8a-4c60-b633-086dd63c957d","local_time":"20210223004225","is_ascension_mode":true,"campfire_choices":[{"floor":7,"key":"REST"},{"floor":10,"key":"REST"},{"floor":15,"key":"REST"},{"floor":23,"key":"REST"}],"circlet_count":0,"master_deck":["Strike_R","Strike_R","Strike_R","Strike_R","Strike_R","Defend_R","Defend_R","Defend_R","Defend_R","Bash","Feed+1","Twin Strike","Perfected Strike","Uppercut","Shockwave","Flex","Double Tap","Perfected Strike","Shrug It Off","Barricade","Searing Blow+1","PanicButton","Evaluate","ReachHeaven+1","Consecrate"],"relics":["Burning Blood","Question Card","Shuriken","keyreminder:keyreminder","Bottled Lightning","Oddly Smooth Stone","HandDrill","aspiration:Lifesprig","aspiration:WatcherSkillbook","Lee\u0027s Waffle","Pen Nib","theSenshi:SailorFukuRelic","The Courier"],"acts_visited":["Exordium","TheCity"],"potions_floor_usage":[],"damage_taken":[{"damage":1,"enemies":"Cultist","floor":1,"turns":4},{"damage":2,"enemies":"Jaw Worm","floor":2,"turns":3},{"damage":0,"enemies":"2 Louse","floor":5,"turns":2},{"damage":52,"enemies":"Lagavulin","floor":6,"turns":8},{"damage":17,"enemies":"Looter","floor":8,"turns":4},{"damage":20,"enemies":"Gremlin Nob","floor":11,"turns":4},{"damage":15,"enemies":"Lagavulin Event","floor":14,"turns":3},{"damage":42,"enemies":"The Guardian","floor":16,"turns":9},{"damage":30,"enemies":"Chosen","floor":18,"turns":7},{"damage":33,"enemies":"2 Thieves","floor":21,"turns":5},{"damage":81,"enemies":"Slavers","floor":24,"turns":9},{"damage":42,"enemies":"Centurion and Healer","floor":27,"turns":5}],"seed_played":"2231063436754346558","potions_obtained":[{"floor":1,"key":"ElixirPotion"},{"floor":11,"key":"SpeedPotion"},{"floor":16,"key":"Swift Potion"}],"is_trial":false,"path_per_floor":["M","M","?","?","M","E","R","M","T","R","E","$","?","?","R","B",null,"M","?","$","M","T","R","E","$","T","M"],"character_chosen":"IRONCLAD","items_purchased":["HandDrill","Perfected Strike","Lee\u0027s Waffle","Evaluate"],"campfire_rested":4,"item_purchase_floors":[12,12,20,20],"current_hp_per_floor":[64,71,59,59,69,23,50,43,43,71,57,57,57,48,76,40,94,70,58,101,78,78,105,30,30,30,0,0],"gold":74,"neow_bonus":"THREE_RARE_CARDS","is_daily":false,"chose_seed":false,"campfire_upgraded":0,"win_rate":0.0,"timestamp":1614058945,"path_taken":["M","?","?","?","M","E","R","M","T","R","E","$","?","?","R","BOSS","M","?","$","?","?","R","E","$","T","?"],"items_purchased_type":["Relic","Card","Relic","Card"],"build_version":"2020-12-22","purchased_purges":0,"victory":false,"max_hp_per_floor":[83,86,86,86,90,90,90,94,94,94,94,94,94,94,94,94,94,94,94,101,105,105,105,105,105,105,105,105],"card_choices":[{"not_picked":["Immolate","Bludgeon"],"picked":"Feed","floor":0},{"not_picked":["Shockwave","Warcry"],"picked":"Twin Strike","floor":1},{"not_picked":["Warcry","Dark Embrace"],"picked":"Perfected Strike","floor":2},{"not_picked":["Sentinel","Blood for Blood","True Grit"],"picked":"Uppercut","floor":5},{"not_picked":["Reckless Charge","Twin Strike","Bloodletting"],"picked":"Shockwave","floor":6},{"not_picked":["Intimidate","Body Slam","Iron Wave"],"picked":"Flex","floor":8},{"not_picked":["Pommel Strike","Bloodletting","Blood for Blood"],"picked":"Double Tap","floor":11},{"not_picked":["Disarm","Perfected Strike","Wild Strike"],"picked":"Shrug It Off","floor":14},{"not_picked":["Feed","Berserk","Brutality"],"picked":"Barricade","floor":16},{"not_picked":["ForeignInfluence+1","InnerPeace+1","Combust","Halt"],"picked":"Searing Blow+1","floor":18},{"not_picked":["Havoc","Battle Trance","Body Slam","Twin Strike"],"picked":"ReachHeaven+1","floor":21},{"not_picked":["ConjureBlade","Evaluate+1","WreathOfFlame+1","Searing Blow+1"],"picked":"Consecrate","floor":24}],"player_experience":2128472,"relics_obtained":[{"floor":6,"key":"Shuriken"},{"floor":9,"key":"Bottled Lightning"},{"floor":11,"key":"Oddly Smooth Stone"},{"floor":14,"key":"aspiration:Lifesprig"},{"floor":22,"key":"Pen Nib"},{"floor":24,"key":"theSenshi:SailorFukuRelic"},{"floor":26,"key":"The Courier"}],"event_choices":[{"damage_healed":0,"gold_gain":0,"player_choice":"Relic ","damage_taken":12,"max_hp_gain":0,"max_hp_loss":0,"event_name":"betterThird:BetterScrap","floor":3,"gold_loss":0,"cards_obtained":["Darkness"]},{"damage_healed":0,"gold_gain":0,"player_choice":"Grow","damage_taken":0,"max_hp_gain":0,"max_hp_loss":0,"event_name":"Living Wall","floor":4,"gold_loss":0,"cards_upgraded":["Feed"]},{"damage_healed":0,"gold_gain":0,"player_choice":"Ignored","damage_taken":0,"max_hp_gain":0,"max_hp_loss":0,"event_name":"Golden Idol","floor":13,"gold_loss":0},{"damage_healed":0,"gold_gain":0,"player_choice":"Searched \u00272\u0027 times","damage_taken":0,"max_hp_gain":0,"max_hp_loss":0,"event_name":"Dead Adventurer","floor":14,"gold_loss":0},{"damage_healed":0,"gold_gain":0,"player_choice":"CARD ","damage_taken":12,"max_hp_gain":0,"max_hp_loss":0,"event_name":"Knowing Skull","floor":19,"potions_obtained":[],"gold_loss":0,"cards_obtained":["PanicButton"]}],"is_beta":false,"boss_relics":[{"not_picked":["Runesmith:UraniumAnvil","Empty Cage"],"picked":"aspiration:WatcherSkillbook"}],"items_purged_floors":[],"is_endless":false,"potions_floor_spawned":[1,11,16,18],"killed_by":"Centurion and Healer","ascension_level":4}}