{"host":"dr8zw64a6ikw4f73","time":1614068819,"event":{"mods":["AchievementEnabler","BaseMod","Colored Map","DeckTracker","Minty Spire (QoL Compilation)","StSLib","SuperFastMode"],"gold_per_floor":[363,377,51,69,82,111,111,144,144,144,158,158,174,205,205,301,301,317,301,317,317,317,317],"floor_reached":22,"language":"KOR","playtime":1588,"items_purged":["Regret"],"score":358,"play_id":"a355eabb-8188-49a3-9ca9-96204a82dc94","local_time":"20210223172659","is_ascension_mode":true,"campfire_choices":[{"floor":7.0,"key":"REST"},{"floor":10.0,"key":"REST"},{"floor":12.0,"key":"REST"},{"floor":15,"key":"REST"}],"circlet_count":0,"master_deck":["AscendersBane","Strike_R","Strike_R","Defend_R","Defend_R","Defend_R","Defend_R","Bash","Shockwave","Shrug It Off","Infernal Blade","Evolve","Bloodletting","Feel No Pain","Burning Pact","Corruption","Headbutt+1","Flex+1","Flex+1","Spot Weakness","Hemokinesis","Ghostly","Ghostly","Ghostly","Ghostly","Ghostly"],"relics":["Burning Blood","Chemical X","Pen Nib","Du-Vu Doll","TungstenRod","Magic Flower","Astrolabe"],"acts_visited":["Exordium","TheCity"],"potions_floor_usage":[14,14],"damage_taken":[{"damage":7.0,"enemies":"Small Slimes","floor":1.0,"turns":3.0},{"damage":9.0,"enemies":"2 Louse","floor":2.0,"turns":4.0},{"damage":10.0,"enemies":"Jaw Worm","floor":4.0,"turns":5.0},{"damage":11.0,"enemies":"Lots of Slimes","floor":5.0,"turns":8.0},{"damage":41.0,"enemies":"Gremlin Nob","floor":6.0,"turns":5.0},{"damage":37.0,"enemies":"3 Sentries","floor":8.0,"turns":7.0},{"damage":4.0,"enemies":"Exordium Wildlife","floor":11.0,"turns":3.0},{"damage":8.0,"enemies":"Red Slaver","floor":13.0,"turns":3.0},{"damage":17,"enemies":"Gremlin Nob","floor":14,"turns":3},{"damage":62,"enemies":"Hexaghost","floor":16,"turns":11},{"damage":20,"enemies":"Spheric Guardian","floor":18,"turns":5},{"damage":30,"enemies":"2 Thieves","floor":19,"turns":4},{"damage":11,"enemies":"Snake Plant","floor":20,"turns":4},{"damage":45,"enemies":"3 Cultists","floor":22,"turns":6}],"seed_played":"-5455845238107458363","potions_obtained":[{"floor":1.0,"key":"Block Potion"},{"floor":5.0,"key":"Swift Potion"},{"floor":8.0,"key":"FearPotion"},{"floor":16,"key":"Dexterity Potion"},{"floor":18,"key":"Weak Potion"},{"floor":19,"key":"Ancient Potion"}],"is_trial":false,"path_per_floor":["M","M","$","M","M","E","R","E","T","R","M","R","M","E","R","B",null,"M","M","M","?","M"],"character_chosen":"IRONCLAD","items_purchased":["Chemical X","Fruit Juice"],"campfire_rested":4,"item_purchase_floors":[3,3],"current_hp_per_floor":[71,68,73,69,64,29,54,23,23,48,50,75,73,62,85,32,72,61,40,38,38,0,0],"gold":317,"neow_bonus":"TWO_FIFTY_GOLD","is_daily":false,"chose_seed":false,"campfire_upgraded":0,"win_rate":0.0,"timestamp":1614068819,"path_taken":["M","M","$","M","M","E","R","E","T","R","M","R","M","E","R","BOSS","M","M","M","?","M"],"items_purchased_type":["Relic","Potion"],"build_version":"2020-12-22","purchased_purges":1,"victory":false,"max_hp_per_floor":[80,80,85,85,85,85,85,85,85,85,85,85,85,85,85,85,85,85,85,85,42,42,42],"card_choices":[{"not_picked":["Carnage","Disarm"],"picked":"Shockwave","floor":1.0},{"not_picked":["Clothesline","Sword Boomerang"],"picked":"Shrug It Off","floor":2.0},{"not_picked":["Carnage","Clash"],"picked":"Infernal Blade","floor":4.0},{"not_picked":["Metallicize","Intimidate"],"picked":"Evolve","floor":5.0},{"not_picked":["Burning Pact","Cleave"],"picked":"Bloodletting","floor":6.0},{"not_picked":["Clash","Spot Weakness"],"picked":"Feel No Pain","floor":8.0},{"not_picked":["Iron Wave","Cleave","Heavy Blade"],"picked":"SKIP","floor":11.0},{"not_picked":["Twin Strike","Iron Wave","Pummel"],"picked":"SKIP","floor":13.0},{"not_picked":["Bludgeon","Wild Strike"],"picked":"Burning Pact","floor":14},{"not_picked":["Exhume","Immolate"],"picked":"Corruption","floor":16},{"not_picked":["Body Slam","Clothesline"],"picked":"Spot Weakness","floor":18},{"not_picked":["Dual Wield","Cleave"],"picked":"Hemokinesis","floor":19},{"not_picked":["Searing Blow","Anger","Carnage"],"picked":"SKIP","floor":20}],"player_experience":128558,"relics_obtained":[{"floor":6.0,"key":"Pen Nib"},{"floor":8.0,"key":"Du-Vu Doll"},{"floor":9.0,"key":"TungstenRod"},{"floor":14,"key":"Magic Flower"}],"event_choices":[{"damage_healed":0,"gold_gain":0,"player_choice":"Became a Ghost","damage_taken":0,"max_hp_gain":0,"max_hp_loss":43,"event_name":"Ghosts","floor":21,"gold_loss":0,"cards_obtained":["Ghostly","Ghostly","Ghostly","Ghostly","Ghostly"]}],"is_beta":false,"boss_relics":[{"not_picked":["Mark of Pain","Runic Pyramid"],"picked":"Astrolabe"}],"items_purged_floors":[3],"is_endless":false,"potions_floor_spawned":[1,5,8,16,18,19,20],"killed_by":"3 Cultists","ascension_level":12}}