{"host":"Doisman","time":1614059403,"event":{"mods":["AchievementEnabler","BaseMod","Better Note","Curses Come First","Minty Spire (QoL Compilation)","Permanent Neow","Quick Restart","Relic Stats","Replay The Spire","StSLib","slay the spire mod where everything is the same but ironclad has a cowboy hat"],"gold_per_floor":[144,189,189,40,85,85,85,175,175,265,355,355,394,394,394,694,694,739,739,739,5,5,95,95,185,210,132,144,246,303,405,417,729,741,798,810,822,909,21,111,201,201,276,321,366,366,18,108,108,108],"floor_reached":51,"language":"ENG","playtime":1938,"items_purged":["Pain","Delirium"],"score":1446,"play_id":"3329b46e-3d39-4ed2-b007-b8b4abe6530a","local_time":"20210222235003","daily_mods":["Draft","Flight","Midas"],"is_ascension_mode":false,"campfire_choices":[{"floor":6,"key":"REST"},{"floor":12,"key":"REST"},{"floor":15,"key":"REST"},{"floor":32,"key":"REST"},{"floor":42,"key":"REST"},{"floor":49,"key":"REST"}],"circlet_count":0,"master_deck":["Ghostly Armor","Anger","Thunderclap","Feel No Pain","Clothesline","ReplayTheSpireMod:Stacked","True Grit+1","Dark Embrace","Inflame","True Grit+1","Shrug It Off","Intimidate","Reckless Charge+1","Pommel Strike","Replay:Many Hands","Shockwave+1","Life Link+1","Combust+1","Limit Break","Ghostly Armor","Inflame+1","Replay:Many Hands","Life Link+1","Combust+1","Inflame+1","Inflame+1","Combust+1","Metallicize+1","Combust+1","Disarm","Limit Break","Life Link+1","Infernal Blade","Barricade+1","Replay:Undeath\u0027s Touch+1","Metamorphosis","Finesse","Replay:Sssssssssshield","Feel No Pain+1","Evolve+1","Evolve+1","Rupture+1","Shrug It Off","Pummel","Fire Breathing+1","Violence","True Grit","Shrug It Off","Havoc+1","Impervious"],"relics":["Burning Blood","Tiny Chest","Bag of Marbles","Frozen Egg 2","InkBottle","Odd Mushroom","SlaversCollar","The Courier","Akabeko","Replay:Rubber Ducky","Thread and Needle","Happy Flower","MawBank","Shuriken","Vajra","ReplayTheSpireMod:Ninjato","Ring of Chaos","WarpedTongs","Matryoshka","Medical Kit","Ice Cream","Counterbalance","Replay:Wax Seal","Calipers","Dream Catcher","Darkstone Periapt","ReplayTheSpireMod:Ring of Exchange","BargainBundle","Oddly Smooth Stone","ReplayFunnel"],"acts_visited":["Exordium","TheCity","TheBeyond"],"potions_floor_usage":[11,33,33,50,50,50],"damage_taken":[{"damage":0,"enemies":"Jaw Worm","floor":1,"turns":3},{"damage":0,"enemies":"Cultist","floor":2,"turns":4},{"damage":0,"enemies":"2 Louse","floor":5,"turns":3},{"damage":12,"enemies":"Gremlin Nob","floor":8,"turns":4},{"damage":0,"enemies":"Lagavulin","floor":10,"turns":7},{"damage":2,"enemies":"3 Sentries","floor":11,"turns":8},{"damage":5,"enemies":"The Mushroom Lair","floor":13,"turns":4},{"damage":32,"enemies":"Hexaghost","floor":16,"turns":8},{"damage":5,"enemies":"Chosen","floor":18,"turns":6},{"damage":12,"enemies":"Replay:Snechameleon","floor":23,"turns":6},{"damage":8,"enemies":"Gremlin Leader","floor":25,"turns":5},{"damage":4,"enemies":"Book of Stabbing","floor":29,"turns":5},{"damage":0,"enemies":"Shell Parasite","floor":30,"turns":5},{"damage":8,"enemies":"Slavers","floor":31,"turns":4},{"damage":13,"enemies":"Pondfish","floor":33,"turns":7},{"damage":3,"enemies":"Orb Walker","floor":35,"turns":4},{"damage":0,"enemies":"R_Hoarder","floor":40,"turns":2},{"damage":24,"enemies":"Reptomancer","floor":41,"turns":6},{"damage":15,"enemies":"3 Darklings","floor":44,"turns":5},{"damage":12,"enemies":"Writhing Mass","floor":45,"turns":7},{"damage":2,"enemies":"Nemesis","floor":48,"turns":5},{"damage":42,"enemies":"Awakened One","floor":50,"turns":8}],"seed_played":"-7386017133472573341","potions_obtained":[{"floor":1,"key":"LiquidMemories"},{"floor":5,"key":"SneckoOil"},{"floor":10,"key":"Dexterity Potion"},{"floor":18,"key":"SteroidPotion"},{"floor":29,"key":"Venom Potion"},{"floor":33,"key":"PowerPotion"},{"floor":40,"key":"Milkshake"},{"floor":44,"key":"DuplicationPotion"},{"floor":45,"key":"Energy Potion"}],"is_trial":false,"path_per_floor":["M","M","?","$","M","R","?","E","T","E","E","R","?","?","R","B",null,"M","?","T","$","?","E","?","E","T","?","T","E","M","E","R","B",null,"M","?","?","T","$","E","E","R","T","M","M","?","$","E","R","B",null],"character_chosen":"IRONCLAD","items_purchased":["Replay:Many Hands","Akabeko","Inflame+1","Replay:Many Hands","Life Link+1","Combust+1","Inflame+1","Inflame+1","Combust+1","Metallicize+1","Combust+1","Feel No Pain+1","Evolve+1","Medical Kit","Ice Cream","Counterbalance","Evolve+1","Rupture+1","BargainBundle","Fire Breathing+1","Oddly Smooth Stone","Violence","True Grit","Shrug It Off"],"campfire_rested":6,"item_purchase_floors":[4,21,21,21,21,21,21,21,21,21,21,39,39,39,39,39,39,39,47,47,47,47,47,47],"current_hp_per_floor":[80,80,80,80,80,80,64,58,58,64,68,80,80,80,80,54,80,80,80,80,80,80,74,74,72,72,72,72,74,80,78,80,73,80,80,70,70,70,70,76,58,80,80,71,65,71,71,75,86,50],"gold":108,"neow_bonus":"","is_daily":true,"chose_seed":false,"campfire_upgraded":0,"win_rate":0.0,"timestamp":1614059403,"path_taken":["M","M","?","$","?","R","?","E","T","E","E","R","?","?","R","BOSS","M","?","?","$","?","E","?","E","T","?","?","E","?","E","R","BOSS","M","?","?","?","$","E","E","R","T","?","M","?","$","E","R","BOSS"],"items_purchased_type":["Card","Relic","Card","Card","Card","Card","Card","Card","Card","Card","Card","Card","Card","Relic","Relic","Relic","Card","Card","Relic","Card","Relic","Card","Card","Card"],"build_version":"2020-12-18","purchased_purges":2,"victory":true,"max_hp_per_floor":[80,80,80,80,80,80,80,80,80,80,80,80,80,80,80,80,80,80,80,80,80,80,80,80,80,80,80,80,80,80,80,80,80,80,80,80,80,80,80,80,80,80,80,80,80,86,86,86,86,86],"relic_stats":{"Darkstone Periapt":6,"Dream Catcher":1,"Happy Flower":[19],"counters":[22,116],"Shuriken":[9],"Tiny Chest":3,"MawBank":156,"Medical Kit":[0],"obtain_stats":[{"Ice Cream":39,"Darkstone Periapt":43,"ReplayFunnel":48,"ReplayTheSpireMod:Ring of Exchange":46,"Calipers":41,"Vajra":29,"Burning Blood":0,"Replay:Rubber Ducky":22,"Dream Catcher":43,"Matryoshka":38,"Tiny Chest":8,"Replay:Wax Seal":40,"InkBottle":11,"BargainBundle":47,"ReplayTheSpireMod:Ninjato":31,"Happy Flower":25,"Counterbalance":39,"Oddly Smooth Stone":47,"Thread and Needle":23,"The Courier":20,"Ring of Chaos":34,"Frozen Egg 2":10,"Odd Mushroom":13,"MawBank":26,"Medical Kit":39,"Akabeko":21,"WarpedTongs":37,"SlaversCollar":17,"Shuriken":28,"Bag of Marbles":9},{"Ice Cream":16,"Darkstone Periapt":18,"ReplayFunnel":21,"ReplayTheSpireMod:Ring of Exchange":20,"Calipers":18,"Vajra":12,"Burning Blood":0,"Replay:Rubber Ducky":9,"Dream Catcher":18,"Matryoshka":16,"Tiny Chest":4,"Replay:Wax Seal":17,"InkBottle":6,"BargainBundle":20,"ReplayTheSpireMod:Ninjato":14,"Happy Flower":11,"Counterbalance":16,"Oddly Smooth Stone":20,"Thread and Needle":10,"The Courier":9,"Ring of Chaos":15,"Frozen Egg 2":5,"Odd Mushroom":7,"MawBank":11,"Medical Kit":16,"Akabeko":9,"WarpedTongs":16,"SlaversCollar":8,"Shuriken":11,"Bag of Marbles":4},{"Ice Cream":83,"Darkstone Periapt":91,"ReplayFunnel":108,"ReplayTheSpireMod:Ring of Exchange":103,"Calipers":91,"Vajra":63,"Burning Blood":0,"Replay:Rubber Ducky":47,"Dream Catcher":91,"Matryoshka":83,"Tiny Chest":14,"Replay:Wax Seal":85,"InkBottle":29,"BargainBundle":103,"ReplayTheSpireMod:Ninjato":72,"Happy Flower":58,"Counterbalance":83,"Oddly Smooth Stone":103,"Thread and Needle":53,"The Courier":47,"Ring of Chaos":79,"Frozen Egg 2":21,"Odd Mushroom":33,"MawBank":58,"Medical Kit":83,"Akabeko":47,"WarpedTongs":83,"SlaversCollar":41,"Shuriken":58,"Bag of Marbles":14}],"Burning Blood":109,"InkBottle":[37],"WarpedTongs":[32]},"card_choices":[{"not_picked":["Body Slam","Defy Death"],"picked":"Ghostly Armor","floor":0},{"not_picked":["Reckless Charge","Rampage"],"picked":"Anger","floor":0},{"not_picked":["Clash","Pommel Strike"],"picked":"Thunderclap","floor":0},{"not_picked":["ReplayTheSpireMod:Stacked","Dual Wield"],"picked":"Iron Wave","floor":0},{"not_picked":["Armaments","Replay:Undeath\u0027s Touch"],"picked":"Feel No Pain","floor":0},{"not_picked":["ReplayTheSpireMod:Strike From Hell","Pommel Strike"],"picked":"Clothesline","floor":0},{"not_picked":["Clash","Havoc"],"picked":"ReplayTheSpireMod:Stacked","floor":0},{"not_picked":["Wild Strike","Clash"],"picked":"True Grit","floor":0},{"not_picked":["Twin Strike","Fire Breathing"],"picked":"Dark Embrace","floor":0},{"not_picked":["Body Slam","Flex"],"picked":"Inflame","floor":0},{"not_picked":["Heavy Blade","Armaments"],"picked":"True Grit","floor":0},{"not_picked":["Havoc","Wild Strike"],"picked":"Shrug It Off","floor":0},{"not_picked":["Pommel Strike","Headbutt"],"picked":"Intimidate","floor":0},{"not_picked":["Clothesline","Body Slam"],"picked":"Reckless Charge","floor":0},{"not_picked":["Headbutt","ReplayTheSpireMod:Strike From Hell"],"picked":"Pommel Strike","floor":0},{"not_picked":["Thunderclap","Rage","Run Through"],"picked":"SKIP","floor":1},{"not_picked":["Entrench","Anger","Sword Boomerang"],"picked":"SKIP","floor":2},{"not_picked":["Armaments","ReplayTheSpireMod:Muscle Training","Sever Soul"],"picked":"SKIP","floor":5},{"not_picked":["Sever Soul","Flex","Entrench"],"picked":"SKIP","floor":8},{"not_picked":["Rupture+1","Life Link+1"],"picked":"Shockwave","floor":10},{"not_picked":["Replay:Undeath\u0027s Touch","ReplayTheSpireMod:Strike From Hell"],"picked":"Life Link+1","floor":11},{"not_picked":["Intimidate","Twin Strike"],"picked":"Combust+1","floor":13},{"not_picked":["Berserk+1","Double Tap"],"picked":"Limit Break","floor":16},{"not_picked":["ReplayTheSpireMod:Strike From Hell","Anger"],"picked":"Ghostly Armor","floor":18},{"not_picked":["Pummel","Second Wind"],"picked":"Disarm","floor":23},{"not_picked":["Inflame+1","Cleave"],"picked":"Limit Break","floor":25},{"not_picked":["True Grit","Anger"],"picked":"Life Link+1","floor":29},{"not_picked":["Wild Strike","Spot Weakness"],"picked":"Infernal Blade","floor":30},{"not_picked":["Headbutt","Replay:Undeath\u0027s Touch","Perfected Strike"],"picked":"SKIP","floor":31},{"not_picked":["Berserk+1","Immolate"],"picked":"Barricade+1","floor":33},{"not_picked":["Power Through","Headbutt+1"],"picked":"Replay:Undeath\u0027s Touch+1","floor":35},{"not_picked":["Madness","Bandage Up"],"picked":"Metamorphosis","floor":36},{"not_picked":["Jack Of All Trades","Good Instincts"],"picked":"Finesse","floor":36},{"not_picked":["Deep Breath","Magnetism+1"],"picked":"Replay:Sssssssssshield","floor":36},{"not_picked":["Uppercut","True Grit","Whirlwind+1"],"picked":"SKIP","floor":40},{"not_picked":["Rage+1","ReplayTheSpireMod:Strike From Hell"],"picked":"Shrug It Off","floor":41},{"not_picked":["Body Slam","Cleave+1"],"picked":"Pummel","floor":44},{"not_picked":["Evolve+1","Eclipse","Wild Strike"],"picked":"SKIP","floor":45},{"not_picked":["Cleave+1","Run Through+1"],"picked":"Havoc+1","floor":48},{"not_picked":["ReplayTheSpireMod:Limb From Limb+1","Hemokinesis"],"picked":"Impervious","floor":49}],"player_experience":783453,"relics_obtained":[{"floor":8,"key":"Tiny Chest"},{"floor":9,"key":"Bag of Marbles"},{"floor":10,"key":"Frozen Egg 2"},{"floor":11,"key":"InkBottle"},{"floor":13,"key":"Odd Mushroom"},{"floor":20,"key":"The Courier"},{"floor":23,"key":"Thread and Needle"},{"floor":25,"key":"Happy Flower"},{"floor":26,"key":"MawBank"},{"floor":28,"key":"Shuriken"},{"floor":29,"key":"Vajra"},{"floor":31,"key":"ReplayTheSpireMod:Ninjato"},{"floor":38,"key":"Matryoshka"},{"floor":40,"key":"Replay:Wax Seal"},{"floor":41,"key":"Calipers"},{"floor":43,"key":"Dream Catcher"},{"floor":43,"key":"Darkstone Periapt"},{"floor":46,"key":"ReplayTheSpireMod:Ring of Exchange"},{"floor":48,"key":"ReplayFunnel"}],"event_choices":[{"damage_healed":0,"gold_gain":0,"player_choice":"Bought 0 Potions","damage_taken":0,"max_hp_gain":0,"max_hp_loss":0,"event_name":"The Woman in Blue","floor":3,"gold_loss":0},{"damage_healed":0,"gold_gain":0,"player_choice":"Entered Light","damage_taken":16,"max_hp_gain":0,"max_hp_loss":0,"event_name":"Shining Light","floor":7,"gold_loss":0,"cards_upgraded":["True Grit","True Grit"]},{"damage_healed":0,"gold_gain":0,"player_choice":"Fought Mushrooms","damage_taken":0,"max_hp_gain":0,"max_hp_loss":0,"event_name":"Mushrooms","floor":13,"gold_loss":0},{"cards_removed":["Iron Wave"],"damage_healed":0,"gold_gain":0,"player_choice":"Elegance","damage_taken":0,"max_hp_gain":0,"max_hp_loss":0,"event_name":"Back to Basics","floor":19,"gold_loss":0},{"damage_healed":0,"gold_gain":0,"player_choice":"Ignored","damage_taken":0,"max_hp_gain":0,"max_hp_loss":0,"event_name":"Vampires","floor":24,"gold_loss":0},{"cards_removed":["Replay:Hysterical Blindness"],"damage_healed":0,"gold_gain":0,"player_choice":"Upgrade and Remove","damage_taken":0,"max_hp_gain":0,"max_hp_loss":0,"event_name":"Designer","floor":27,"gold_loss":90,"cards_upgraded":["Reckless Charge"]},{"damage_healed":0,"gold_gain":0,"player_choice":"Memory 3","damage_taken":10,"max_hp_gain":0,"max_hp_loss":0,"event_name":"SensoryStone","floor":36,"gold_loss":0},{"damage_healed":0,"gold_gain":0,"player_choice":"Rummage","damage_taken":0,"relics_obtained":["WarpedTongs"],"max_hp_gain":0,"max_hp_loss":0,"event_name":"Accursed Blacksmith","floor":37,"gold_loss":0,"cards_obtained":["Pain"]}],"is_beta":true,"boss_relics":[{"not_picked":["Replay:Drink Me","Kintsugi"],"picked":"SlaversCollar"},{"not_picked":["Velvet Choker","ReplayTheSpireMod:DimensionalGlitch"],"picked":"Ring of Chaos"}],"items_purged_floors":[39,47],"is_endless":false,"potions_floor_spawned":[1,5,10,18,29,30,33,40,44,45,48],"ascension_level":0}}