{"host":"szp1d6dso4pv7ddl","time":1614055440,"event":{"mods":["AchievementEnabler","Alarm Clock","BaseMod","Bestiary","Block Reminder","Colored Map","Colored Powertips","Curses Come First","Dark Map","Displayed Cursed Tome","Highlight Path","Minty Spire (QoL Compilation)","Permanent Neow","Quick Restart","Relic Sorter","Relic Stats","StSLib","Synergy Search"],"gold_per_floor":[115,126,142,67,67,67,96,96,120,120,131,147,179,179,179,255,255,212,262,278,289,308,308,318,318,342,342,71,71,71,87,87,87,87],"floor_reached":33,"language":"ENG","playtime":1545,"items_purged":["Strike_R","Parasite"],"score":514,"play_id":"a0a244be-f901-4eb9-af84-34211ccc8b32","local_time":"20210222204400","is_ascension_mode":true,"campfire_choices":[{"data":"Rampage","floor":6.0,"key":"SMITH"},{"floor":8.0,"key":"REST"},{"floor":10.0,"key":"REST"},{"data":"Disarm","floor":15.0,"key":"SMITH"},{"data":"Power Through","floor":23.0,"key":"SMITH"},{"data":"Demon Form","floor":25.0,"key":"SMITH"},{"data":"Ghostly Armor","floor":27.0,"key":"SMITH"},{"data":"Shrug It Off","floor":30.0,"key":"SMITH"},{"floor":32.0,"key":"REST"}],"circlet_count":0,"master_deck":["AscendersBane","Strike_R","Strike_R","Strike_R","Strike_R","Defend_R+1","Defend_R","Defend_R+1","Defend_R","Bash","Rampage+1","Thunderclap","Ghostly Armor+1","Power Through+1","Disarm+1","Demon Form+1","Reaper","Feel No Pain","Feel No Pain","Shrug It Off+1"],"relics":["Burning Blood","TungstenRod","Vajra","Pen Nib","Kunai","Sozu","Omamori","Membership Card"],"acts_visited":["Exordium","TheCity"],"potions_floor_usage":[33],"damage_taken":[{"damage":9.0,"enemies":"Small Slimes","floor":1.0,"turns":4.0},{"damage":7.0,"enemies":"Jaw Worm","floor":2.0,"turns":5.0},{"damage":0.0,"enemies":"Cultist","floor":3.0,"turns":3.0},{"damage":30.0,"enemies":"Lagavulin","floor":7.0,"turns":6.0},{"damage":16.0,"enemies":"Lots of Slimes","floor":11.0,"turns":4.0},{"damage":0.0,"enemies":"Large Slime","floor":12.0,"turns":4.0},{"damage":30.0,"enemies":"Gremlin Nob","floor":13.0,"turns":4.0},{"damage":9.0,"enemies":"The Guardian","floor":16.0,"turns":17.0},{"damage":29.0,"enemies":"2 Thieves","floor":18.0,"turns":5.0},{"damage":11.0,"enemies":"Chosen","floor":20.0,"turns":5.0},{"damage":12.0,"enemies":"Snake Plant","floor":21.0,"turns":4.0},{"damage":20.0,"enemies":"Shelled Parasite and Fungi","floor":22.0,"turns":9.0},{"damage":20.0,"enemies":"Snecko","floor":24.0,"turns":6.0},{"damage":20.0,"enemies":"Cultist and Chosen","floor":31.0,"turns":8.0},{"damage":111,"enemies":"Automaton","floor":33,"turns":12}],"seed_played":"1822023125798684429","potions_obtained":[{"floor":3.0,"key":"Fruit Juice"},{"floor":11.0,"key":"ColorlessPotion"},{"floor":13.0,"key":"Swift Potion"},{"floor":16.0,"key":"BloodPotion"}],"is_trial":false,"path_per_floor":["M","M","M","$","?","R","E","R","T","R","M","M","E","?","R","B",null,"M","?","M","M","M","R","M","R","T","R","$","?","R","M","R","B"],"character_chosen":"IRONCLAD","items_purchased":["Membership Card","Feel No Pain","Shrug It Off"],"campfire_rested":3,"item_purchase_floors":[28,28,28],"current_hp_per_floor":[47,46,52,52,30,30,11,35,35,59,49,55,31,51,51,48,72,49,49,44,54,45,45,52,52,52,52,52,52,52,53,76,0,0],"gold":87,"neow_bonus":"ONE_RARE_RELIC","is_daily":false,"chose_seed":false,"campfire_upgraded":6,"win_rate":0.0,"timestamp":1614055440,"path_taken":["M","M","M","$","?","R","E","R","T","R","M","M","E","?","R","BOSS","M","?","?","M","?","R","M","R","T","R","$","?","R","M","R","BOSS"],"items_purchased_type":["Relic","Card","Card"],"build_version":"2020-12-22","purchased_purges":2,"victory":false,"max_hp_per_floor":[75,75,75,75,75,75,80,80,80,80,80,80,80,80,80,80,80,80,80,80,80,80,80,80,80,80,80,77,77,77,77,77,77,77],"relic_stats":{"Sozu":3,"counters":[15,96],"Pen Nib":[12],"Kunai":[10],"obtain_stats":[{"Sozu":17,"Vajra":7,"Pen Nib":9,"Omamori":26,"Kunai":13,"Membership Card":28,"Burning Blood":0,"TungstenRod":0},{"Sozu":8,"Vajra":4,"Pen Nib":4,"Omamori":13,"Kunai":7,"Membership Card":13,"Burning Blood":0,"TungstenRod":0},{"Sozu":47,"Vajra":18,"Pen Nib":18,"Omamori":76,"Kunai":30,"Membership Card":76,"Burning Blood":0,"TungstenRod":0}],"Burning Blood":84,"TungstenRod":46},"card_choices":[{"not_picked":["Shrug It Off","Uppercut"],"picked":"Rampage","floor":1.0},{"not_picked":["Armaments","Perfected Strike","Anger"],"picked":"SKIP","floor":2.0},{"not_picked":["Iron Wave","Spot Weakness","Sword Boomerang"],"picked":"SKIP","floor":3.0},{"not_picked":["Intimidate","Armaments"],"picked":"Thunderclap","floor":7.0},{"not_picked":["Power Through","Sentinel"],"picked":"Ghostly Armor","floor":11.0},{"not_picked":["Clothesline","Flex"],"picked":"Power Through","floor":12.0},{"not_picked":["Immolate","Bloodletting"],"picked":"Disarm","floor":13.0},{"not_picked":["Juggernaut","Exhume"],"picked":"Demon Form","floor":16.0},{"not_picked":["Anger","Body Slam","Twin Strike"],"picked":"SKIP","floor":18.0},{"not_picked":["Pommel Strike","Carnage","Armaments"],"picked":"SKIP","floor":20.0},{"not_picked":["Pommel Strike","Wild Strike"],"picked":"Reaper","floor":21.0},{"not_picked":["Shrug It Off+1","Headbutt"],"picked":"Feel No Pain","floor":22.0},{"not_picked":["Wild Strike","Blood for Blood","Pummel"],"picked":"SKIP","floor":24.0},{"not_picked":["Clash","Sword Boomerang","Hemokinesis"],"picked":"SKIP","floor":31.0}],"player_experience":1648125,"relics_obtained":[{"floor":7.0,"key":"Vajra"},{"floor":9.0,"key":"Pen Nib"},{"floor":13.0,"key":"Kunai"},{"floor":26.0,"key":"Omamori"}],"event_choices":[{"damage_healed":0.0,"max_hp_gain":0.0,"max_hp_loss":0.0,"gold_gain":0.0,"event_name":"Shining Light","player_choice":"Entered Light","floor":5.0,"gold_loss":0.0,"damage_taken":23.0,"cards_upgraded":["Defend_R","Defend_R"]},{"damage_healed":20.0,"max_hp_gain":0.0,"max_hp_loss":0.0,"gold_gain":0.0,"event_name":"Mushrooms","player_choice":"Healed and dodged fight","floor":14.0,"gold_loss":0.0,"damage_taken":0.0,"cards_obtained":["Parasite"]},{"damage_healed":0.0,"max_hp_gain":0.0,"max_hp_loss":0.0,"gold_gain":50.0,"event_name":"Golden Shrine","player_choice":"Pray","floor":19.0,"gold_loss":0.0,"damage_taken":0.0},{"damage_healed":0.0,"max_hp_gain":0.0,"max_hp_loss":0.0,"gold_gain":0.0,"event_name":"Vampires","player_choice":"Ignored","floor":29.0,"gold_loss":0.0,"damage_taken":0.0}],"is_beta":false,"boss_relics":[{"not_picked":["Mark of Pain","Velvet Choker"],"picked":"Sozu"}],"items_purged_floors":[4,28],"is_endless":false,"potions_floor_spawned":[3,11,13,16,20,21,24],"killed_by":"Automaton","ascension_level":20}}