{"host":"prxrhpgaxnj4om9r","time":1614062507,"event":{"mods":["AchievementEnabler","BaseMod","Colored Map","DeckTracker","Minty Spire (QoL Compilation)"],"gold_per_floor":[113,113,123,135,154,154,174,207,230,230,230,230,242,262,262,358,358,375,375,375,57,74,74,105,105,105,105,122,122,135,135,135,238,238,254,266,266,278,278,278,292,292,292,302,2,2,2],"floor_reached":46,"language":"KOR","playtime":1809,"items_purged":[],"score":625,"play_id":"aedd9e11-519c-42b2-94fb-1b7ac46e85a2","local_time":"20210223154147","is_ascension_mode":true,"campfire_choices":[{"data":"Dagger Spray","floor":6,"key":"SMITH"},{"floor":12,"key":"REST"},{"data":"Predator","floor":15,"key":"SMITH"},{"data":"Underhanded Strike","floor":23,"key":"SMITH"},{"data":"Enlightenment","floor":27,"key":"SMITH"},{"floor":32,"key":"REST"},{"floor":40,"key":"REST"}],"circlet_count":0,"master_deck":["Strike_G","Strike_G+1","Strike_G","Strike_G","Strike_G","Defend_G","Defend_G","Defend_G","Survivor","Neutralize","Endless Agony+1","Backflip","Dagger Spray+1","Flying Knee","Underhanded Strike+1","Noxious Fumes+1","Predator+1","Poisoned Stab","Envenom+1","Dagger Throw","Dagger Spray","Corpse Explosion","Enlightenment+1","Quick Slash","Deflect","Blur","All Out Attack","Backflip+1","Infinite Blades+1","Madness","Madness","Deadly Poison"],"relics":["Ring of the Serpent","Potion Belt","Mummified Hand","Lantern","Busted Crown","Lee\u0027s Waffle","MealTicket","Boot","Shuriken","Strawberry","PreservedInsect"],"acts_visited":["Exordium","TheCity","TheBeyond"],"potions_floor_usage":[5,7,7,8,14,14,16,16,18,18,22,24,30,38,45],"damage_taken":[{"damage":0,"enemies":"2 Louse","floor":1,"turns":4},{"damage":0,"enemies":"Cultist","floor":3,"turns":3},{"damage":0,"enemies":"Small Slimes","floor":4,"turns":3},{"damage":1,"enemies":"3 Louse","floor":5,"turns":3},{"damage":4,"enemies":"Gremlin Gang","floor":7,"turns":3},{"damage":23,"enemies":"Gremlin Nob","floor":8,"turns":5},{"damage":9,"enemies":"2 Fungi Beasts","floor":13,"turns":3},{"damage":0,"enemies":"Exordium Thugs","floor":14,"turns":2},{"damage":14,"enemies":"Slime Boss","floor":16,"turns":8},{"damage":19,"enemies":"Spheric Guardian","floor":18,"turns":4},{"damage":15,"enemies":"2 Thieves","floor":22,"turns":3},{"damage":16,"enemies":"Gremlin Leader","floor":24,"turns":5},{"damage":10,"enemies":"Snecko","floor":28,"turns":4},{"damage":24,"enemies":"Snake Plant","floor":30,"turns":3},{"damage":63,"enemies":"Champ","floor":33,"turns":8},{"damage":23,"enemies":"Orb Walker","floor":35,"turns":4},{"damage":4,"enemies":"3 Darklings","floor":36,"turns":2},{"damage":0,"enemies":"Jaw Worm Horde","floor":38,"turns":3},{"damage":33,"enemies":"Writhing Mass","floor":41,"turns":5},{"damage":13,"enemies":"3 Darklings","floor":44,"turns":2},{"damage":33,"enemies":"Reptomancer","floor":46,"turns":2}],"seed_played":"4939416589958017493","potions_obtained":[{"floor":1,"key":"Swift Potion"},{"floor":2,"key":"Weak Potion"},{"floor":2,"key":"FairyPotion"},{"floor":2,"key":"FearPotion"},{"floor":3,"key":"Weak Potion"},{"floor":7,"key":"LiquidMemories"},{"floor":8,"key":"Poison Potion"},{"floor":14,"key":"FearPotion"},{"floor":16,"key":"EntropicBrew"},{"floor":28,"key":"AttackPotion"},{"floor":35,"key":"Block Potion"},{"floor":41,"key":"Strength Potion"},{"floor":44,"key":"Dexterity Potion"}],"is_trial":false,"path_per_floor":["M","?","M","M","M","R","M","E","T","$","?","R","M","M","R","B",null,"M","?","?","$","M","R","E","?","T","R","M","$","M","?","R","B",null,"M","M","?","M","?","R","M","?","T","M","$","E"],"character_chosen":"THE_SILENT","items_purchased":["Lee\u0027s Waffle","MealTicket","Dagger Spray","PreservedInsect","Fruit Juice","Deadly Poison"],"campfire_rested":3,"item_purchase_floors":[21,21,21,45,45,45],"current_hp_per_floor":[63,63,63,63,62,62,58,35,35,35,21,42,33,33,33,19,57,38,38,38,77,62,62,46,46,46,46,36,51,27,27,50,23,64,41,37,37,37,37,60,27,17,24,11,31,0,0],"gold":2,"neow_bonus":"RANDOM_COMMON_RELIC","is_daily":false,"chose_seed":false,"campfire_upgraded":4,"win_rate":0.0,"timestamp":1614062507,"path_taken":["M","?","?","M","M","R","M","E","T","$","?","R","M","M","R","BOSS","M","?","?","$","?","R","E","?","T","R","M","?","?","?","R","BOSS","M","M","?","?","?","R","?","?","T","M","$","E"],"items_purchased_type":["Relic","Relic","Card","Relic","Potion","Card"],"build_version":"2020-12-22","purchased_purges":0,"victory":false,"max_hp_per_floor":[70,70,70,70,70,70,70,70,70,70,70,70,70,70,70,70,70,70,70,70,77,77,77,77,77,77,77,77,77,77,77,77,77,77,77,77,77,77,77,77,77,77,84,84,89,89,89],"card_choices":[{"not_picked":["Skewer","Prepared"],"picked":"Endless Agony","floor":1},{"not_picked":["Footwork","Heel Hook"],"picked":"Backflip","floor":3},{"not_picked":["Flechettes","Masterful Stab"],"picked":"Dagger Spray","floor":4},{"not_picked":["Dash","Eviscerate"],"picked":"Flying Knee","floor":5},{"not_picked":["Acrobatics","Deadly Poison"],"picked":"Underhanded Strike","floor":7},{"not_picked":["Endless Agony","Prepared"],"picked":"Noxious Fumes","floor":8},{"not_picked":["Deadly Poison","Die Die Die"],"picked":"Predator","floor":13},{"not_picked":["Escape Plan","Dodge and Roll"],"picked":"Poisoned Stab","floor":14},{"not_picked":["Malaise","Burst"],"picked":"Envenom","floor":16},{"not_picked":[],"picked":"Dagger Throw","floor":18},{"not_picked":["Dagger Spray"],"picked":"SKIP","floor":22},{"not_picked":[],"picked":"Infinite Blades","floor":24},{"not_picked":[],"picked":"Quick Slash","floor":28},{"not_picked":[],"picked":"Deflect","floor":30},{"not_picked":[],"picked":"Backflip+1","floor":35},{"not_picked":[],"picked":"Infinite Blades+1","floor":36},{"not_picked":["Expertise"],"picked":"SKIP","floor":38},{"not_picked":["Predator"],"picked":"SKIP","floor":41},{"not_picked":["Cloak And Dagger"],"picked":"SKIP","floor":44}],"player_experience":601019,"relics_obtained":[{"floor":8,"key":"Mummified Hand"},{"floor":9,"key":"Lantern"},{"floor":24,"key":"Boot"},{"floor":26,"key":"Shuriken"},{"floor":43,"key":"Strawberry"}],"event_choices":[{"damage_healed":0,"gold_gain":0,"player_choice":"Got Potions","damage_taken":0,"max_hp_gain":0,"max_hp_loss":0,"event_name":"Lab","floor":2,"gold_loss":0},{"damage_healed":0,"gold_gain":0,"player_choice":"Entered Light","damage_taken":14,"max_hp_gain":0,"max_hp_loss":0,"event_name":"Shining Light","floor":11,"gold_loss":0,"cards_upgraded":["Strike_G","Endless Agony"]},{"damage_healed":0,"gold_gain":0,"player_choice":"Ignored","damage_taken":0,"max_hp_gain":0,"max_hp_loss":0,"event_name":"Ghosts","floor":19,"gold_loss":0},{"damage_healed":0,"gold_gain":0,"player_choice":"Upgraded","damage_taken":0,"max_hp_gain":0,"max_hp_loss":0,"event_name":"Upgrade Shrine","floor":20,"gold_loss":0,"cards_upgraded":["Envenom"]},{"damage_healed":0,"gold_gain":0,"player_choice":"2 cards matched","damage_taken":0,"max_hp_gain":0,"max_hp_loss":0,"event_name":"Match and Keep!","floor":25,"gold_loss":0,"cards_obtained":["Corpse Explosion","Enlightenment"]},{"damage_healed":0,"gold_gain":0,"cards_transformed":["Defend_G","Defend_G"],"player_choice":"Became Test Subject","damage_taken":0,"max_hp_gain":0,"max_hp_loss":0,"event_name":"Drug Dealer","floor":31,"gold_loss":0,"cards_obtained":["Blur","All Out Attack"]},{"cards_removed":["Infinite Blades"],"damage_healed":0,"gold_gain":0,"player_choice":"Purged","damage_taken":0,"max_hp_gain":0,"max_hp_loss":0,"event_name":"Purifier","floor":37,"gold_loss":0},{"damage_healed":0,"gold_gain":0,"player_choice":"Forge","damage_taken":0,"max_hp_gain":0,"max_hp_loss":0,"event_name":"Accursed Blacksmith","floor":39,"gold_loss":0,"cards_upgraded":["Noxious Fumes"]},{"damage_healed":0,"gold_gain":0,"player_choice":"Embrace Madness","damage_taken":10,"max_hp_gain":0,"max_hp_loss":0,"event_name":"Winding Halls","floor":42,"gold_loss":0,"cards_obtained":["Madness","Madness"]}],"is_beta":false,"boss_relics":[{"not_picked":["Astrolabe","Black Star"],"picked":"Busted Crown"},{"not_picked":["Coffee Dripper","Snecko Eye"],"picked":"Ring of the Serpent"}],"items_purged_floors":[],"is_endless":false,"potions_floor_spawned":[1,3,7,8,14,16,28,35,41,44],"killed_by":"Reptomancer","ascension_level":6}}