{"host":"8o45mh5p3pp1o2mi","time":1614039716,"event":{"mods":["BaseMod","Bestiary","Better Match","Better Third Choice","BetterRewards","Dark Map","Downfall","Fox Events","Minty Spire (QoL Compilation)","Rare Cards Sparkle","Relic Stats","Replay The Spire","Shop Mod","Spire Exporter","StSLib","everything is the same but u backflip on backflip"],"gold_per_floor":[99,99,99,99,99,99,99,127,37,48,66,97,97,114,133,228,228,228,244,258,449,469,104,129,144,156,56,56,56,56],"floor_reached":28,"language":"ENG","playtime":2425,"items_purged":["champ:Strike","champ:Strike"],"score":253,"play_id":"5d3e6db8-96a9-4607-a9e2-fe59887c982f","local_time":"20210223002156","is_ascension_mode":false,"campfire_choices":[{"data":"champ:Taunt","floor":1,"key":"SMITH"},{"data":"champ:GladiatorForm","floor":13,"key":"SMITH"},{"data":"champ:Defend","floor":18,"key":"PURGE"},{"data":"champ:UltimateStance","floor":27,"key":"SMITH"}],"circlet_count":0,"master_deck":["champ:Strike","champ:Defend","champ:Defend","champ:Defend+1","champ:Execute","champ:Taunt+1","champ:FocusedDefense","champ:Duel","champ:RapidStrikes","champ:Haymaker","champ:BringItOn","champ:StanceDance","champ:StanceDance","champ:EnragedBash","champ:GladiatorForm+1","champ:Encircle","champ:FocusedBerserking","champ:LastStand","AbeCurse","champ:EnGarde","champ:Circumvent+1","champ:SetATrap","champ:UltimateStance+1","champ:ShieldSlam","expansioncontent:DashGenerateEvil","champ:Lariat","champ:FaceSlap"],"relics":["champ:ChampionCrown","downfall:HeartsMalice","Divine Protection","Gremlin Food","Darkstone Periapt","Abe\u0027s Treasure","downfall:HeartBlessingBlue"],"acts_visited":["Exordium","TheCity"],"potions_floor_usage":[14,16,22,23,28,28],"damage_taken":[{"damage":0,"enemies":"Jaw Worm","floor":2,"turns":1},{"damage":0,"enemies":"Small Slimes","floor":5,"turns":1},{"damage":0,"enemies":"Cultist","floor":6,"turns":1},{"damage":4,"enemies":"Lagavulin","floor":8,"turns":7},{"damage":22,"enemies":"downfall:FleeingMerchant","floor":9,"turns":4},{"damage":7,"enemies":"Large Slime","floor":10,"turns":4},{"damage":2,"enemies":"2 Fungi Beasts","floor":11,"turns":3},{"damage":17,"enemies":"Replay:BlueRogue","floor":12,"turns":5},{"damage":0,"enemies":"Lots of Slimes","floor":14,"turns":2},{"damage":10,"enemies":"Exordium Wildlife","floor":15,"turns":4},{"damage":45,"enemies":"DF_ARCHETYPE_STREAMLINE","floor":16,"turns":7},{"damage":25,"enemies":"Shell Parasite","floor":19,"turns":4},{"damage":11,"enemies":"Chosen","floor":20,"turns":6},{"damage":31,"enemies":"Sentry and Sphere","floor":22,"turns":6},{"damage":29,"enemies":"downfall:FleeingMerchant","floor":23,"turns":4},{"damage":44,"enemies":"Shelled Parasite and Fungi","floor":25,"turns":5},{"damage":17,"enemies":"Centurion and Healer","floor":26,"turns":7},{"damage":57,"enemies":"Slavers","floor":28,"turns":3}],"seed_played":"6419070002427688701","potions_obtained":[{"floor":10,"key":"Explosive Potion"},{"floor":12,"key":"LiquidMemories"},{"floor":14,"key":"ColorlessPotion"},{"floor":15,"key":"sneckomod:MuddlingPotion"},{"floor":16,"key":"champ:CounterPotion"},{"floor":19,"key":"champ:OpenerPotion"},{"floor":26,"key":"PowerPotion"}],"is_trial":false,"path_per_floor":["R","M","?","?","M","M","T","E","$","M","M","E","R","M","M","B",null,"R","M","M","?","M","$","T","M","M","R","E"],"character_chosen":"THE_CHAMP","items_purchased":["champ:ShieldSlam","expansioncontent:DashGenerateEvil"],"campfire_rested":0,"item_purchase_floors":[23,23],"current_hp_per_floor":[90,90,90,90,90,90,90,90,90,90,90,88,88,88,87,77,96,96,91,95,57,46,52,52,38,46,56,0,0,0],"gold":56,"neow_bonus":"THREE_ENEMY_KILL","is_daily":false,"chose_seed":false,"campfire_upgraded":3,"win_rate":0.0,"timestamp":1614039716,"path_taken":["R","M","?","?","M","M","T","E","$","?","M","E","R","M","M","BOSS","R","M","M","?","M","$","T","M","M","R","E"],"items_purchased_type":["Card","Card"],"build_version":"2020-12-22","purchased_purges":2,"victory":false,"max_hp_per_floor":[90,90,90,90,90,90,90,90,90,90,90,90,90,90,90,90,96,96,96,96,96,96,96,96,96,96,106,106,106,106],"relic_stats":{"Darkstone Periapt":6,"counters":[18,71],"obtain_stats":[{"Gremlin Food":8,"Darkstone Periapt":12,"Divine Protection":7,"downfall:HeartBlessingBlue":27,"champ:ChampionCrown":0,"downfall:HeartsMalice":0,"Abe\u0027s Treasure":17},{"Gremlin Food":4,"Darkstone Periapt":8,"Divine Protection":3,"downfall:HeartBlessingBlue":17,"champ:ChampionCrown":0,"downfall:HeartsMalice":0,"Abe\u0027s Treasure":11},{"Gremlin Food":7,"Darkstone Periapt":23,"Divine Protection":0,"downfall:HeartBlessingBlue":68,"champ:ChampionCrown":0,"downfall:HeartsMalice":0,"Abe\u0027s Treasure":36}]},"card_choices":[{"not_picked":["champ:Parry","champ:BladeFlurry"],"picked":"champ:FocusedDefense","floor":2},{"not_picked":["champ:Backstep","champ:Circumvent"],"picked":"champ:RapidStrikes","floor":5},{"not_picked":["champ:Circumvent","champ:RecklessLeap"],"picked":"champ:Haymaker","floor":6},{"not_picked":["champ:FanOfKnives","champ:Endure"],"picked":"champ:BringItOn","floor":8},{"not_picked":["champ:PerfectedStrike","champ:Haymaker"],"picked":"champ:StanceDance","floor":9},{"not_picked":["champ:Backstep","champ:Circumvent"],"picked":"champ:StanceDance","floor":10},{"not_picked":["champ:RapidStrikes","champ:Haymaker"],"picked":"champ:EnragedBash","floor":11},{"not_picked":["champ:CrownThrow","champ:BringItOn"],"picked":"champ:GladiatorForm","floor":12},{"not_picked":["champ:PreemptiveStrike","champ:Circumvent"],"picked":"champ:Encircle","floor":14},{"not_picked":["champ:PerfectedStrike","champ:Endure"],"picked":"champ:FocusedBerserking","floor":15},{"not_picked":["champ:IgnorePain","champ:SwordThrow"],"picked":"champ:LastStand","floor":16},{"not_picked":["champ:Circumvent","champ:FocusedBerserking"],"picked":"champ:EnGarde","floor":19},{"not_picked":["champ:Encircle","champ:FanOfKnives"],"picked":"champ:Circumvent+1","floor":20},{"not_picked":["champ:Endure","champ:DefensiveShout"],"picked":"champ:SetATrap","floor":21},{"not_picked":["champ:FlashCut+1","champ:Backstep+1","champ:BringItOn"],"picked":"SKIP","floor":22},{"not_picked":["champ:RapidStrikes","champ:Endure+1"],"picked":"champ:UltimateStance","floor":23},{"not_picked":["champ:BladeFlurry","champ:Shatter"],"picked":"champ:Lariat","floor":25},{"not_picked":["champ:Backstep","champ:SkillfulDodge+1"],"picked":"champ:FaceSlap","floor":26}],"player_experience":234609,"relics_obtained":[{"floor":7,"key":"Divine Protection"},{"floor":8,"key":"Gremlin Food"},{"floor":12,"key":"Darkstone Periapt"}],"event_choices":[],"is_beta":false,"boss_relics":[{"not_picked":["ReplayTheSpireMod:DimensionalGlitch","Replay:Bronze Core"],"picked":"Abe\u0027s Treasure"}],"items_purged_floors":[9,23],"is_endless":false,"potions_floor_spawned":[10,12,14,15,16,19,26],"killed_by":"Slavers","ascension_level":0}}