{"host":"taraness","time":1614112129,"event":{"mods":["2.2 Compatiblity","BaseMod","Hermit","KinomotoSakuraMod(ÙÊñýÜâ?)","Marisa£¨Ùöéë¡¡Øª×âÞÞ£©","Minty Spire (QoL Compilation)","Permanent Neow","StSLib","Td1madao Mod","The Cursed","The Gatherer","The Hierophant","The Runesmith","TheSwordswoman","WarShipGirlsR/??á´Ò³R mod"],"gold_per_floor":[368,379,379,397,410,440,460,440,463,463,46,46,57,75,75,174,174,184,184,184,201,211,211,211,211,236,267,182,215,232,244,244,347,347,357,401,12,0,18,18,38,38,91,91,41,59,77,87,87,87],"floor_reached":51,"language":"JPN","playtime":6178,"items_purged":["ClowCardTheLock+1"],"score":666,"play_id":"c2edfbaf-9da5-401b-9c2d-22b74ab64297","local_time":"20210224052848","is_ascension_mode":false,"campfire_choices":[{"data":"SpellCardSeal","floor":10,"key":"SMITH"},{"floor":12,"key":"REST"},{"data":"ClowCardTheLibra","floor":15,"key":"SMITH"},{"data":"ClowCardTheFly","floor":23,"key":"SMITH"},{"data":"ClowCardTheLight","floor":25,"key":"SMITH"},{"data":"ClowCardTheFirey","floor":32,"key":"SMITH"},{"data":"ClowCardTheFloat","floor":40,"key":"SMITH"},{"data":"ClowCardTheWatery","floor":49,"key":"SMITH"}],"circlet_count":0,"master_deck":["SakuraCardTheMirror+","SakuraCardTheDash+","SpellCardSeal+1","SpellCardRelease","ClowCardTheLibra+1","ClowCardTheArrow+1","ClowCardTheFly+1","ClowCardTheWatery+1","ClowCardTheFirey+1","ClowCardTheMaze","ClowCardTheRain+1","ClowCardTheMove+1","ClowCardTheLight+1","ClowCardTheIllusion+1","ClowCardTheSnow","ClowCardTheLittle+1","SakuraCardTheHope+","ClowCardTheRain+1","ClowCardTheFloat+1","ClowCardTheDream+1","Master of Strategy+1","ClowCardTheRain+1"],"relics":["KSMOD_SealedBook","KSMOD_StarWand","KSMOD_TomoyosHeart","Blood Vial","Toxic Egg 2","Ancient Tea Set","Pandora\u0027s Box","Pantograph","Whetstone","Toy Ornithopter","Lantern","Smiling Mask","Ice Cream","KSMOD_MoonBell","Akabeko","Gremlin Horn","Red Mask","Art of War","Ornamental Fan"],"acts_visited":["Exordium","TheCity","TheBeyond"],"potions_floor_usage":[16,27,27,27,35],"damage_taken":[{"damage":6,"enemies":"Jaw Worm","floor":1,"turns":4},{"damage":1,"enemies":"Cultist","floor":2,"turns":3},{"damage":0,"enemies":"2 Louse","floor":4,"turns":1},{"damage":4,"enemies":"Blue Slaver","floor":5,"turns":4},{"damage":20,"enemies":"Lagavulin","floor":6,"turns":6},{"damage":0,"enemies":"Large Slime","floor":7,"turns":3},{"damage":0,"enemies":"Red Slaver","floor":13,"turns":1},{"damage":0,"enemies":"2 Fungi Beasts","floor":14,"turns":2},{"damage":44,"enemies":"Hexaghost","floor":16,"turns":15},{"damage":0,"enemies":"Chosen","floor":18,"turns":3},{"damage":18,"enemies":"3 Byrds","floor":21,"turns":5},{"damage":21,"enemies":"Snake Plant","floor":22,"turns":3},{"damage":15,"enemies":"Gremlin Leader","floor":27,"turns":5},{"damage":2,"enemies":"Slavers","floor":29,"turns":3},{"damage":0,"enemies":"Snecko","floor":30,"turns":2},{"damage":0,"enemies":"Centurion and Healer","floor":31,"turns":3},{"damage":18,"enemies":"Automaton","floor":33,"turns":9},{"damage":26,"enemies":"3 Shapes","floor":35,"turns":4},{"damage":9,"enemies":"KSMOD_TheNothingMonster","floor":36,"turns":4},{"damage":0,"enemies":"Orb Walker","floor":39,"turns":2},{"damage":3,"enemies":"Sphere and 2 Shapes","floor":41,"turns":1},{"damage":18,"enemies":"3 Darklings","floor":46,"turns":3},{"damage":7,"enemies":"Spire Growth","floor":47,"turns":4},{"damage":0,"enemies":"4 Shapes","floor":48,"turns":3},{"damage":15,"enemies":"Time Eater","floor":50,"turns":6}],"seed_played":"-4484371566557682737","potions_obtained":[{"floor":5,"key":"SpeedPotion"},{"floor":6,"key":"Weak Potion"},{"floor":7,"key":"Ancient Potion"},{"floor":16,"key":"Block Potion"},{"floor":21,"key":"PowerPotion"},{"floor":27,"key":"Fire Potion"},{"floor":29,"key":"SneckoOil"},{"floor":30,"key":"Ancient Potion"},{"floor":36,"key":"SkillPotion"}],"is_trial":false,"path_per_floor":["M","M","?","M","M","E","M","?","T","R","$","R","M","M","R","B",null,"M","?","?","M","M","R","T","R","T","E","?","E","M","M","R","B",null,"M","?","$","?","M","R","M","?","T","T","$","M","M","M","R","B",null],"character_chosen":"KINOMOTOSAKURA","items_purchased":["Toxic Egg 2","Ancient Tea Set","ClowCardTheRain+1","Akabeko","Gremlin Horn"],"campfire_rested":1,"item_purchase_floors":[11,11,11,37,37],"current_hp_per_floor":[43,42,42,42,38,18,18,18,18,18,18,39,41,43,43,1,70,70,70,70,52,33,33,33,33,33,20,20,20,22,24,24,33,70,49,46,46,46,50,50,50,50,50,50,50,42,42,49,49,63],"gold":87,"neow_bonus":"TWO_FIFTY_GOLD","is_daily":false,"chose_seed":false,"campfire_upgraded":7,"win_rate":0.0,"timestamp":1614112128,"path_taken":["M","M","?","?","M","E","M","?","T","R","$","R","M","M","R","BOSS","M","?","?","?","M","R","?","R","T","E","?","E","M","M","R","BOSS","M","?","$","?","M","R","M","?","T","?","$","M","M","M","R","BOSS"],"items_purchased_type":["Relic","Relic","Card","Relic","Relic"],"build_version":"2020-12-18","purchased_purges":1,"victory":true,"max_hp_per_floor":[70,70,70,70,70,70,70,70,70,70,70,70,70,70,70,70,70,70,70,70,70,70,70,70,70,70,70,70,70,70,70,70,70,70,70,70,70,70,70,70,70,70,70,70,70,70,70,70,70,70],"card_choices":[{"not_picked":["ClowCardTheShadow","ClowCardTheIllusion"],"picked":"ClowCardTheLibra","floor":1},{"not_picked":["ClowCardTheMove","ClowCardTheWood"],"picked":"ClowCardTheArrow","floor":2},{"not_picked":["ClowCardTheMist","ClowCardTheJump"],"picked":"ClowCardTheFly","floor":4},{"not_picked":["ClowCardTheCloud","ClowCardTheFreeze"],"picked":"ClowCardTheWatery","floor":5},{"not_picked":["ClowCardTheReturn","ClowCardTheStorm"],"picked":"ClowCardTheFirey","floor":6},{"not_picked":["ClowCardTheMist","ClowCardTheShot"],"picked":"ClowCardTheMaze","floor":7},{"not_picked":[],"picked":"ClowCardTheDash","floor":8},{"not_picked":["ClowCardTheIllusion+1","ClowCardTheMaze+1"],"picked":"ClowCardTheMove+1","floor":13},{"not_picked":["ClowCardTheSleep+1","ClowCardTheSilent+1"],"picked":"ClowCardTheLock+1","floor":14},{"not_picked":["ClowCardTheThunder","ClowCardTheDark"],"picked":"ClowCardTheLight","floor":16},{"not_picked":["ClowCardTheChange+1","ClowCardTheCloud+1","ClowCardTheLock+1"],"picked":"SKIP","floor":18},{"not_picked":["ClowCardTheFirey+1","ClowCardThePower"],"picked":"ClowCardTheIllusion+1","floor":21},{"not_picked":["ClowCardTheThrough","ClowCardTheLock+1","ClowCardTheDream+1"],"picked":"SKIP","floor":22},{"not_picked":["ClowCardTheLittle","ClowCardTheLoop","ClowCardTheErase"],"picked":"SKIP","floor":27},{"not_picked":["ClowCardTheShot+1","ClowCardTheFirey+1"],"picked":"ClowCardTheSnow","floor":29},{"not_picked":["ClowCardTheSleep+1","ClowCardTheLibra+1"],"picked":"ClowCardTheLittle+1","floor":30},{"not_picked":["ClowCardTheArrow+1","ClowCardTheChange+1"],"picked":"ClowCardTheMirror+1","floor":31},{"not_picked":["ClowCardTheDash+1","ClowCardTheDark"],"picked":"ClowCardTheCreate","floor":33},{"not_picked":["ClowCardTheWood+1","ClowCardTheCloud+1","ClowCardTheVoice+1"],"picked":"SKIP","floor":35},{"not_picked":["ClowCardThePower+1","ClowCardTheShadow+1"],"picked":"ClowCardTheRain+1","floor":36},{"not_picked":["ClowCardTheMist+1","ClowCardTheShot"],"picked":"ClowCardTheFloat","floor":39},{"not_picked":["ClowCardTheLittle+1","ClowCardTheSleep+1"],"picked":"ClowCardTheDream+1","floor":41},{"not_picked":["Sadistic Nature","The Bomb+1"],"picked":"Master of Strategy+1","floor":42},{"not_picked":["ClowCardTheMove+1","ClowCardTheFloat+1"],"picked":"ClowCardTheRain+1","floor":46},{"not_picked":["ClowCardTheShadow+1","ClowCardTheMist+1","ClowCardThePower+1"],"picked":"SKIP","floor":47},{"not_picked":["ClowCardTheGlow+1","ClowCardTheWood+1","ClowCardTheMaze+1"],"picked":"SKIP","floor":48}],"player_experience":367216,"relics_obtained":[{"floor":6,"key":"KSMOD_TomoyosHeart"},{"floor":9,"key":"Blood Vial"},{"floor":24,"key":"Pantograph"},{"floor":26,"key":"Whetstone"},{"floor":27,"key":"Toy Ornithopter"},{"floor":29,"key":"Smiling Mask"},{"floor":35,"key":"Ice Cream"},{"floor":35,"key":"KSMOD_MoonBell"},{"floor":43,"key":"Art of War"},{"floor":44,"key":"Ornamental Fan"}],"event_choices":[{"cards_removed":["ClowCardTheSword"],"damage_healed":0,"gold_gain":0,"player_choice":"Purged","damage_taken":0,"max_hp_gain":0,"max_hp_loss":0,"event_name":"Purifier","floor":3,"gold_loss":0},{"damage_healed":0,"gold_gain":0,"player_choice":"Ignored","damage_taken":0,"max_hp_gain":0,"max_hp_loss":0,"event_name":"NoteForYourself","floor":20,"gold_loss":0},{"damage_healed":0,"gold_gain":0,"player_choice":"Obtained Relic","damage_taken":0,"relics_obtained":["Lantern"],"max_hp_gain":0,"max_hp_loss":0,"event_name":"Addict","floor":28,"gold_loss":85},{"damage_healed":0,"gold_gain":0,"player_choice":"Paid","damage_taken":0,"relics_obtained":["Red Mask"],"max_hp_gain":0,"max_hp_loss":0,"event_name":"Tomb of Lord Red Mask","floor":38,"gold_loss":12},{"damage_healed":0,"gold_gain":0,"player_choice":"Memory 1","damage_taken":0,"max_hp_gain":0,"max_hp_loss":0,"event_name":"SensoryStone","floor":42,"gold_loss":0}],"is_beta":true,"boss_relics":[{"not_picked":["Calling Bell","SlaversCollar"],"picked":"Pandora\u0027s Box"},{"not_picked":["Velvet Choker","Tiny House"],"picked":"KSMOD_StarWand"}],"items_purged_floors":[45],"is_endless":false,"potions_floor_spawned":[5,6,7,13,16,21,27,29,30,31,36,39,41,46],"ascension_level":0}}