{"host":"zxd2l8an9de7z7b9","time":1614099288,"event":{"mods":["100% Spire Juice","2.2 Compatiblity","AchievementEnabler","BaseMod","CapriCore","Colored Map","Colored Powertips","Marisa£¨Ùöéë¡¡Øª×âÞÞ£©","Minty Spire (QoL Compilation)","Rare Cards Sparkle","StSLib","SuperFastMode","Td1madao Mod","everything is the same but u backflip on backflip"],"gold_per_floor":[113,187,197,197,197,210,210,220,220,93,108,8,8,21,21,123,123,143,143,160,177,192,218,218,231,285,304,322,322,336,352,352,453,453,473,473,473,493,493,493,504,524,551,568,578,593,613,628,628,628],"floor_reached":51,"language":"KOR","playtime":1668,"items_purged":["Defend_R","Strike_R"],"score":723,"play_id":"fc79fb49-5628-472c-9519-1ce8bff9d7a4","local_time":"20210224015448","is_ascension_mode":false,"campfire_choices":[{"data":"Bash","floor":7.0,"key":"SMITH"},{"data":"Iron Wave","floor":13.0,"key":"SMITH"},{"data":"Shrug It Off","floor":15.0,"key":"SMITH"},{"data":"Shrug It Off","floor":24.0,"key":"SMITH"},{"data":"Strike_R","floor":29.0,"key":"SMITH"},{"data":"Defend_R","floor":32,"key":"SMITH"},{"floor":40,"key":"REST"},{"floor":49,"key":"REST"}],"circlet_count":0,"master_deck":["Strike_R+1","Strike_R","Strike_R","Strike_R+1","Defend_R+1","Defend_R+1","Iron Wave+1","Perfected Strike+1","Perfected Strike+1","Shrug It Off+1","Pommel Strike+1","Pommel Strike+1","Shrug It Off+1","Body Slam+1","Perfected Strike+1","Shrug It Off+1","Cleave+1","Thunderclap+1","Iron Wave+1","Pommel Strike+1"],"relics":["Burning Blood","NeowsBlessing","Molten Egg 2","Pantograph","Snecko Eye","Question Card","Boot","Fusion Hammer","Kunai","Orichalcum"],"acts_visited":["Exordium","TheCity","TheBeyond"],"potions_floor_usage":[33,33,38,50,50,50],"damage_taken":[{"damage":0.0,"enemies":"Cultist","floor":1.0,"turns":1.0},{"damage":0.0,"enemies":"2 Louse","floor":3.0,"turns":1.0},{"damage":0.0,"enemies":"Small Slimes","floor":6.0,"turns":1.0},{"damage":9.0,"enemies":"Blue Slaver","floor":8.0,"turns":3.0},{"damage":5.0,"enemies":"Looter","floor":11.0,"turns":2.0},{"damage":5.0,"enemies":"Red Slaver","floor":14.0,"turns":2.0},{"damage":61.0,"enemies":"The Guardian","floor":16.0,"turns":10.0},{"damage":0.0,"enemies":"Chosen","floor":18.0,"turns":2.0},{"damage":7.0,"enemies":"2 Thieves","floor":20.0,"turns":3.0},{"damage":0.0,"enemies":"Sentry and Sphere","floor":21.0,"turns":3.0},{"damage":0.0,"enemies":"Centurion and Healer","floor":22.0,"turns":3.0},{"damage":11.0,"enemies":"Book of Stabbing","floor":23.0,"turns":4.0},{"damage":1.0,"enemies":"Snake Plant","floor":25.0,"turns":2.0},{"damage":0.0,"enemies":"Cultist and Chosen","floor":27.0,"turns":4.0},{"damage":9.0,"enemies":"Shelled Parasite and Fungi","floor":28.0,"turns":4.0},{"damage":0.0,"enemies":"Centurion and Healer","floor":30.0,"turns":3.0},{"damage":5,"enemies":"Snake Plant","floor":31,"turns":2},{"damage":16,"enemies":"Champ","floor":33,"turns":6},{"damage":0,"enemies":"3 Shapes","floor":35,"turns":2},{"damage":0,"enemies":"3 Darklings","floor":38,"turns":3},{"damage":5,"enemies":"Jaw Worm Horde","floor":41,"turns":3},{"damage":0,"enemies":"Sphere and 2 Shapes","floor":42,"turns":3},{"damage":0,"enemies":"Transient","floor":44,"turns":5},{"damage":9,"enemies":"Maw","floor":45,"turns":7},{"damage":0,"enemies":"Jaw Worm Horde","floor":46,"turns":2},{"damage":8,"enemies":"4 Shapes","floor":47,"turns":5},{"damage":0,"enemies":"3 Darklings","floor":48,"turns":2},{"damage":43,"enemies":"Awakened One","floor":50,"turns":11}],"seed_played":"8030309907254447916","potions_obtained":[{"floor":6.0,"key":"PowerPotion"},{"floor":11.0,"key":"Dexterity Potion"},{"floor":27.0,"key":"Swift Potion"},{"floor":28.0,"key":"Strength Potion"},{"floor":33,"key":"SmokeBomb"},{"floor":35,"key":"Fire Potion"},{"floor":41,"key":"Regen Potion"},{"floor":45,"key":"Energy Potion"},{"floor":46,"key":"Swift Potion"}],"is_trial":false,"path_per_floor":["M","T","M","?","?","M","R","M","T","$","M","$","R","M","R","B",null,"M","?","M","M","M","E","R","M","T","M","M","R","M","M","R","B",null,"M","?","T","M","?","R","M","M","T","M","M","M","M","M","R","B",null],"character_chosen":"IRONCLAD","items_purchased":["Block Potion"],"campfire_rested":2,"item_purchase_floors":[10],"current_hp_per_floor":[80,80,80,85,68,74,74,71,71,71,72,72,72,73,73,30,85,85,85,84,85,85,80,80,85,85,85,82,82,85,85,85,75,85,85,85,85,85,85,85,85,85,85,85,82,85,83,85,85,48],"gold":628,"neow_bonus":"THREE_ENEMY_KILL","is_daily":false,"chose_seed":false,"campfire_upgraded":6,"win_rate":0.0,"timestamp":1614099288,"path_taken":["M","?","M","?","?","M","R","M","T","$","M","?","R","M","R","BOSS","M","?","M","M","?","E","R","M","T","M","M","R","M","M","R","BOSS","M","?","?","M","?","R","M","M","T","M","M","?","M","M","R","BOSS"],"items_purchased_type":["Potion"],"build_version":"2020-12-22","purchased_purges":2,"victory":true,"max_hp_per_floor":[80,80,80,85,85,85,85,85,85,85,85,85,85,85,85,85,85,85,85,85,85,85,85,85,85,85,85,85,85,85,85,85,85,85,85,85,85,85,85,85,85,85,85,85,85,85,85,85,85,85],"card_choices":[{"not_picked":["Pommel Strike","Burning Pact"],"picked":"Iron Wave","floor":1.0},{"not_picked":["Iron Wave+1","Intimidate"],"picked":"Perfected Strike+1","floor":3.0},{"not_picked":["Shockwave","Armaments"],"picked":"Perfected Strike+1","floor":6.0},{"not_picked":["Armaments","Second Wind"],"picked":"Shrug It Off","floor":8.0},{"not_picked":["Anger+1","Warcry"],"picked":"Pommel Strike+1","floor":11.0},{"not_picked":["True Grit","Ghostly Armor"],"picked":"Pommel Strike+1","floor":14.0},{"not_picked":["Havoc","Sword Boomerang+1","Wild Strike+1"],"picked":"SKIP","floor":18.0},{"not_picked":["Battle Trance","Demon Form","Hemokinesis+1"],"picked":"SKIP","floor":20.0},{"not_picked":["Clothesline+1","Bloodletting+1"],"picked":"Body Slam+1","floor":21.0},{"not_picked":["Evolve","Sword Boomerang+1","Bloodletting"],"picked":"SKIP","floor":22.0},{"not_picked":["Havoc","Clash+1","Feel No Pain"],"picked":"SKIP","floor":23.0},{"not_picked":["True Grit","Reckless Charge+1","Uppercut+1","Wild Strike+1"],"picked":"SKIP","floor":25.0},{"not_picked":["True Grit","Reckless Charge+1","Uppercut+1","Wild Strike+1"],"picked":"SKIP","floor":25.0},{"not_picked":["Cleave+1","Flex","Shrug It Off+1"],"picked":"Perfected Strike+1","floor":27.0},{"not_picked":["Headbutt+1","Metallicize","Barricade"],"picked":"Shrug It Off+1","floor":28.0},{"not_picked":["Seeing Red+1","Uppercut+1","Clash+1","Wild Strike+1"],"picked":"SKIP","floor":30.0},{"not_picked":["Carnage+1","Wild Strike+1","Shrug It Off"],"picked":"Cleave+1","floor":31},{"not_picked":["Flex+1","Body Slam+1","Dropkick+1","Sword Boomerang+1"],"picked":"SKIP","floor":35},{"not_picked":["Cleave+1","Whirlwind+1","Reckless Charge+1","Heavy Blade+1"],"picked":"SKIP","floor":38},{"not_picked":["Clash+1","Body Slam+1","Burning Pact"],"picked":"Thunderclap+1","floor":41},{"not_picked":["Flex+1","Sever Soul+1","Clash+1","Bloodletting"],"picked":"SKIP","floor":42},{"not_picked":["Cleave+1","Warcry+1","Evolve"],"picked":"Iron Wave+1","floor":44},{"not_picked":["Cleave+1","Intimidate+1","Limit Break","Headbutt+1"],"picked":"SKIP","floor":45},{"not_picked":["Cleave+1","Intimidate+1","Limit Break","Headbutt+1"],"picked":"SKIP","floor":45},{"not_picked":["Flame Barrier+1","Wild Strike+1","Cleave+1","Bloodletting"],"picked":"SKIP","floor":46},{"not_picked":["Sword Boomerang+1","Flex","Headbutt+1"],"picked":"Pommel Strike+1","floor":47},{"not_picked":["Heavy Blade+1","Armaments+1","Cleave+1","Corruption"],"picked":"SKIP","floor":48},{"not_picked":["Heavy Blade+1","Armaments+1","Cleave+1","Corruption"],"picked":"SKIP","floor":48}],"player_experience":465780,"relics_obtained":[{"floor":2.0,"key":"Molten Egg 2"},{"floor":9.0,"key":"Pantograph"},{"floor":23.0,"key":"Question Card"},{"floor":26.0,"key":"Boot"},{"floor":37,"key":"Kunai"},{"floor":43,"key":"Orichalcum"}],"event_choices":[{"damage_healed":0.0,"max_hp_gain":5.0,"max_hp_loss":0.0,"gold_gain":0.0,"event_name":"Big Fish","player_choice":"Donut","floor":4.0,"gold_loss":0.0,"damage_taken":0.0},{"damage_healed":0.0,"max_hp_gain":0.0,"max_hp_loss":0.0,"gold_gain":0.0,"event_name":"Shining Light","player_choice":"Entered Light","floor":5.0,"gold_loss":0.0,"damage_taken":17.0,"cards_upgraded":["Strike_R","Defend_R"]},{"damage_healed":0.0,"max_hp_gain":0.0,"max_hp_loss":0.0,"gold_gain":0.0,"event_name":"Match and Keep!","player_choice":"1 cards matched","floor":19.0,"gold_loss":0.0,"damage_taken":0.0,"cards_obtained":["Shrug It Off"]},{"cards_removed":["Bash"],"damage_healed":0,"gold_gain":0,"player_choice":"Removed Attack","damage_taken":0,"max_hp_gain":0,"max_hp_loss":0,"event_name":"Falling","floor":36,"gold_loss":0},{"cards_removed":["Defend_R"],"damage_healed":0,"gold_gain":0,"player_choice":"Purged","damage_taken":0,"max_hp_gain":0,"max_hp_loss":0,"event_name":"Purifier","floor":39,"gold_loss":0}],"is_beta":false,"boss_relics":[{"not_picked":["Astrolabe","Runic Dome"],"picked":"Snecko Eye"},{"not_picked":["Tiny House","Coffee Dripper"],"picked":"Fusion Hammer"}],"items_purged_floors":[10,12],"is_endless":false,"potions_floor_spawned":[6,11,16,22,27,28,30,31,33,35,41,45,46],"ascension_level":0}}