{"host":"insagfzijja1377g","time":1614103065,"event":{"mods":["BaseMod","Bestiary","Highlight Path","Minty Spire (QoL Compilation)","Relic Stats","Slay the Relics Exporter"],"gold_per_floor":[366,316,329,329,329,329,349,379,451,11,11,41,41,91,91,220,220,249,283,110,144,144,182,209,209,281,281,316,336,17,58,58,172,199,222,222,5,32,91,132,132,150,225,243,243,277,277,312,312,312,312,312,56,95,95,95],"floor_reached":55,"language":"ENG","playtime":2709,"items_purged":["Strike_P","Defend_P","Strike_P"],"score":1131,"play_id":"f54e78b4-0ba6-4678-bb97-ba615cbb1504","local_time":"20210223115745","is_ascension_mode":true,"campfire_choices":[{"data":"Tantrum","floor":6.0,"key":"SMITH"},{"data":"EmptyFist","floor":13.0,"key":"SMITH"},{"data":"CutThroughFate","floor":15.0,"key":"SMITH"},{"data":"TalkToTheHand","floor":25.0,"key":"SMITH"},{"data":"Ragnarok","floor":27.0,"key":"SMITH"},{"data":"WreathOfFlame","floor":32.0,"key":"SMITH"},{"floor":41,"key":"RECALL"},{"data":"Wireheading","floor":45,"key":"SMITH"},{"data":"1","floor":49,"key":"LIFT"},{"data":"2","floor":52,"key":"LIFT"}],"circlet_count":0,"master_deck":["Eruption","Tantrum+1","DeceiveReality","Swivel","CutThroughFate+1","EmptyFist+1","BowlingBash","ClearTheMind","TalkToTheHand+1","Ragnarok+1","FlurryOfBlows+1","Prostrate+1","Prostrate","FlurryOfBlows","Sanctity","CutThroughFate","CrushJoints+1","Meditate","FollowUp","WreathOfFlame+1","Establishment","BowlingBash+1","Devotion+1","InnerPeace+1","SandsOfTime+1","Wireheading+1","CutThroughFate","Weave+1","Wallop+1","Madness","Madness","Worship+1","Meditate+1","LikeWater+1","Wallop","TalkToTheHand","Wallop"],"relics":["PureWater","Toy Ornithopter","Question Card","Tiny Chest","CeramicFish","Bloody Idol","Smiling Mask","SlaversCollar","Shuriken","Bottled Lightning","Nunchaku","InkBottle","Ancient Tea Set","Astrolabe","PreservedInsect","Pocketwatch","Juzu Bracelet","Kunai","Girya","Frozen Egg 2","MealTicket","Blood Vial"],"acts_visited":["Exordium","TheCity","TheBeyond","TheEnding"],"potions_floor_usage":[39,50,54,55,55],"damage_taken":[{"damage":14.0,"enemies":"Jaw Worm","floor":1.0,"turns":6.0},{"damage":0.0,"enemies":"2 Louse","floor":3.0,"turns":1.0},{"damage":0.0,"enemies":"Small Slimes","floor":7.0,"turns":2.0},{"damage":5.0,"enemies":"3 Sentries","floor":8.0,"turns":5.0},{"damage":0.0,"enemies":"Lagavulin","floor":14.0,"turns":3.0},{"damage":0.0,"enemies":"Slime Boss","floor":16.0,"turns":4.0},{"damage":0.0,"enemies":"Spheric Guardian","floor":18.0,"turns":2.0},{"damage":4.0,"enemies":"Shell Parasite","floor":19.0,"turns":2.0},{"damage":3.0,"enemies":"Snecko","floor":21.0,"turns":4.0},{"damage":10.0,"enemies":"Book of Stabbing","floor":23.0,"turns":2.0},{"damage":10.0,"enemies":"Slavers","floor":28.0,"turns":3.0},{"damage":6.0,"enemies":"Shelled Parasite and Fungi","floor":29.0,"turns":3.0},{"damage":2.0,"enemies":"Gremlin Leader","floor":31.0,"turns":2.0},{"damage":4.0,"enemies":"Champ","floor":33.0,"turns":4.0},{"damage":2.0,"enemies":"3 Darklings","floor":35.0,"turns":4.0},{"damage":21,"enemies":"Orb Walker","floor":38,"turns":3},{"damage":8,"enemies":"Mind Bloom Boss Battle","floor":39,"turns":3},{"damage":38,"enemies":"Nemesis","floor":40,"turns":5},{"damage":0,"enemies":"3 Darklings","floor":44,"turns":2},{"damage":0,"enemies":"Reptomancer","floor":46,"turns":2},{"damage":28,"enemies":"Nemesis","floor":48,"turns":3},{"damage":14,"enemies":"Time Eater","floor":50,"turns":6},{"damage":70,"enemies":"Shield and Spear","floor":54,"turns":5},{"damage":76,"enemies":"The Heart","floor":55,"turns":2}],"seed_played":"2629575871958053709","potions_obtained":[{"floor":7.0,"key":"AttackPotion"},{"floor":8.0,"key":"Strength Potion"},{"floor":21.0,"key":"DistilledChaos"},{"floor":31.0,"key":"BottledMiracle"},{"floor":40,"key":"SkillPotion"},{"floor":44,"key":"Dexterity Potion"}],"is_trial":false,"path_per_floor":["M","?","M","?","?","R","M","E","T","$","?","?","R","E","R","B",null,"M","M","$","M","?","E","T","R","T","R","E","M","$","E","R","B",null,"M","?","$","M","?","E","R","?","T","M","R","E","T","E","R","B",null,"R","$","E","B"],"character_chosen":"WATCHER","items_purchased":["Tiny Chest","CeramicFish","BowlingBash","ClearTheMind","Fire Potion","Energy Potion","Prostrate","FlurryOfBlows","InkBottle","FollowUp","Wireheading","PreservedInsect","LikeWater+1","Wallop","TalkToTheHand","Block Potion"],"campfire_rested":0,"item_purchase_floors":[10,10,10,10,10,20,20,20,30,30,37,37,53,53,53,53],"current_hp_per_floor":[58,58,58,58,51,51,51,46,46,46,28,28,28,28,28,33,62,67,63,63,60,60,65,70,70,72,72,72,72,72,72,72,72,72,72,72,72,61,68,40,40,41,46,51,51,61,61,43,43,34,63,63,72,17,0,0],"gold":95,"neow_bonus":"TWO_FIFTY_GOLD","is_daily":false,"chose_seed":false,"campfire_upgraded":7,"win_rate":0.0,"timestamp":1614103065,"path_taken":["M","?","M","?","?","R","M","E","T","$","?","?","R","E","R","BOSS","M","M","$","M","?","E","?","R","T","R","E","M","$","E","R","BOSS","M","?","$","M","?","E","R","?","T","M","R","E","?","E","R","BOSS","R","$","E","BOSS"],"items_purchased_type":["Relic","Relic","Card","Card","Potion","Potion","Card","Card","Relic","Card","Card","Relic","Card","Card","Card","Potion"],"build_version":"2020-12-22","purchased_purges":3,"victory":false,"max_hp_per_floor":[72,72,72,72,72,72,72,72,72,72,72,72,72,72,72,72,72,72,72,72,72,72,72,72,72,72,72,72,72,72,72,72,72,72,72,72,72,72,72,72,72,72,72,72,72,72,72,72,72,72,72,72,72,72,72,72],"relic_stats":{"counters":[24,78],"CeramicFish":279,"Astrolabe":["BowlingBash","Devotion","InnerPeace"],"PreservedInsect":222,"Juzu Bracelet":0,"Question Card":18,"Smiling Mask":150,"Blood Vial":2,"Nunchaku":[16],"Shuriken":[47],"Bloody Idol":121,"Tiny Chest":2,"MealTicket":9,"Kunai":[20],"obtain_stats":[{"Girya":46,"Golden Idol":11,"CeramicFish":10,"Astrolabe":34,"PreservedInsect":37,"Juzu Bracelet":40,"Frozen Egg 2":47,"Question Card":9,"Smiling Mask":14,"Ancient Tea Set":31,"Blood Vial":54,"SlaversCollar":17,"Nunchaku":28,"Shuriken":23,"Bloody Idol":22,"Tiny Chest":10,"MealTicket":48,"Bottled Lightning":26,"Kunai":43,"PureWater":0,"Toy Ornithopter":8,"InkBottle":30,"Pocketwatch":39},{"Girya":20,"Golden Idol":4,"CeramicFish":4,"Astrolabe":14,"PreservedInsect":15,"Juzu Bracelet":18,"Frozen Egg 2":20,"Question Card":4,"Smiling Mask":5,"Ancient Tea Set":13,"Blood Vial":23,"SlaversCollar":6,"Nunchaku":11,"Shuriken":10,"Bloody Idol":9,"Tiny Chest":4,"MealTicket":21,"Bottled Lightning":10,"Kunai":18,"PureWater":0,"Toy Ornithopter":4,"InkBottle":12,"Pocketwatch":17},{"Girya":62,"Golden Idol":14,"CeramicFish":14,"Astrolabe":43,"PreservedInsect":47,"Juzu Bracelet":58,"Frozen Egg 2":62,"Question Card":14,"Smiling Mask":17,"Ancient Tea Set":39,"Blood Vial":76,"SlaversCollar":21,"Nunchaku":34,"Shuriken":31,"Bloody Idol":29,"Tiny Chest":14,"MealTicket":65,"Bottled Lightning":31,"Kunai":58,"PureWater":0,"Toy Ornithopter":14,"InkBottle":37,"Pocketwatch":53}],"Toy Ornithopter":40,"InkBottle":[25],"Pocketwatch":[0]},"card_choices":[{"not_picked":["CutThroughFate","Wireheading"],"picked":"Tantrum","floor":1.0},{"not_picked":["SignatureMove","ThirdEye"],"picked":"DeceiveReality","floor":3.0},{"not_picked":["ClearTheMind","Protect"],"picked":"CutThroughFate","floor":7.0},{"not_picked":["Pray","SandsOfTime"],"picked":"EmptyFist","floor":8.0},{"not_picked":["SandsOfTime","ForeignInfluence","Nirvana"],"picked":"TalkToTheHand","floor":14.0},{"not_picked":["SpiritShield","MasterReality","Alpha"],"picked":"Ragnarok","floor":16.0},{"not_picked":["CarveReality","DeceiveReality","SashWhip"],"picked":"FlurryOfBlows+1","floor":18.0},{"not_picked":["FlyingSleeves","ClearTheMind+1","Crescendo"],"picked":"Prostrate+1","floor":19.0},{"not_picked":["PathToVictory","Weave","FlurryOfBlows"],"picked":"Sanctity","floor":21.0},{"not_picked":["FlurryOfBlows","FollowUp","Perseverance"],"picked":"CutThroughFate","floor":23.0},{"not_picked":["JustLucky","DevaForm","BowlingBash+1"],"picked":"CrushJoints+1","floor":28.0},{"not_picked":["EmptyBody","EmptyFist+1","Worship"],"picked":"Meditate","floor":29.0},{"not_picked":["Consecrate","Study","EmptyBody"],"picked":"WreathOfFlame","floor":31.0},{"not_picked":["Scrawl","Alpha","ConjureBlade"],"picked":"Establishment","floor":33.0},{"not_picked":["JustLucky","Prostrate+1","Halt"],"picked":"SandsOfTime+1","floor":35.0},{"not_picked":["FlyingSleeves","EmptyFist","Swivel"],"picked":"CutThroughFate","floor":38},{"not_picked":["PathToVictory+1","Study+1","CrushJoints"],"picked":"Weave+1","floor":39},{"not_picked":["PathToVictory+1","EmptyBody","Protect"],"picked":"Wallop+1","floor":40},{"not_picked":["FollowUp+1","ClearTheMind","Weave","EmptyBody"],"picked":"SKIP","floor":44},{"not_picked":["PathToVictory+1","LessonLearned","FearNoEvil"],"picked":"Worship+1","floor":46},{"not_picked":["Worship+1","InnerPeace","Perseverance"],"picked":"Meditate+1","floor":48},{"not_picked":["Pray+1","CarveReality","EmptyBody"],"picked":"Wallop","floor":54}],"player_experience":2206520,"relics_obtained":[{"floor":8.0,"key":"Toy Ornithopter"},{"floor":9.0,"key":"Question Card"},{"floor":14.0,"key":"Smiling Mask"},{"floor":23.0,"key":"Shuriken"},{"floor":26.0,"key":"Bottled Lightning"},{"floor":28.0,"key":"Nunchaku"},{"floor":31.0,"key":"Ancient Tea Set"},{"floor":39,"key":"Pocketwatch"},{"floor":40,"key":"Juzu Bracelet"},{"floor":43,"key":"Kunai"},{"floor":46,"key":"Girya"},{"floor":47,"key":"Frozen Egg 2"},{"floor":48,"key":"MealTicket"},{"floor":54,"key":"Blood Vial"}],"event_choices":[{"cards_removed":["Pain"],"damage_healed":0.0,"max_hp_gain":0.0,"max_hp_loss":0.0,"gold_gain":0.0,"event_name":"The Cleric","player_choice":"Card Removal","floor":2.0,"gold_loss":50.0,"damage_taken":0.0},{"damage_healed":0.0,"max_hp_gain":0.0,"max_hp_loss":0.0,"gold_gain":0.0,"cards_transformed":["Defend_P"],"event_name":"Living Wall","player_choice":"Change","floor":4.0,"gold_loss":0.0,"damage_taken":0.0,"cards_obtained":["Swivel"]},{"cards_removed":["Defend_P"],"damage_healed":0.0,"max_hp_gain":0.0,"max_hp_loss":0.0,"gold_gain":0.0,"event_name":"Golden Wing","player_choice":"Card Removal","floor":5.0,"gold_loss":0.0,"damage_taken":7.0},{"damage_healed":0.0,"max_hp_gain":0.0,"max_hp_loss":0.0,"gold_gain":0.0,"event_name":"Golden Idol","player_choice":"Take Damage","floor":11.0,"gold_loss":0.0,"damage_taken":18.0,"relics_obtained":["Golden Idol"]},{"damage_healed":0.0,"max_hp_gain":0.0,"max_hp_loss":0.0,"gold_gain":30.0,"event_name":"Dead Adventurer","player_choice":"Searched \u00272\u0027 times","floor":12.0,"gold_loss":0.0,"damage_taken":0.0},{"damage_healed":0.0,"max_hp_gain":0.0,"max_hp_loss":0.0,"gold_gain":0.0,"event_name":"Forgotten Altar","player_choice":"Gave Idol","floor":22.0,"relics_lost":["Golden Idol"],"gold_loss":0.0,"damage_taken":0.0,"relics_obtained":["Bloody Idol"]},{"cards_removed":["Vigilance"],"damage_healed":0.0,"max_hp_gain":0.0,"max_hp_loss":0.0,"gold_gain":0.0,"event_name":"Falling","player_choice":"Removed Skill","floor":36.0,"gold_loss":0.0,"damage_taken":0.0},{"damage_healed":0,"gold_gain":0,"player_choice":"Fight","damage_taken":0,"max_hp_gain":0,"max_hp_loss":0,"event_name":"MindBloom","floor":39,"gold_loss":0},{"damage_healed":0,"gold_gain":0,"player_choice":"Embrace Madness","damage_taken":9,"max_hp_gain":0,"max_hp_loss":0,"event_name":"Winding Halls","floor":42,"gold_loss":0,"cards_obtained":["Madness","Madness"]}],"is_beta":false,"boss_relics":[{"not_picked":["Busted Crown","Cursed Key"],"picked":"SlaversCollar"},{"not_picked":["Velvet Choker","Tiny House"],"picked":"Astrolabe"}],"items_purged_floors":[20,30,53],"is_endless":false,"potions_floor_spawned":[7,8,21,31,40,44],"killed_by":"The Heart","ascension_level":5}}