{"host":"oehe2dxjvdgux73m","time":1614102475,"event":{"mods":["AchievementEnabler","BaseMod","Colored Map","Colored Powertips","DeckTracker","Keyboard Shortcuts","Minty Spire (QoL Compilation)","Permanent Neow","Quick Restart","StSLib","SuperFastMode"],"gold_per_floor":[119,44,44,59,70,70,86,86,86,86,86],"floor_reached":10,"language":"KOR","playtime":182,"items_purged":["Strike_G"],"score":116,"play_id":"b2bcf86f-867d-40a8-9450-57beca6617b0","local_time":"20210224024755","is_ascension_mode":true,"campfire_choices":[{"data":"A Thousand Cuts","floor":6.0,"key":"SMITH"},{"data":"Blade Dance","floor":8,"key":"SMITH"}],"circlet_count":0,"master_deck":["AscendersBane","Strike_G","Strike_G","Strike_G","Strike_G","Defend_G","Defend_G","Defend_G","Defend_G","Defend_G","Survivor","Neutralize","A Thousand Cuts+1","Blade Dance+1","Backflip","All Out Attack"],"relics":["Ring of the Snake","Ginger","HornCleat"],"acts_visited":["Exordium"],"potions_floor_usage":[],"damage_taken":[{"damage":0.0,"enemies":"Cultist","floor":1.0,"turns":4.0},{"damage":6.0,"enemies":"Small Slimes","floor":4.0,"turns":4.0},{"damage":1.0,"enemies":"Jaw Worm","floor":5.0,"turns":3.0},{"damage":9,"enemies":"Large Slime","floor":7,"turns":4},{"damage":32,"enemies":"Gremlin Nob","floor":10,"turns":3}],"seed_played":"-5900094926694777746","potions_obtained":[{"floor":4.0,"key":"SteroidPotion"}],"is_trial":false,"path_per_floor":["M","$","T","M","M","R","M","R","T","E"],"character_chosen":"THE_SILENT","items_purchased":[],"campfire_rested":0,"item_purchase_floors":[],"current_hp_per_floor":[44,44,44,38,37,37,28,28,28,0,0],"gold":86,"neow_bonus":"THREE_RARE_CARDS","is_daily":false,"chose_seed":false,"campfire_upgraded":2,"win_rate":0.0,"timestamp":1614102475,"path_taken":["M","$","?","M","M","R","M","R","T","E"],"items_purchased_type":[],"build_version":"2020-12-22","purchased_purges":1,"victory":false,"max_hp_per_floor":[66,66,66,66,66,66,66,66,66,66,66],"card_choices":[{"not_picked":["Storm of Steel","Phantasmal Killer"],"picked":"A Thousand Cuts","floor":0.0},{"not_picked":["Underhanded Strike","Bane"],"picked":"Blade Dance","floor":1.0},{"not_picked":["Tools of the Trade","Deadly Poison","Flying Knee"],"picked":"SKIP","floor":4.0},{"not_picked":["Skewer","Underhanded Strike"],"picked":"Backflip","floor":5.0},{"not_picked":["Quick Slash","Dagger Throw"],"picked":"All Out Attack","floor":7}],"player_experience":502762,"relics_obtained":[{"floor":3.0,"key":"Ginger"},{"floor":9,"key":"HornCleat"}],"event_choices":[],"is_beta":false,"boss_relics":[],"items_purged_floors":[2],"is_endless":false,"potions_floor_spawned":[4],"killed_by":"Gremlin Nob","ascension_level":20}}