{"host":"e0rtortnmozl44qq","time":1614092954,"event":{"mods":["AchievementEnabler","Act Like it!","BaseMod","Colored Map","Highlight Path","Marisa????????","Minty Spire (QoL Compilation)","Permanent Neow","StSLib","SuperFastMode"],"gold_per_floor":[113,124,139,150,161,186,186,111,136,136,171,183,195,227,239,251,251],"floor_reached":16,"language":"ENG","playtime":527,"items_purged":["Strike_R"],"score":151,"play_id":"6cedd228-f5f2-47a4-a55c-296665b4cf47","local_time":"20210223160914","is_ascension_mode":true,"campfire_choices":[{"data":"Double Tap","floor":7.0,"key":"SMITH"},{"data":"Bash","floor":10.0,"key":"SMITH"},{"data":"Defend_R","floor":13.0,"key":"SMITH"},{"data":"Defend_R","floor":15.0,"key":"SMITH"}],"circlet_count":0,"master_deck":["Strike_R","Strike_R","Strike_R","Strike_R","Defend_R","Defend_R","Defend_R+1","Defend_R+1","Bash+1","Double Tap+1"],"relics":["Burning Blood","HornCleat","Blood Vial","MawBank"],"acts_visited":["Exordium"],"potions_floor_usage":[],"damage_taken":[{"damage":1.0,"enemies":"Cultist","floor":1.0,"turns":3.0},{"damage":16.0,"enemies":"Jaw Worm","floor":2.0,"turns":5.0},{"damage":4.0,"enemies":"Small Slimes","floor":3.0,"turns":4.0},{"damage":6.0,"enemies":"2 Fungi Beasts","floor":4.0,"turns":4.0},{"damage":0.0,"enemies":"Large Slime","floor":5.0,"turns":6.0},{"damage":56.0,"enemies":"Lagavulin","floor":6.0,"turns":7.0},{"damage":20.0,"enemies":"Gremlin Nob","floor":11.0,"turns":4.0},{"damage":14.0,"enemies":"Looter","floor":14.0,"turns":4.0},{"damage":38,"enemies":"Slime Boss","floor":16,"turns":3}],"seed_played":"9089815096832411618","potions_obtained":[{"floor":1.0,"key":"Energy Potion"},{"floor":2.0,"key":"Regen Potion"},{"floor":14.0,"key":"Fruit Juice"}],"is_trial":false,"path_per_floor":["M","M","M","M","M","E","R","$","T","R","E","?","R","M","R","B"],"character_chosen":"IRONCLAD","items_purchased":[],"campfire_rested":0,"item_purchase_floors":[],"current_hp_per_floor":[77,67,69,69,75,39,39,39,39,39,27,32,32,31,31,0,0],"gold":251,"neow_bonus":"ONE_RANDOM_RARE_CARD","is_daily":false,"chose_seed":false,"campfire_upgraded":4,"win_rate":0.0,"timestamp":1614092954,"path_taken":["M","M","?","M","?","E","R","?","T","R","E","?","R","M","R","BOSS"],"items_purchased_type":[],"build_version":"2020-12-22","purchased_purges":1,"victory":false,"max_hp_per_floor":[80,80,80,80,80,80,80,80,80,80,80,85,85,90,90,90,90],"card_choices":[{"not_picked":["Heavy Blade","Sever Soul","Sword Boomerang"],"picked":"SKIP","floor":1.0},{"not_picked":["Armaments","Iron Wave","Reckless Charge"],"picked":"SKIP","floor":2.0},{"not_picked":["Flame Barrier","Pommel Strike","True Grit"],"picked":"SKIP","floor":3.0},{"not_picked":["Sever Soul","Thunderclap","Whirlwind"],"picked":"SKIP","floor":4.0},{"not_picked":["Shockwave","Havoc","Thunderclap"],"picked":"SKIP","floor":5.0},{"not_picked":["Clothesline","Clash","Shockwave"],"picked":"SKIP","floor":6.0},{"not_picked":["Feed","Carnage","Burning Pact"],"picked":"SKIP","floor":11.0},{"not_picked":["Anger","Flame Barrier","Rage"],"picked":"SKIP","floor":14.0}],"player_experience":85953,"relics_obtained":[{"floor":6.0,"key":"HornCleat"},{"floor":9.0,"key":"Blood Vial"},{"floor":11.0,"key":"MawBank"}],"event_choices":[{"damage_healed":0.0,"max_hp_gain":5.0,"max_hp_loss":0.0,"gold_gain":0.0,"event_name":"Big Fish","player_choice":"Donut","floor":12.0,"gold_loss":0.0,"damage_taken":0.0}],"is_beta":false,"boss_relics":[],"items_purged_floors":[8],"is_endless":false,"potions_floor_spawned":[1,2,14],"killed_by":"Slime Boss","ascension_level":7}}