{"host":"d73an99q9oevilk5","time":1614075212,"event":{"mods":["2.2 Compatiblity","AchievementEnabler","Act Like it!","Aspiration","BaseMod","Beaked The Cultist","Better Third Choice","BetterRewards","Colored Map","Colored Powertips","Conspire","Downfall","GifTheSpireLib","Halation","Hubris","Infinite Spire","Marisa????????","Mimic Mod","Minty Spire (QoL Compilation)","MostiFishMod","Quick Restart","Relic Sorter","Reliquary","Replay The Spire","Shop Mod","Spikes Relics","StSLib","Stuff the Spire","The Cursed","The Jungle","The Necromancer","The Saiyan","Waifu the Spire","egg","slay the spire mod where everything is the same but ironclad has a cowboy hat"],"gold_per_floor":[114,66,141,153,9,29,60,60,60,60,74,106,106,125,125,230,230,247,209,209,209,227,258,276,293,293,308,308,327,361,206,206,311,311,322,342,342,342,362,362,381,381,404,416,434,489,524,524,524,525],"floor_reached":51,"language":"ENG","playtime":2107,"items_purged":["StuffTheSpire:BumpUp"],"score":879,"play_id":"e2d5d612-c187-4477-bb3f-09c52dabdb08","local_time":"20210223031332","is_ascension_mode":false,"campfire_choices":[{"data":"beaked:Evade","floor":8,"key":"SMITH"},{"data":"MostiFishMod:KingOfFree","floor":15,"key":"SMITH"},{"data":"beaked:Brace","floor":42,"key":"SMITH"},{"floor":49,"key":"DIG"}],"circlet_count":0,"master_deck":["beaked:Strike_Y+1","beaked:Strike_Y+1","beaked:Strike_Y+1","beaked:Strike_Y+1","beaked:Strike_Y+1","beaked:Defend_Y+1","beaked:Defend_Y+1","beaked:Defend_Y+1","beaked:Defend_Y+1","beaked:Ceremony+1","beaked:Ceremony+1","beaked:Ceremony+1","MostiFishMod:KingOfFree+1","beaked:WarriorEssence+1","beaked:Evade+1","Flying Knee+1","infinitespire:Fortify+1","beaked:KnowThyFoe+1","beaked:BloodRitual+1","StuffTheSpire:Brawn+1","beaked:CrazyRituals+1","beaked:CrazyRituals+1","beaked:StickSmack+1","beaked:HuntressSpirit+1","beaked:Foresight+1","beaked:Brace+1","beaked:AwakenedForm+1","beaked:Caw+1","beaked:Foresight+1","beaked:Foresight+1","beaked:Insight+1"],"relics":["beaked:MendingPlumage","DaveBox","DSteel32","halation:Jellyphish","StuffTheSpire:GrapeVine","SynthV:TestCard","Membership Card","reliquary:Spinner","aspiration:HummingbirdHeart","DianDianMeat","hubris:Towel","hubris:Backtick","hubris:IronBody","aspiration:EmptySkull","Dead Branch","Chameleon Ring","reliquary:GummyVitamins","Durian","Prayer Wheel","Replay:Bottled Eggs","infinitespire:Lucky Rock","Toxic Egg 2","Juzu Bracelet","Replay:Kaleidoscope"],"acts_visited":["Exordium","TheCity","TheBeyond"],"potions_floor_usage":[7,23,30,32,44,47,47,47,50,50,50],"damage_taken":[{"damage":20,"enemies":"Jaw Worm","floor":1,"turns":4},{"damage":4,"enemies":"conspire:RoseBush","floor":4,"turns":3},{"damage":0,"enemies":"2 Louse","floor":6,"turns":4},{"damage":1,"enemies":"3 Sentries","floor":7,"turns":4},{"damage":4,"enemies":"Looter","floor":11,"turns":3},{"damage":9,"enemies":"Lagavulin","floor":12,"turns":6},{"damage":10,"enemies":"Large Slime","floor":14,"turns":5},{"damage":55,"enemies":"The Guardian","floor":16,"turns":11},{"damage":0,"enemies":"3 Byrds","floor":18,"turns":5},{"damage":23,"enemies":"Shell Parasite","floor":22,"turns":5},{"damage":25,"enemies":"conspire:Head Lice","floor":23,"turns":7},{"damage":33,"enemies":"Centurion and Healer","floor":24,"turns":6},{"damage":7,"enemies":"Shelled Parasite and Fungi","floor":25,"turns":5},{"damage":15,"enemies":"Snecko","floor":27,"turns":6},{"damage":12,"enemies":"Centurion and Healer","floor":29,"turns":4},{"damage":51,"enemies":"Gremlin Leader","floor":30,"turns":5},{"damage":13,"enemies":"Collector","floor":33,"turns":6},{"damage":48,"enemies":"3 Darklings","floor":35,"turns":4},{"damage":28,"enemies":"3 Shapes","floor":36,"turns":4},{"damage":0,"enemies":"Spire Growth","floor":39,"turns":4},{"damage":36,"enemies":"4 Shapes","floor":41,"turns":5},{"damage":27,"enemies":"Transient","floor":44,"turns":5},{"damage":3,"enemies":"3 Darklings","floor":45,"turns":3},{"damage":12,"enemies":"Nemesis","floor":47,"turns":7},{"damage":34,"enemies":"Replay:Hell Engine","floor":50,"turns":7}],"seed_played":"5893183107179400485","potions_obtained":[{"floor":4,"key":"PowerPotion"},{"floor":6,"key":"DuplicationPotion"},{"floor":11,"key":"FearPotion"},{"floor":16,"key":"Strength Potion"},{"floor":23,"key":"hexamod:SoulburnPotion"},{"floor":30,"key":"champ:CounterPotion"},{"floor":32,"key":"Fruit Juice"},{"floor":32,"key":"EssenceOfSteel"},{"floor":47,"key":"Explosive Potion"}],"is_trial":false,"path_per_floor":["M","$","?","M","$","M","E","R","T","?","M","E","?","M","R","B",null,"M","$","?","?","M","E","M","M","T","M","?","M","E","$","R","B",null,"M","M","?","AVR","M","E","M","R","T","M","M","?","E","?","R_BF","B",null],"character_chosen":"BEAKED_THE_CULTIST","items_purchased":["halation:Jellyphish","StuffTheSpire:GrapeVine","MostiFishMod:KingOfFree","Strength Potion","Membership Card","Durian"],"campfire_rested":0,"item_purchase_floors":[0,0,0,2,5,31],"current_hp_per_floor":[36,36,25,30,30,42,50,50,50,37,44,48,48,48,48,22,53,56,56,45,45,52,66,68,86,86,95,95,99,88,93,100,127,140,107,107,107,107,134,134,152,152,152,154,167,182,185,185,185,184],"gold":525,"neow_bonus":"","is_daily":false,"chose_seed":false,"campfire_upgraded":3,"win_rate":0.0,"timestamp":1614075212,"path_taken":["M","$","?","M","$","M","E","R","T","?","M","E","?","M","R","BOSS","M","$","?","?","M","E","?","M","T","M","?","M","E","$","R","BOSS","M","M","?","AVR","M","E","M","R","T","M","M","?","E","?","R_BF","BOSS"],"items_purchased_type":["Relic","Relic","Card","Potion","Relic","Relic"],"build_version":"2020-12-22","purchased_purges":1,"victory":true,"max_hp_per_floor":[50,50,50,50,50,50,50,50,50,50,50,50,50,51,51,53,53,56,56,60,60,65,71,78,86,86,95,95,105,116,121,128,140,140,140,140,140,140,140,140,167,167,167,167,167,182,185,185,185,185],"card_choices":[{"not_picked":["beaked:TuckingFeathers","beaked:CursingBlood"],"picked":"beaked:WarriorEssence","floor":1},{"not_picked":["beaked:Daydream","beaked:Struggle","beaked:SacrificialAttack","beaked:DarkPact"],"picked":"beaked:Evade","floor":4},{"not_picked":["hubris:TrickCloak","StuffTheSpire:Injection","StuffTheSpire:Python","Sneak Up"],"picked":"Flying Knee","floor":6},{"not_picked":["StuffTheSpire:BumpUp","Prepared","beaked:MimicHuntress","MostiFishMod:PerfectParry","InfectiousVector"],"picked":"SKIP","floor":7},{"not_picked":["infinitespire:Execution","infinitespire:Punishment"],"picked":"infinitespire:Fortify","floor":10},{"not_picked":["hubris:SlightOfHand","Sucker Punch","beaked:TuckingFeathers","beaked:SurvivalInstinct","beaked:Overexert"],"picked":"SKIP","floor":11},{"not_picked":["Crippling Poison","Underhanded Strike","hubris:SlightOfHand","beaked:Windmill","beaked:BarbedWire"],"picked":"SKIP","floor":12},{"not_picked":["beaked:Windmill","Flying Knee","beaked:BraceForImpact","All Out Attack"],"picked":"StuffTheSpire:BumpUp","floor":14},{"not_picked":["ReplayTheSpireMod:Owlgaze","Atom Bomb","Glass Knife","beaked:WildInstinct"],"picked":"beaked:KnowThyFoe","floor":16},{"not_picked":["beaked:MimicMachine","beaked:Evade+1","beaked:Windmill","beaked:Recite+1"],"picked":"beaked:BloodRitual","floor":18},{"not_picked":["ReplayTheSpireMod:RavenHex","beaked:BraceForImpact","beaked:Brainwash","beaked:WarriorEssence"],"picked":"beaked:CrazyRituals+1","floor":22},{"not_picked":["beaked:Tradeoff","beaked:CursingBlood","beaked:DesperateSwing+1","beaked:SacrificialScars"],"picked":"beaked:CrazyRituals","floor":23},{"not_picked":["beaked:Insight","beaked:DigDeep","beaked:Molting","ReplayTheSpireMod:Owlgaze"],"picked":"beaked:StickSmack","floor":24},{"not_picked":["beaked:SurvivalInstinct","beaked:SacrificialDive","beaked:Brace","beaked:Poke"],"picked":"beaked:HuntressSpirit+1","floor":25},{"not_picked":["beaked:MimicMachine","beaked:DarkPact","beaked:DigDeep","beaked:StunningBlow"],"picked":"beaked:Foresight","floor":27},{"not_picked":["beaked:RitualOfBody","beaked:Flinch","beaked:TuckingFeathers","beaked:Pecker"],"picked":"beaked:Brace","floor":29},{"not_picked":["beaked:StickSmack+1","beaked:Devastation+1","ReplayTheSpireMod:Prepare the Ceremony+1","beaked:Poke+1"],"picked":"beaked:AwakenedForm","floor":30},{"not_picked":["beaked:AwakenedForm","beaked:FullHouse","beaked:ShadowFade","beaked:LiftOff"],"picked":"beaked:Caw","floor":33},{"not_picked":["beaked:FeelMyPain+1","beaked:Evade+1","beaked:DigDeep+1","beaked:CursingBlood","beaked:Insight"],"picked":"SKIP","floor":35},{"not_picked":["beaked:VigorBurst","beaked:FakeOut","beaked:Cower","beaked:Windmill","beaked:DigDeep"],"picked":"SKIP","floor":36},{"not_picked":["beaked:Evade+1","beaked:WindBringer+1","beaked:HuntressEssence","beaked:LiftOff","ReplayTheSpireMod:Prepare the Ceremony"],"picked":"SKIP","floor":39},{"not_picked":["beaked:MachineSpirit+1","beaked:CursingBlood","beaked:Daydream","beaked:BloodRitual","beaked:Tweet+1"],"picked":"SKIP","floor":39},{"not_picked":["beaked:Mantra+1","beaked:Molting","beaked:Windmill+1","beaked:Caw"],"picked":"beaked:Foresight","floor":41},{"not_picked":["beaked:TuckingFeathers+1","beaked:Tradeoff+1","beaked:Overpower+1","beaked:BounceBack"],"picked":"beaked:Foresight+1","floor":41},{"not_picked":["beaked:FeelMyPain+1","beaked:MimicMachine+1","beaked:BarbedWire+1","beaked:SurvivalInstinct","beaked:Redirect+1"],"picked":"SKIP","floor":44},{"not_picked":["beaked:LiftOff","beaked:Cower+1","beaked:Overexert+1","beaked:DigDeeper","beaked:Brace+1"],"picked":"SKIP","floor":44},{"not_picked":["beaked:FeelMyPain+1","beaked:Poke","beaked:WarriorEssence","beaked:TuckingFeathers+1","beaked:BraceForImpact+1"],"picked":"SKIP","floor":45},{"not_picked":["beaked:Foresight+1","beaked:SurvivalInstinct+1","beaked:FeelMyPain+1","beaked:Molting","beaked:RuinSticks+1"],"picked":"SKIP","floor":45},{"not_picked":["beaked:Overexert+1","beaked:Brace+1","beaked:Tradeoff+1","beaked:SacrificialScars+1"],"picked":"beaked:Insight+1","floor":46},{"not_picked":["beaked:Struggle","beaked:Resilience+1","beaked:Roost+1","beaked:Brace+1","beaked:Poke+1"],"picked":"SKIP","floor":47}],"player_experience":1977029,"relics_obtained":[{"floor":1,"key":"SynthV:TestCard"},{"floor":7,"key":"reliquary:Spinner"},{"floor":9,"key":"aspiration:HummingbirdHeart"},{"floor":12,"key":"DianDianMeat"},{"floor":23,"key":"aspiration:EmptySkull"},{"floor":25,"key":"Dead Branch"},{"floor":26,"key":"Chameleon Ring"},{"floor":30,"key":"reliquary:GummyVitamins"},{"floor":43,"key":"infinitespire:Lucky Rock"},{"floor":46,"key":"Toxic Egg 2"},{"floor":47,"key":"Juzu Bracelet"},{"floor":49,"key":"Replay:Kaleidoscope"}],"event_choices":[{"damage_healed":0,"gold_gain":75,"player_choice":"Gold","damage_taken":11,"max_hp_gain":0,"max_hp_loss":0,"event_name":"betterThird:BetterGoop","floor":3,"gold_loss":0},{"damage_healed":0,"gold_gain":0,"player_choice":"Ignored","damage_taken":0,"max_hp_gain":0,"max_hp_loss":0,"event_name":"Purifier","floor":21,"gold_loss":0},{"cards_removed":["beaked:Strike_Y"],"damage_healed":0,"gold_gain":0,"player_choice":"Removed Attack","damage_taken":0,"max_hp_gain":0,"max_hp_loss":0,"event_name":"Falling","floor":48,"gold_loss":0}],"is_beta":false,"boss_relics":[{"not_picked":["FixedStarFall","aspiration:RitualDagger"],"picked":"hubris:Backtick"},{"not_picked":["Velvet Choker","hubris:VirtuousBlindfold","hubris:GrandSneckoEye"]}],"items_purged_floors":[19],"is_endless":false,"potions_floor_spawned":[4,6,11,12,16,23,30,33,36,41,47],"ascension_level":0}}