{"host":"4iumrvuiaf6fol98","time":1614119262,"event":{"mods":["AchievementEnabler","BaseMod","Colored Map","Colored Powertips","Downfall","JesterMod","Minty Spire (QoL Compilation)","Quick Restart","StSLib"],"gold_per_floor":[99,274,287,287,305,67,94,394,394,424,424,435,435,451,467,564,564,564,578,594,608,608,608,608,608,628,628,628,628],"floor_reached":27,"language":"ENG","playtime":2306,"items_purged":["Decay"],"score":363,"play_id":"334f3b88-cf2a-46db-86c8-79ec6c6da7e4","local_time":"20210223172742","is_ascension_mode":false,"campfire_choices":[{"data":"hexamod:Sear","floor":1,"key":"SMITH"},{"floor":11,"key":"REST"},{"floor":13,"key":"REST"},{"data":"hexamod:UnlimitedPower","floor":18,"key":"SMITH"}],"circlet_count":0,"master_deck":["hexamod:Defend","hexamod:Defend","hexamod:Defend","hexamod:Defend","hexamod:Sear+1","hexamod:Float","Doubt","hexamod:ThirdSeal","downfall:Haunted","downfall:Haunted","Shame","hexamod:FifthSeal","hexamod:FourthSeal","hexamod:BacktrackSmack+1","hexamod:BurningTouch","hexamod:EmpoweredFlame","hexamod:BurningTouch","hexamod:WildfireWeapon","hexamod:NightmareGuise","hexamod:WildfireWeapon","hexamod:ExtraCrispy","downfall:Icky","downfall:Icky","hexamod:SixthSeal","hexamod:SearingWound","hexamod:SwordOfDarkness","hexamod:FirstSeal","hexamod:NecessarySacrifice","hexamod:HeatMetal","hexamod:HauntingEcho","hexamod:BacktrackSmack+1","hexamod:SixthSeal","hexamod:UnlimitedPower+1","hexamod:BacktrackSmack+1","hexamod:BacktrackSmack+1","hexamod:SkipABeat","hexamod:CouncilsJustice","hexamod:CouncilsJustice","hexamod:CouncilsJustice","Slimebound:Tackle+1","Slimebound:Tackle+1","Slimebound:Tackle+1","hexamod:UnlimitedPower+1","hexamod:ChargedBarrage"],"relics":["hexamod:SpiritBrand","Du-Vu Doll","Orrery","Bag of Marbles","Pen Nib","Coffee Dripper","InkBottle"],"acts_visited":["Exordium","TheCity"],"potions_floor_usage":[12,19,21],"damage_taken":[{"damage":1,"enemies":"Jaw Worm","floor":3,"turns":3},{"damage":9,"enemies":"2 Louse","floor":5,"turns":3},{"damage":0,"enemies":"downfall:FleeingMerchant","floor":6,"turns":4},{"damage":60,"enemies":"Gremlin Nob","floor":10,"turns":6},{"damage":0,"enemies":"Small Slimes","floor":12,"turns":3},{"damage":4,"enemies":"2 Fungi Beasts","floor":14,"turns":3},{"damage":5,"enemies":"3 Louse","floor":15,"turns":3},{"damage":18,"enemies":"SI_SHIV_ARCHETYPE","floor":16,"turns":6},{"damage":21,"enemies":"Spheric Guardian","floor":19,"turns":4},{"damage":10,"enemies":"Chosen","floor":20,"turns":3},{"damage":16,"enemies":"Snake Plant","floor":21,"turns":2},{"damage":7,"enemies":"Centurion and Healer","floor":26,"turns":3}],"seed_played":"1736641778298065191","potions_obtained":[{"floor":5,"key":"SteroidPotion"},{"floor":6,"key":"SmokeBomb"},{"floor":10,"key":"Block Potion"},{"floor":14,"key":"Fire Potion"},{"floor":15,"key":"FairyPotion"},{"floor":19,"key":"Dexterity Potion"},{"floor":20,"key":"Fruit Juice"}],"is_trial":false,"path_per_floor":["R","?","M","?","M","$","T","?","?","E","R","M","R","M","M","B",null,"R","M","M","M","?","?","T","?","M","M"],"character_chosen":"THE_SPIRIT","items_purchased":["Orrery"],"campfire_rested":2,"item_purchase_floors":[6],"current_hp_per_floor":[77,77,76,81,72,72,72,72,72,12,36,36,60,56,51,40,82,82,68,58,47,43,43,43,43,43,0,0,0],"gold":628,"neow_bonus":"TEN_PERCENT_HP_BONUS","is_daily":false,"chose_seed":false,"campfire_upgraded":2,"win_rate":0.0,"timestamp":1614119262,"path_taken":["R","?","M","?","M","$","T","?","?","E","R","M","R","M","M","BOSS","R","M","M","M","?","?","T","?","M","?"],"items_purchased_type":["Relic"],"build_version":"2020-12-22","purchased_purges":1,"victory":false,"max_hp_per_floor":[77,77,77,82,82,82,82,82,82,82,82,82,82,82,82,82,82,82,82,82,87,43,43,43,43,43,43,43,43],"card_choices":[{"not_picked":["hexamod:BacktrackSmack","hexamod:RetreatToShadows"],"picked":"hexamod:ThirdSeal","floor":3},{"not_picked":["hexamod:Firestarter","hexamod:ExtraCrispy"],"picked":"hexamod:FourthSeal","floor":5},{"not_picked":["hexamod:NightmareStrike","hexamod:InspiringFlames"],"picked":"hexamod:BacktrackSmack","floor":5},{"not_picked":["hexamod:FourthSeal","hexamod:Haunt"],"picked":"hexamod:BurningTouch","floor":6},{"not_picked":["hexamod:FourthSeal","hexamod:RetreatToShadows"],"picked":"hexamod:EmpoweredFlame","floor":6},{"not_picked":["hexamod:Firestarter","hexamod:NightmareStrike"],"picked":"hexamod:BurningTouch","floor":6},{"not_picked":["hexamod:InspiringFlames","hexamod:ShieldOfDarkness"],"picked":"hexamod:WildfireWeapon","floor":6},{"not_picked":["hexamod:HeatCrush","hexamod:FourthSeal"],"picked":"hexamod:NightmareGuise","floor":6},{"not_picked":["hexamod:BurningTouch","hexamod:FourthSeal"],"picked":"hexamod:WildfireWeapon","floor":6},{"not_picked":["hexamod:PhantomFireball","hexamod:FourthSeal"],"picked":"hexamod:ExtraCrispy","floor":6},{"not_picked":["hexamod:FirstSeal","hexamod:ThirdSeal"],"picked":"hexamod:SixthSeal","floor":10},{"not_picked":["hexamod:Firestarter","hexamod:ChargedBarrage"],"picked":"hexamod:SearingWound","floor":10},{"not_picked":["hexamod:ShieldOfDarkness","hexamod:InspiringFlames"],"picked":"hexamod:SwordOfDarkness","floor":10},{"not_picked":["hexamod:ThirdSeal","hexamod:SecondSeal"],"picked":"hexamod:FirstSeal","floor":12},{"not_picked":["hexamod:HeatShield","hexamod:ShieldOfDarkness"],"picked":"hexamod:NecessarySacrifice","floor":12},{"not_picked":["hexamod:NightmareStrike","hexamod:Firestarter"],"picked":"hexamod:HeatMetal","floor":14},{"not_picked":["hexamod:GhostShield","hexamod:Firestarter"],"picked":"hexamod:HauntingEcho","floor":14},{"not_picked":["hexamod:GhostOfSpirePresent","hexamod:GhostLash"],"picked":"hexamod:BacktrackSmack","floor":15},{"not_picked":["hexamod:FirstSeal","hexamod:ThirdSeal"],"picked":"hexamod:SixthSeal","floor":16},{"not_picked":["hexamod:GhostOfSpirePresent","hexamod:FifthSeal"],"picked":"hexamod:UnlimitedPower","floor":16},{"not_picked":["hexamod:HeatShield","hexamod:Hexaguard"],"picked":"hexamod:BacktrackSmack+1","floor":19},{"not_picked":["hexamod:ShieldOfDarkness","hexamod:GhostLash"],"picked":"hexamod:BacktrackSmack+1","floor":20},{"not_picked":["hexamod:EmpoweredFlame+1","hexamod:SpectersWail"],"picked":"hexamod:SkipABeat","floor":21},{"not_picked":["hexamod:RainOfEmbers+1","hexamod:BacktrackSmack"],"picked":"hexamod:ChargedBarrage","floor":26}],"player_experience":250570,"relics_obtained":[{"floor":7,"key":"Bag of Marbles"},{"floor":10,"key":"Pen Nib"},{"floor":24,"key":"InkBottle"}],"event_choices":[],"is_beta":false,"boss_relics":[{"not_picked":["jesterMod:MachoBrace","Black Star"],"picked":"Coffee Dripper"}],"items_purged_floors":[6],"is_endless":false,"potions_floor_spawned":[5,14,15,20],"killed_by":"Shelled Parasite and Fungi","ascension_level":0}}