{"host":"newqdrzxfhh2im9e","time":1614038743,"event":{"mods":["AchievementEnabler","BaseMod","Block Reminder","Colored Map","Minty Spire (QoL Compilation)","Rare Cards Sparkle","Shop Mod","StSLib"],"gold_per_floor":[118,11,11,22,34,68,68,82,105,117,117,192,206,225,225,320,370,385,385,404,420,106,106,106],"floor_reached":23,"language":"ENG","playtime":1311,"items_purged":[],"score":220,"play_id":"9f4ccec5-1c15-4c3e-9afa-36d6604fca2a","local_time":"20210222160543","is_ascension_mode":false,"campfire_choices":[{"floor":7,"key":"RECALL"},{"data":"Double Tap","floor":11,"key":"SMITH"},{"floor":15,"key":"REST"}],"circlet_count":0,"master_deck":["Strike_R","Strike_R","Strike_R","Strike_R","Strike_R","Defend_R","Defend_R","Defend_R","Defend_R+1","Bash","Cleave","Battle Trance","Combust","Shockwave","Brutality","Iron Wave","Clash","Double Tap+1","Disarm","Bloodletting","Ghostly Armor","Inflame+1","Rampage","Uppercut","Rupture","Sentinel"],"relics":["Burning Blood","Tiny Chest","Tiny House","Membership Card","Dream Catcher"],"acts_visited":["Exordium","TheCity"],"potions_floor_usage":[6,6,16,16,21,23,23],"damage_taken":[{"damage":1,"enemies":"Cultist","floor":1,"turns":3},{"damage":7,"enemies":"Jaw Worm","floor":4,"turns":3},{"damage":2,"enemies":"Small Slimes","floor":5,"turns":3},{"damage":23,"enemies":"3 Sentries","floor":6,"turns":5},{"damage":11,"enemies":"Blue Slaver","floor":8,"turns":4},{"damage":10,"enemies":"Exordium Thugs","floor":10,"turns":3},{"damage":5,"enemies":"Looter","floor":13,"turns":3},{"damage":12,"enemies":"3 Louse","floor":14,"turns":3},{"damage":67,"enemies":"Hexaghost","floor":16,"turns":12},{"damage":22,"enemies":"Spheric Guardian","floor":18,"turns":4},{"damage":14,"enemies":"Chosen","floor":20,"turns":6},{"damage":54,"enemies":"Shelled Parasite and Fungi","floor":21,"turns":7},{"damage":62,"enemies":"Slavers","floor":23,"turns":4}],"seed_played":"-6690464187328066863","potions_obtained":[{"floor":4,"key":"SpeedPotion"},{"floor":5,"key":"AttackPotion"},{"floor":6,"key":"Dexterity Potion"},{"floor":13,"key":"SpeedPotion"},{"floor":16,"key":"ElixirPotion"},{"floor":17,"key":"Regen Potion"},{"floor":21,"key":"Weak Potion"}],"is_trial":false,"path_per_floor":["M","$","?","M","M","E","R","M","T","M","R","?","M","M","R","B",null,"M","?","M","M","$","E"],"character_chosen":"IRONCLAD","items_purchased":["Battle Trance","Combust","Membership Card","Dream Catcher","Uppercut","Rupture","Sentinel"],"campfire_rested":1,"item_purchase_floors":[2,2,22,22,22,22,22],"current_hp_per_floor":[88,88,88,87,88,71,71,66,66,62,62,51,52,46,72,11,93,77,103,95,62,62,0,0],"gold":106,"neow_bonus":"TEN_PERCENT_HP_BONUS","is_daily":false,"chose_seed":false,"campfire_upgraded":1,"win_rate":0.0,"timestamp":1614038743,"path_taken":["M","?","?","M","M","E","R","M","T","M","R","?","M","M","R","BOSS","M","?","M","M","$","E"],"items_purchased_type":["Card","Card","Relic","Relic","Card","Card","Card"],"build_version":"2020-12-22","purchased_purges":0,"victory":false,"max_hp_per_floor":[88,88,88,88,88,88,88,88,88,88,88,88,88,88,88,88,93,93,103,103,103,103,103,103],"card_choices":[{"not_picked":["Warcry","Dropkick"],"picked":"Cleave","floor":1},{"not_picked":["Warcry","Feel No Pain"],"picked":"Shockwave","floor":4},{"not_picked":["Intimidate","Cleave"],"picked":"Brutality","floor":5},{"not_picked":["Pommel Strike","Flex"],"picked":"Iron Wave","floor":6},{"not_picked":["Sword Boomerang","Body Slam"],"picked":"Clash","floor":8},{"not_picked":["Wild Strike","Hemokinesis"],"picked":"Double Tap","floor":10},{"not_picked":["Rage","Feel No Pain"],"picked":"Disarm","floor":13},{"not_picked":["Flex","Thunderclap"],"picked":"Bloodletting","floor":14},{"not_picked":["Exhume","Impervious"],"picked":"Offering","floor":16},{"not_picked":["Clash","Wild Strike"],"picked":"Ghostly Armor","floor":17},{"not_picked":["Burning Pact+1","Cleave+1"],"picked":"Inflame+1","floor":18},{"not_picked":["Wild Strike+1","Havoc"],"picked":"Rampage","floor":20},{"not_picked":["Headbutt+1","Wild Strike","Sword Boomerang+1"],"picked":"SKIP","floor":21}],"player_experience":784032,"relics_obtained":[{"floor":6,"key":"Tiny Chest"}],"event_choices":[{"damage_healed":0,"gold_gain":0,"player_choice":"Ignored","damage_taken":0,"max_hp_gain":0,"max_hp_loss":0,"event_name":"Shining Light","floor":3,"gold_loss":0},{"damage_healed":0,"gold_gain":75,"player_choice":"Gather Gold","damage_taken":11,"max_hp_gain":0,"max_hp_loss":0,"event_name":"World of Goop","floor":12,"gold_loss":0},{"cards_removed":["Offering"],"damage_healed":16,"gold_gain":0,"player_choice":"Offered Rare","damage_taken":0,"max_hp_gain":10,"max_hp_loss":0,"event_name":"Bonfire Elementals","floor":19,"gold_loss":0}],"is_beta":false,"boss_relics":[{"not_picked":["Ectoplasm","Runic Pyramid"],"picked":"Tiny House"}],"items_purged_floors":[],"is_endless":false,"potions_floor_spawned":[4,5,6,13,16,21],"killed_by":"Slavers","ascension_level":0}}