{"host":"7jxhn92mkgyil7o5","time":1614110170,"event":{"mods":["BaseMod","Colored Map","Colored Powertips","Friendly Minions","Hermit","Kiyohime????","Marisa????????","Minty Spire (QoL Compilation)","Permanent Neow","StSLib","The Cursed","The Disciple","The Hierophant","The Poker Player","The Runesmith"],"gold_per_floor":[111,123,137,137,156,181,181,196,196,211,211,211],"floor_reached":11,"language":"ENG","playtime":724,"items_purged":[],"score":154,"play_id":"5a2ab8c3-8ae4-4b88-b0b4-6c7df81f146a","local_time":"20210223205610","is_ascension_mode":true,"campfire_choices":[{"floor":7,"key":"REST"}],"circlet_count":0,"master_deck":["AscendersBane","Zap","Dualcast","Scrape","Seek","Turbo","Rebound","Conserve Battery","Doom and Gloom","Creative AI","White Noise","Leap","Go for the Eyes","BootSequence","Undo","Glacier","Force Field"],"relics":["Pandora\u0027s Box","DataDisk"],"acts_visited":["Exordium"],"potions_floor_usage":[5,11,11],"damage_taken":[{"damage":8.0,"enemies":"Small Slimes","floor":1.0,"turns":2.0},{"damage":0.0,"enemies":"Cultist","floor":2.0,"turns":2.0},{"damage":3.0,"enemies":"Jaw Worm","floor":3.0,"turns":3.0},{"damage":12,"enemies":"Gremlin Gang","floor":5,"turns":2},{"damage":21,"enemies":"3 Sentries","floor":6,"turns":7},{"damage":0,"enemies":"Red Slaver","floor":8,"turns":5},{"damage":0,"enemies":"Exordium Wildlife","floor":10,"turns":11},{"damage":11,"enemies":"Gremlin Nob","floor":11,"turns":3}],"seed_played":"3605525063420409884","potions_obtained":[{"floor":2.0,"key":"Ancient Potion"},{"floor":4.0,"key":"CultistPotion"},{"floor":4.0,"key":"LiquidBronze"},{"floor":8,"key":"FocusPotion"}],"is_trial":false,"path_per_floor":["M","M","M","?","M","E","R","M","T","M","E"],"character_chosen":"DEFECT","items_purchased":[],"campfire_rested":1,"item_purchase_floors":[],"current_hp_per_floor":[56,56,53,53,41,20,41,41,41,41,30,30],"gold":211,"neow_bonus":"BOSS_RELIC","is_daily":false,"chose_seed":false,"campfire_upgraded":0,"win_rate":0.0,"timestamp":1614110170,"path_taken":["M","M","M","?","M","E","R","M","T","M","E"],"items_purchased_type":[],"build_version":"2020-12-22","purchased_purges":0,"victory":false,"max_hp_per_floor":[71,71,71,71,71,71,71,71,71,71,71,71],"card_choices":[{"not_picked":["Sweeping Beam","Cold Snap"],"picked":"Leap","floor":1.0},{"not_picked":["Sweeping Beam","Auto Shields"],"picked":"Go for the Eyes","floor":2.0},{"not_picked":["Double Energy","Steam"],"picked":"BootSequence","floor":3.0},{"not_picked":["Barrage","Compile Driver"],"picked":"Undo","floor":5},{"not_picked":["Loop","Fusion"],"picked":"Glacier","floor":6},{"not_picked":["Reprogram","Rebound","Turbo"],"picked":"SKIP","floor":8},{"not_picked":["Hologram","Cold Snap"],"picked":"Force Field","floor":10}],"player_experience":2035605,"relics_obtained":[{"floor":6,"key":"DataDisk"}],"event_choices":[{"damage_healed":0.0,"max_hp_gain":0.0,"max_hp_loss":0.0,"gold_gain":0.0,"event_name":"Lab","player_choice":"Got Potions","floor":4.0,"gold_loss":0.0,"damage_taken":0.0}],"is_beta":false,"boss_relics":[],"items_purged_floors":[],"is_endless":false,"potions_floor_spawned":[2,8,10],"killed_by":"Gremlin Nob","ascension_level":20}}