{"host":"i45hfqkcke4zequp","time":1614083099,"event":{"mods":["AchievementEnabler","BaseMod","BetterRewards","Minty Spire (QoL Compilation)","Permanent Neow","Shop Mod","SuperFastMode"],"gold_per_floor":[119,135,135,153,172,172,190,190,244,273,288,305,317,194,194,194,194],"floor_reached":16,"language":"KOR","playtime":585,"items_purged":[],"score":175,"play_id":"3810a994-773c-4fac-a8d6-fc16056f1cfa","local_time":"20210223212459","is_ascension_mode":true,"campfire_choices":[{"floor":6.0,"key":"REST"},{"floor":8.0,"key":"REST"},{"floor":15.0,"key":"REST"}],"circlet_count":0,"master_deck":["AscendersBane","Strike_G","Strike_G","Strike_G","Strike_G","Strike_G","Defend_G","Defend_G","Defend_G","Defend_G","Defend_G","Survivor","Neutralize","Cloak And Dagger","Dagger Spray","Quick Slash","Masterful Stab","Masterful Stab","Backflip","Dagger Throw","Underhanded Strike","Dagger Throw","Tactician","Underhanded Strike"],"relics":["Ring of the Snake","Bird Faced Urn","Gambling Chip","Blue Candle","Smiling Mask","Toy Ornithopter"],"acts_visited":["Exordium"],"potions_floor_usage":[16],"damage_taken":[{"damage":0.0,"enemies":"2 Louse","floor":1.0,"turns":3.0},{"damage":9.0,"enemies":"Cultist","floor":2.0,"turns":5.0},{"damage":4.0,"enemies":"Jaw Worm","floor":4.0,"turns":5.0},{"damage":9.0,"enemies":"2 Fungi Beasts","floor":5.0,"turns":3.0},{"damage":8.0,"enemies":"Blue Slaver","floor":7.0,"turns":3.0},{"damage":20.0,"enemies":"Gremlin Nob","floor":10.0,"turns":4.0},{"damage":6.0,"enemies":"Red Slaver","floor":11.0,"turns":4.0},{"damage":1.0,"enemies":"Exordium Thugs","floor":12.0,"turns":3.0},{"damage":0.0,"enemies":"Large Slime","floor":13.0,"turns":3.0},{"damage":62,"enemies":"Hexaghost","floor":16,"turns":9}],"seed_played":"-5777759241471544742","potions_obtained":[{"floor":1.0,"key":"GamblersBrew"},{"floor":5.0,"key":"BlessingOfTheForge"},{"floor":12.0,"key":"FearPotion"}],"is_trial":false,"path_per_floor":["M","M","?","M","M","R","M","R","T","E","M","M","M","$","R","B"],"character_chosen":"THE_SILENT","items_purchased":["Tactician","Underhanded Strike"],"campfire_rested":3,"item_purchase_floors":[14,14],"current_hp_per_floor":[49,40,40,36,27,48,40,61,61,41,35,34,34,34,55,0,0],"gold":194,"neow_bonus":"","is_daily":false,"chose_seed":false,"campfire_upgraded":0,"win_rate":0.0,"timestamp":1614083099,"path_taken":["M","M","?","?","M","R","M","R","T","E","M","M","M","$","R","BOSS"],"items_purchased_type":["Card","Card"],"build_version":"2020-12-22","purchased_purges":0,"victory":false,"max_hp_per_floor":[70,70,70,70,70,70,70,70,70,70,70,70,70,70,70,70,70],"card_choices":[{"not_picked":["Blur","Deadly Poison"],"picked":"Cloak And Dagger","floor":1.0},{"not_picked":["Quick Slash","Bane"],"picked":"Dagger Spray","floor":2.0},{"not_picked":["Dash","Crippling Poison"],"picked":"Quick Slash","floor":4.0},{"not_picked":["PiercingWail","Predator"],"picked":"Masterful Stab","floor":5.0},{"not_picked":["Cloak And Dagger","Prepared"],"picked":"Masterful Stab","floor":7.0},{"not_picked":["Setup","Skewer"],"picked":"Backflip","floor":10.0},{"not_picked":["Blade Dance","Corpse Explosion"],"picked":"Dagger Throw","floor":11.0},{"not_picked":["Quick Slash","Heel Hook"],"picked":"Underhanded Strike","floor":12.0},{"not_picked":["Infinite Blades","Blade Dance"],"picked":"Dagger Throw","floor":13.0}],"player_experience":600725,"relics_obtained":[{"floor":9.0,"key":"Smiling Mask"},{"floor":10.0,"key":"Toy Ornithopter"}],"event_choices":[{"damage_healed":0.0,"max_hp_gain":0.0,"max_hp_loss":0.0,"gold_gain":0.0,"event_name":"WeMeetAgain","player_choice":"Gave Potion","floor":3.0,"gold_loss":0.0,"damage_taken":0.0,"relics_obtained":["Blue Candle"]}],"is_beta":false,"boss_relics":[],"items_purged_floors":[],"is_endless":false,"potions_floor_spawned":[1,5,12],"killed_by":"Hexaghost","ascension_level":13}}