{"host":"rm0ctv8qd8mnbkg1","time":1614102766,"event":{"mods":["Act Like it!","Aspiration","BaseMod","Beaked The Cultist","BetterRewards","Colored Map","DNKmod","Dark Map","Defuse TimeMaze Blight","Friendly Minions","Gensokyo","Hubris","Marisa????????","Minty Spire (QoL Compilation)","MostiFishMod","Permanent Neow","Rare Cards Sparkle","Relic Sorter","Reliquary","Replay The Spire","Ruina","RumiaBox-????????","Shade Mod","Shop Mod","Spicy Shops","Spire Arcade","StSLib","The Animator","The Construct","The Servant 0.9.4","TheVacant","Wandering Minibosses","??????REMEMod"],"gold_per_floor":[10018,10018,10018,9207,9222,9250,9264,7664,7664,7699,7699,7729,7729,7745,7745,7840,7840,7840,7840],"floor_reached":18,"language":"ENG","playtime":467,"items_purged":[],"score":320,"play_id":"a1bfc28a-b8ce-4ae0-a986-5c3967e3adcd","local_time":"20210223175246","is_ascension_mode":false,"campfire_choices":[{"data":"animator:Elesis","floor":11,"key":"SMITH"},{"data":"animator:Tyuule","floor":15,"key":"SMITH"}],"circlet_count":0,"master_deck":["animator:Strike_TenSura","animator:Defend_TenSura","animator:Strike","animator:Strike","animator:Strike","animator:Defend","animator:Defend","animator:Defend","animator:Benimaru+1","animator:Shuna","Meteor Strike+1","animator:YunYun","Sickly","animator:GazelDwargon","animator:Tyuule+1","animator:Benimaru","animator:Canti","animator:Verdia","animator:Boros+1","animator:Kazuma","animator:Darkness","animator:Benimaru","animator:Aqua","animator:Elesis+2","animator:Millim","animator:Rena","animator:Eve"],"relics":["animator:LivingPicture","animator:TheMissingPiece","REME_ComplimentaryCards","DaveBox","SentryEyes","aspiration:EmptySkull","Ring of Fury","Ring of Searing","Replay:Wax Seal","PreservedInsect","Girya","Iron Hammer","aspiration:VileToxins","Blue Candle","BirthdayGift-Icosahedron","aspiration:StickyExplosives_weak","Guide Book","The Courier","Tiny Chest","Philosopher\u0027s Stone"],"acts_visited":["Exordium","TheCity"],"potions_floor_usage":[],"damage_taken":[{"damage":0,"enemies":"Small Slimes","floor":1,"turns":2},{"damage":5,"enemies":"Jaw Worm","floor":5,"turns":2},{"damage":3,"enemies":"3 Sentries","floor":6,"turns":2},{"damage":0,"enemies":"2 Louse","floor":7,"turns":1},{"damage":0,"enemies":"Gremlin Nob","floor":10,"turns":2},{"damage":0,"enemies":"Exordium Wildlife","floor":12,"turns":1},{"damage":0,"enemies":"Looter","floor":14,"turns":1},{"damage":8,"enemies":"The Guardian","floor":16,"turns":3},{"damage":0,"enemies":"Shell Parasite","floor":18,"turns":1}],"seed_played":"40442711352841503","potions_obtained":[{"floor":10,"key":"DistilledChaos"},{"floor":16,"key":"Dexterity Potion"}],"is_trial":false,"path_per_floor":["M","?","?","$","M","E","M","$","T","E","R","M","?","M","R","B",null,"M"],"character_chosen":"THE_ANIMATOR","items_purchased":["Replay:Wax Seal","PreservedInsect","Girya","animator:GazelDwargon","animator:Tyuule","animator:Benimaru","Iron Hammer","animator:Canti","animator:Darkness","animator:Benimaru","Blue Candle","BirthdayGift-Icosahedron","aspiration:StickyExplosives_weak","Guide Book","animator:Aqua"],"campfire_rested":0,"item_purchase_floors":[4,4,4,4,4,4,4,4,8,8,8,8,8,8,8],"current_hp_per_floor":[1000,1000,1000,1000,995,992,992,992,992,993,993,994,994,995,995,993,1000,1000,1000],"gold":7840,"neow_bonus":"RANDOM_COMMON_RELIC","is_daily":false,"chose_seed":false,"campfire_upgraded":2,"win_rate":0.0,"timestamp":1614102766,"path_taken":["M","?","?","$","M","E","M","$","T","E","R","M","?","M","R","BOSS","M"],"items_purchased_type":["Relic","Relic","Relic","Card","Card","Card","Relic","Card","Card","Card","Relic","Relic","Relic","Relic","Card"],"build_version":"2020-12-22","purchased_purges":0,"victory":false,"max_hp_per_floor":[1000,1000,1000,1000,1000,1000,1000,1000,1000,1000,1000,1000,1000,1000,1000,1000,1000,1000,1000],"card_choices":[{"not_picked":["animator:Vanir","animator:KrulTepes"],"picked":"animator:YunYun","floor":1},{"not_picked":["animator:Vanir","animator:Ara"],"picked":"animator:Verdia","floor":5},{"not_picked":["animator:IrohaTamaki","animator:MumenRider"],"picked":"animator:Boros","floor":6},{"not_picked":["animator:Vanir","animator:Megumin"],"picked":"animator:Kazuma","floor":7},{"not_picked":["animator:Aqua","animator:Hakurou"],"picked":"animator:Elesis","floor":10},{"not_picked":["animator:Benimaru","animator:MamiTomoe"],"picked":"animator:Millim","floor":12},{"not_picked":["animator:MumenRider","animator:Hakurou"],"picked":"animator:Rena","floor":14},{"not_picked":["animator:Saitama","animator:FeridBathory"],"picked":"animator:Eve","floor":16}],"player_experience":294119,"relics_obtained":[{"floor":3,"key":"Ring of Fury"},{"floor":3,"key":"Ring of Searing"},{"floor":6,"key":"aspiration:VileToxins"},{"floor":9,"key":"The Courier"},{"floor":10,"key":"Tiny Chest"}],"event_choices":[{"damage_healed":0,"gold_gain":0,"player_choice":"Grow","damage_taken":0,"max_hp_gain":0,"max_hp_loss":0,"event_name":"Living Wall","floor":2,"gold_loss":0,"cards_upgraded":["animator:Benimaru"]},{"damage_healed":0,"gold_gain":0,"player_choice":"Ignored","damage_taken":0,"max_hp_gain":0,"max_hp_loss":0,"event_name":"Golden Idol","floor":13,"gold_loss":0}],"is_beta":false,"boss_relics":[{"not_picked":["RhineCircuit","NightmareShop"],"picked":"Philosopher\u0027s Stone"}],"items_purged_floors":[],"is_endless":false,"potions_floor_spawned":[6,10,12,16],"killed_by":"Shell Parasite","ascension_level":0}}