{"host":"zmzacdglms6ret13","time":1614082025,"event":{"mods":["Act Like it!","BaseMod","Colored Map","Decade(王小明)","Downfall","Energized Spire","Hallownest","Highlight Path","Marisa（F雨　魔理沙）","Minty Spire (QoL Compilation)","MostiFishMod","Pale of the Ancients","Quick Restart","Replay The Spire","RumiaBox-露米娅的神秘盒子","SOS（斯巴达之子）","StSLib","Td1madao Mod","The Construct","The Cursed","The IronCluck","The Servant 0.9.4","Waifu the Spire","Warlord Emblem"],"gold_per_floor":[119,131,144,155,155,155,190,190,261,271,299,299,334,259,259,259,259],"floor_reached":16,"language":"ZHS","playtime":751,"items_purged":["Strike_G"],"score":228,"play_id":"89b22b19-1e0d-417f-9e6b-399eca5c21e0","local_time":"20210223200705","is_ascension_mode":true,"campfire_choices":[{"data":"Neutralize","floor":6,"key":"SMITH"},{"data":"Acrobatics","floor":8,"key":"SMITH"},{"data":"Bouncing Flask","floor":12,"key":"SMITH"},{"data":"Deadly Poison","floor":15,"key":"SMITH"}],"circlet_count":0,"master_deck":["Strike_G","Strike_G","Strike_G","Defend_G","Defend_G","Defend_G","Defend_G","Defend_G","Survivor","Neutralize+1","Acrobatics+1","Bouncing Flask+1","Deadly Poison+1"],"relics":["Ring of the Snake","DaveBox","FeatherPendant","SynthV:TestCard","Durian","Snack Pack","Potion Belt","GodSword5"],"acts_visited":["Exordium"],"potions_floor_usage":[],"damage_taken":[{"damage":2,"enemies":"Hallownest:2_Tiktiks_and_1_Crawlid","floor":1,"turns":5},{"damage":0,"enemies":"Hallownest:monsterHuskWarrior","floor":2,"turns":2},{"damage":0,"enemies":"Hallownest:monsterHuskGuard","floor":3,"turns":3},{"damage":0,"enemies":"Hallownest:Wandering_and_Horned","floor":4,"turns":6},{"damage":0,"enemies":"Hallownest:monsterAspidMother","floor":5,"turns":2},{"damage":0,"enemies":"Hallownest:eliteCrystalGuardian","floor":7,"turns":5},{"damage":0,"enemies":"Hallownest:Guard_and_Warrior","floor":10,"turns":6},{"damage":0,"enemies":"Hallownest:eliteMossKnight","floor":11,"turns":12},{"damage":0,"enemies":"Hallownest:eliteVengeflyKing","floor":13,"turns":5},{"damage":82,"enemies":"Hallownest:BossHornet","floor":16,"turns":5}],"seed_played":"5255146366003293579","potions_obtained":[{"floor":4,"key":"ColorlessPotion"},{"floor":7,"key":"Block Potion"},{"floor":11,"key":"Regen Potion"},{"floor":13,"key":"Elixir"}],"is_trial":false,"path_per_floor":["M","M","M","M","M","R","E","R","T","M","E","R","E","$","R","B"],"character_chosen":"THE_SILENT","items_purchased":[],"campfire_rested":0,"item_purchase_floors":[],"current_hp_per_floor":[68,68,68,68,68,68,73,73,73,75,75,75,75,75,75,0,0],"gold":259,"neow_bonus":"REMOVE_CARD","is_daily":false,"chose_seed":false,"campfire_upgraded":4,"win_rate":0.0,"timestamp":1614082025,"path_taken":["M","M","M","M","M","R","E","R","T","M","E","R","E","?","R","BOSS"],"items_purchased_type":[],"build_version":"2020-12-22","purchased_purges":1,"victory":false,"max_hp_per_floor":[70,70,70,70,70,70,75,75,75,75,75,75,75,75,75,75,75],"card_choices":[{"not_picked":["Dagger Throw","Prepared"],"picked":"Acrobatics","floor":1},{"not_picked":["Acrobatics","Concentrate","Dodge and Roll","Hidden Blade","Outmaneuver"],"picked":"SKIP","floor":2},{"not_picked":["Blade Dance","Deflect","ReplayTheSpireMod:The Works","Poisoned Stab","MostiFishMod:AdrenalineArouse"],"picked":"SKIP","floor":3},{"not_picked":["PiercingWail","Choke","ReplayTheSpireMod:Shiv Toss","Acrobatics","Deflect"],"picked":"SKIP","floor":4},{"not_picked":["Distraction","Masterful Stab","Acrobatics","Sucker Punch","Deflect"],"picked":"SKIP","floor":5},{"not_picked":["Skewer","Dagger Spray","Sucker Punch","Dodge and Roll","Dash"],"picked":"SKIP","floor":7},{"not_picked":["Endless Agony","Flying Knee","Dagger Spray","MostiFishMod:PreservedThorns","Die Die Die"],"picked":"SKIP","floor":10},{"not_picked":["Backflip","Backstab","Hidden Blade","Sucker Punch"],"picked":"Bouncing Flask","floor":11},{"not_picked":["Hidden Blade","Dagger Spray","Setup","PiercingWail"],"picked":"Deadly Poison","floor":13}],"player_experience":393809,"relics_obtained":[{"floor":1,"key":"SynthV:TestCard"},{"floor":7,"key":"Durian"},{"floor":9,"key":"Snack Pack"},{"floor":11,"key":"Potion Belt"},{"floor":13,"key":"GodSword5"}],"event_choices":[],"is_beta":false,"boss_relics":[],"items_purged_floors":[14],"is_endless":false,"potions_floor_spawned":[4,7,11,13],"killed_by":"Hallownest:BossHornet","ascension_level":4}}