{"host":"rntvpg2tay0vze4i","time":1614069657,"event":{"mods":["AchievementEnabler","BaseMod","BetterRewards","Downfall","Minty Spire (QoL Compilation)","Permanent Neow","Quick Restart","READ ME - Guardian Mod","Remove Card Discount Mod","Shop Mod","StSLib","The Blackbeard","The Saiyan"],"gold_per_floor":[109,109,9,9,9,9,21,47,100,135,135,135,173,194,194,287,287,303,303,321,100,119,162,162,206,206,231,252,283,283,194,194,271,271,284,284,280,280,298,326,326,356,356,376,386,419,417,452,452,452,452,452,152,182,182],"floor_reached":56,"language":"ENG","playtime":4120,"items_purged":["Defend_B","Injury","Strike_B","Strike_B","Defend_B","Defend_B","Strike_B","Strike_B","Defend_B","Dualcast","Coolheaded","Beam Cell","Zap"],"score":2243,"play_id":"7262e833-20db-41fb-a5cf-0bdfe0ccba47","local_time":"20210223014057","is_ascension_mode":true,"campfire_choices":[{"data":"Defragment","floor":6,"key":"SMITH"},{"data":"Coolheaded","floor":11,"key":"SMITH"},{"data":"Loop","floor":15,"key":"SMITH"},{"data":"Creative AI","floor":24,"key":"SMITH"},{"floor":32,"key":"REST"},{"floor":41,"key":"RECALL"},{"floor":49,"key":"REST"},{"floor":52,"key":"REST"}],"circlet_count":0,"master_deck":["AscendersBane","Leap","Defragment+1","Coolheaded+1","Loop+1","Force Field","Creative AI+1","Stack","Coolheaded+1","Conserve Battery+1","Defragment","White Noise+1","Coolheaded+1","Glacier+1","Leap+1","Creative AI","Capacitor","Hologram+1","Consume+1","Loop","Chill+1","BootSequence+1"],"relics":["Cracked Core","NeowsBlessing","Darkstone Periapt","Bottled Lightning","Bag of Preparation","PreservedInsect","Shuriken","Bloody Idol","MealTicket","Philosopher\u0027s Stone","Toxic Egg 2","Lee\u0027s Waffle","Bottled Tornado","Gremlin Horn","Cables","Ornamental Fan","Fusion Hammer","Incense Burner","Pen Nib","Meat on the Bone","Molten Egg 2","Thread and Needle","Anchor"],"acts_visited":["Exordium","TheCity","TheBeyond","TheEnding"],"potions_floor_usage":[13,18,23,27,55],"damage_taken":[{"damage":0,"enemies":"Small Slimes","floor":1,"turns":1},{"damage":0,"enemies":"Jaw Worm","floor":7,"turns":1},{"damage":0,"enemies":"Gremlin Nob","floor":8,"turns":1},{"damage":4,"enemies":"Lagavulin","floor":10,"turns":6},{"damage":14,"enemies":"3 Sentries","floor":13,"turns":5},{"damage":0,"enemies":"Cultist","floor":14,"turns":3},{"damage":25,"enemies":"Slime Boss","floor":16,"turns":18},{"damage":5,"enemies":"Chosen","floor":18,"turns":4},{"damage":38,"enemies":"3 Byrds","floor":20,"turns":7},{"damage":21,"enemies":"Shelled Parasite and Fungi","floor":22,"turns":7},{"damage":10,"enemies":"Book of Stabbing","floor":23,"turns":8},{"damage":10,"enemies":"Gremlin Leader","floor":25,"turns":11},{"damage":4,"enemies":"Cultist and Chosen","floor":27,"turns":10},{"damage":7,"enemies":"Snecko","floor":28,"turns":4},{"damage":14,"enemies":"Slavers","floor":29,"turns":4},{"damage":2,"enemies":"Collector","floor":33,"turns":14},{"damage":0,"enemies":"3 Shapes","floor":35,"turns":5},{"damage":0,"enemies":"Orb Walker","floor":39,"turns":4},{"damage":37,"enemies":"Reptomancer","floor":40,"turns":11},{"damage":0,"enemies":"Giant Head","floor":42,"turns":8},{"damage":1,"enemies":"4 Shapes","floor":44,"turns":11},{"damage":0,"enemies":"Sphere and 2 Shapes","floor":45,"turns":5},{"damage":33,"enemies":"Reptomancer","floor":46,"turns":6},{"damage":0,"enemies":"Giant Head","floor":48,"turns":9},{"damage":0,"enemies":"Time Eater","floor":50,"turns":10},{"damage":10,"enemies":"Shield and Spear","floor":54,"turns":8},{"damage":55,"enemies":"The Heart","floor":55,"turns":11}],"seed_played":"-7768247776584893334","potions_obtained":[{"floor":8,"key":"champ:CounterPotion"},{"floor":10,"key":"Block Potion"},{"floor":14,"key":"DuplicationPotion"},{"floor":22,"key":"SpeedPotion"},{"floor":25,"key":"Energy Potion"},{"floor":44,"key":"FairyPotion"},{"floor":46,"key":"sneckomod:MuddlingPotion"},{"floor":48,"key":"FocusPotion"}],"is_trial":false,"path_per_floor":["M","?","$","?","T","R","M","E","T","E","R","?","E","M","R","B",null,"M","?","M","$","M","E","R","E","T","M","M","E","?","$","R","B",null,"M","?","$","?","M","E","R","E","T","M","M","E","$","E","R","B",null,"R","$","E","B",null],"character_chosen":"DEFECT","items_purchased":["Defragment","Coolheaded","Lee\u0027s Waffle","Conserve Battery+1","Glacier+1","Leap+1","Thread and Needle"],"campfire_rested":3,"item_purchase_floors":[3,3,21,21,31,31,53],"current_hp_per_floor":[64,59,59,59,59,59,59,59,59,55,55,61,47,47,47,22,63,58,58,20,84,63,53,53,43,43,39,32,18,18,33,58,61,78,83,83,84,80,80,48,48,53,53,57,62,34,49,54,78,78,80,80,80,75,32],"gold":182,"neow_bonus":"THREE_ENEMY_KILL","is_daily":false,"chose_seed":false,"campfire_upgraded":4,"win_rate":0.0,"timestamp":1614069657,"path_taken":["M","?","$","?","?","R","M","E","T","E","R","?","E","?","R","BOSS","M","?","?","$","M","E","R","E","T","M","M","E","?","$","R","BOSS","M","?","$","?","M","E","R","E","T","M","M","E","?","E","R","BOSS","R","$","E","BOSS"],"items_purchased_type":["Card","Card","Relic","Card","Card","Card","Relic"],"build_version":"2020-12-22","purchased_purges":13,"victory":true,"max_hp_per_floor":[71,71,71,71,71,71,71,71,71,71,71,77,77,77,77,77,77,77,77,77,84,84,84,84,84,84,84,84,84,84,84,84,84,84,84,84,84,80,80,80,80,80,80,80,80,80,80,80,80,80,80,80,80,80,80],"card_choices":[{"not_picked":["Hologram","Turbo"],"picked":"Leap","floor":1},{"not_picked":["Reprogram","Chaos"],"picked":"Loop","floor":7},{"not_picked":["Barrage","Compile Driver","Streamline"],"picked":"SKIP","floor":8},{"not_picked":["Melter","Steam Power","Stack"],"picked":"SKIP","floor":10},{"not_picked":["Loop","Beam Cell"],"picked":"Coolheaded","floor":13},{"not_picked":["Beam Cell","Blizzard"],"picked":"Force Field","floor":14},{"not_picked":["Echo Form","Reboot"],"picked":"Creative AI","floor":16},{"not_picked":["Streamline","Turbo+1"],"picked":"Stack","floor":18},{"not_picked":["Compile Driver","Turbo+1"],"picked":"Coolheaded+1","floor":20},{"not_picked":["Go for the Eyes","Compile Driver"],"picked":"Beam Cell","floor":22},{"not_picked":["All For One","Storm","Reinforced Body+1"],"picked":"SKIP","floor":23},{"not_picked":["Sunder","Chaos+1"],"picked":"Defragment","floor":25},{"not_picked":["Barrage","Genetic Algorithm+1","Static Discharge+1"],"picked":"SKIP","floor":27},{"not_picked":["Steam Power+1","Rebound"],"picked":"White Noise+1","floor":28},{"not_picked":["Steam+1","Streamline"],"picked":"Coolheaded+1","floor":29},{"not_picked":["Reboot+1","All For One"],"picked":"Creative AI","floor":33},{"not_picked":["Storm","Chaos+1"],"picked":"Capacitor","floor":35},{"not_picked":["Sweeping Beam","Go for the Eyes+1"],"picked":"Hologram+1","floor":39},{"not_picked":["Redo+1","Skim+1"],"picked":"Consume+1","floor":40},{"not_picked":["Heatsinks","Coolheaded+1","Barrage"],"picked":"SKIP","floor":42},{"not_picked":["Skim+1","Ball Lightning+1","Chaos+1"],"picked":"SKIP","floor":44},{"not_picked":["Hello World","Reinforced Body+1"],"picked":"Loop","floor":45},{"not_picked":["Double Energy+1","Turbo+1"],"picked":"Chill+1","floor":46},{"not_picked":["Redo+1","Rainbow+1"],"picked":"BootSequence+1","floor":48},{"not_picked":["Compile Driver+1","Static Discharge+1","Conserve Battery+1"],"picked":"SKIP","floor":54}],"player_experience":667693,"relics_obtained":[{"floor":5,"key":"Bottled Lightning"},{"floor":8,"key":"Bag of Preparation"},{"floor":9,"key":"PreservedInsect"},{"floor":10,"key":"Shuriken"},{"floor":13,"key":"MealTicket"},{"floor":23,"key":"Bottled Tornado"},{"floor":25,"key":"Gremlin Horn"},{"floor":26,"key":"Cables"},{"floor":29,"key":"Ornamental Fan"},{"floor":40,"key":"Incense Burner"},{"floor":42,"key":"Pen Nib"},{"floor":46,"key":"Meat on the Bone"},{"floor":48,"key":"Molten Egg 2"},{"floor":54,"key":"Anchor"}],"event_choices":[{"damage_healed":0,"gold_gain":0,"player_choice":"Success","damage_taken":5,"relics_obtained":["Darkstone Periapt"],"max_hp_gain":0,"max_hp_loss":0,"event_name":"Scrap Ooze","floor":2,"gold_loss":0},{"damage_healed":0,"gold_gain":0,"player_choice":"Ignored","damage_taken":0,"max_hp_gain":0,"max_hp_loss":0,"event_name":"Liars Game","floor":4,"gold_loss":0},{"damage_healed":0,"gold_gain":0,"player_choice":"Take Wound","damage_taken":0,"relics_obtained":["Golden Idol"],"max_hp_gain":0,"max_hp_loss":0,"event_name":"Golden Idol","floor":12,"gold_loss":0,"cards_obtained":["Injury"]},{"damage_healed":0,"gold_gain":0,"player_choice":"Gave Potion","damage_taken":0,"relics_obtained":["Toxic Egg 2"],"max_hp_gain":0,"max_hp_loss":0,"event_name":"WeMeetAgain","floor":19,"gold_loss":0},{"damage_healed":0,"gold_gain":0,"player_choice":"Gave Idol","damage_taken":0,"relics_obtained":["Bloody Idol"],"max_hp_gain":0,"max_hp_loss":0,"event_name":"Forgotten Altar","floor":30,"relics_lost":["Golden Idol"],"gold_loss":0},{"damage_healed":0,"gold_gain":0,"player_choice":"Memory 1","damage_taken":0,"max_hp_gain":0,"max_hp_loss":0,"event_name":"SensoryStone","floor":36,"gold_loss":0},{"damage_healed":0,"gold_gain":0,"player_choice":"Max HP","damage_taken":0,"max_hp_gain":0,"max_hp_loss":4,"event_name":"Winding Halls","floor":38,"gold_loss":0}],"is_beta":false,"boss_relics":[{"not_picked":["Runic Dome","Empty Cage"],"picked":"Philosopher\u0027s Stone"},{"not_picked":["SlaversCollar","Busted Crown"],"picked":"Fusion Hammer"}],"items_purged_floors":[3,21,21,21,21,21,21,31,31,31,37,37,47],"is_endless":false,"potions_floor_spawned":[8,10,14,16,22,25,44,46,48],"ascension_level":15}}