{"host":"xsuxkwaivmtd234a","time":1614038654,"event":{"mods":["BaseMod","Bestiary","Colored Map","Minty Spire (QoL Compilation)","Relic Stats","StSLib"],"gold_per_floor":[109,109,128,138,157,188,199,199,281,310,324,344,373,373,373,475,475,488,398,414,434,444,469,469,469,493,33,52,52,52,68,68,164,164,184,201,216,228,128,128,158,168,168,168,198,210,210,263,263,263,263,263,2,2,2],"floor_reached":54,"language":"ENG","playtime":2901,"items_purged":["Shame","Strike_B+1"],"score":1097,"play_id":"09e6d695-5203-4e8a-9694-94624ca6e9d9","local_time":"20210222190414","is_ascension_mode":true,"campfire_choices":[{"data":"Zap","floor":8,"key":"SMITH"},{"data":"Self Repair","floor":15,"key":"SMITH"},{"floor":25,"key":"REST"},{"floor":29,"key":"REST"},{"data":"Loop","floor":32,"key":"SMITH"},{"floor":40,"key":"REST"},{"floor":44,"key":"REST"},{"floor":47,"key":"REST"},{"floor":49,"key":"RECALL"},{"floor":52,"key":"REST"}],"circlet_count":0,"master_deck":["AscendersBane","Defend_B+1","Defend_B+1","Defend_B+1","Zap+1","Dualcast","Melter","Ball Lightning","Self Repair+1","Ball Lightning","FTL","Hello World","Storm","Cold Snap","Ball Lightning+1","Reboot","Hyperbeam","Loop+1","Coolheaded+1","Storm","Consume+1","Turbo","Panache","Sweeping Beam+1","Ball Lightning","Double Energy+1","Creative AI","Undo+1","Loop","Conserve Battery+1","Skim+1","Aggregate","Chaos+1","Compile Driver+1","Skim+1","Darkness+1","Skim+1","Glacier+1","Coolheaded+1","Echo Form"],"relics":["Empty Cage","Tiny Chest","Cables","Bird Faced Urn","Oddly Smooth Stone","SlaversCollar","Potion Belt","Dream Catcher","Orichalcum","Fusion Hammer","Peace Pipe","White Beast Statue","Ancient Tea Set","StoneCalendar"],"acts_visited":["Exordium","TheCity","TheBeyond","TheEnding"],"potions_floor_usage":[16,28,38,41,41,42,45,45,48,48,48,54],"damage_taken":[{"damage":2,"enemies":"2 Louse","floor":1,"turns":3},{"damage":7,"enemies":"Jaw Worm","floor":3,"turns":3},{"damage":0,"enemies":"Cultist","floor":4,"turns":3},{"damage":7,"enemies":"Looter","floor":5,"turns":4},{"damage":26,"enemies":"Gremlin Nob","floor":6,"turns":4},{"damage":0,"enemies":"Large Slime","floor":7,"turns":4},{"damage":13,"enemies":"Lagavulin","floor":10,"turns":6},{"damage":2,"enemies":"2 Fungi Beasts","floor":11,"turns":3},{"damage":7,"enemies":"3 Louse","floor":12,"turns":6},{"damage":14,"enemies":"Gremlin Nob","floor":13,"turns":3},{"damage":25,"enemies":"Slime Boss","floor":16,"turns":6},{"damage":24,"enemies":"2 Thieves","floor":18,"turns":4},{"damage":0,"enemies":"Spheric Guardian","floor":20,"turns":2},{"damage":50,"enemies":"Shelled Parasite and Fungi","floor":21,"turns":6},{"damage":31,"enemies":"Snake Plant","floor":22,"turns":4},{"damage":17,"enemies":"Centurion and Healer","floor":28,"turns":7},{"damage":21,"enemies":"Snecko","floor":31,"turns":5},{"damage":45,"enemies":"Automaton","floor":33,"turns":8},{"damage":6,"enemies":"3 Darklings","floor":35,"turns":4},{"damage":23,"enemies":"Orb Walker","floor":36,"turns":3},{"damage":19,"enemies":"Sphere and 2 Shapes","floor":37,"turns":4},{"damage":28,"enemies":"Jaw Worm Horde","floor":38,"turns":4},{"damage":25,"enemies":"Nemesis","floor":41,"turns":5},{"damage":9,"enemies":"Transient","floor":42,"turns":5},{"damage":57,"enemies":"Giant Head","floor":45,"turns":9},{"damage":18,"enemies":"Maw","floor":46,"turns":6},{"damage":7,"enemies":"2 Orb Walkers","floor":48,"turns":3},{"damage":17,"enemies":"Time Eater","floor":50,"turns":10},{"damage":119,"enemies":"Shield and Spear","floor":54,"turns":6}],"seed_played":"-4131203254034885366","potions_obtained":[{"floor":1,"key":"Swift Potion"},{"floor":4,"key":"FairyPotion"},{"floor":7,"key":"Dexterity Potion"},{"floor":20,"key":"GamblersBrew"},{"floor":21,"key":"LiquidBronze"},{"floor":28,"key":"SpeedPotion"},{"floor":31,"key":"EntropicBrew"},{"floor":38,"key":"GamblersBrew"},{"floor":41,"key":"ColorlessPotion"},{"floor":45,"key":"Explosive Potion"},{"floor":48,"key":"SkillPotion"}],"is_trial":false,"path_per_floor":["M","?","M","M","M","E","M","R","T","E","M","M","E","?","R","B",null,"M","?","M","M","M","T","?","R","T","$","M","R","?","M","R","B",null,"M","M","M","M","$","R","E","M","T","R","E","M","R","?","R","B",null,"R","$","E"],"character_chosen":"DEFECT","items_purchased":["Panache","Orichalcum","Block Potion","Echo Form","PotionOfCapacity","SpeedPotion"],"campfire_rested":6,"item_purchase_floors":[27,27,27,53,53,53],"current_hp_per_floor":[66,66,59,59,59,40,47,47,47,41,50,54,51,51,51,42,67,45,45,59,25,12,12,12,34,34,34,39,61,61,60,60,37,66,75,68,69,63,63,75,67,75,75,75,34,42,64,75,75,75,75,75,75,0,0],"gold":2,"neow_bonus":"BOSS_RELIC","is_daily":false,"chose_seed":false,"campfire_upgraded":3,"win_rate":0.0,"timestamp":1614038654,"path_taken":["M","?","M","M","M","E","M","R","T","E","M","M","E","?","R","BOSS","M","?","?","M","M","?","?","R","T","$","M","R","?","M","R","BOSS","M","M","M","M","$","R","E","M","T","R","E","M","R","?","R","BOSS","R","$","E"],"items_purchased_type":["Card","Relic","Potion","Card","Potion","Potion"],"build_version":"2020-12-22","purchased_purges":2,"victory":false,"max_hp_per_floor":[75,75,75,75,75,75,75,75,75,75,75,75,75,75,75,75,75,75,75,75,75,75,75,75,75,75,75,75,75,75,75,75,75,75,75,75,75,75,75,75,75,75,75,75,75,75,75,75,75,75,75,75,75,75,75],"relic_stats":{"Peace Pipe":1,"Dream Catcher":6,"counters":[29,139],"Bird Faced Urn":[186],"Tiny Chest":1,"StoneCalendar":[52],"Orichalcum":[90],"obtain_stats":[{"Potion Belt":23,"Oddly Smooth Stone":13,"StoneCalendar":48,"Orichalcum":27,"Empty Cage":0,"Ancient Tea Set":45,"White Beast Statue":43,"Cables":9,"Peace Pipe":41,"SlaversCollar":17,"Dream Catcher":24,"Bird Faced Urn":10,"Tiny Chest":6,"Fusion Hammer":34,"Cracked Core":0},{"Potion Belt":15,"Oddly Smooth Stone":10,"StoneCalendar":27,"Orichalcum":15,"Empty Cage":0,"Ancient Tea Set":25,"White Beast Statue":24,"Cables":6,"Peace Pipe":23,"SlaversCollar":11,"Dream Catcher":15,"Bird Faced Urn":7,"Tiny Chest":5,"Fusion Hammer":18,"Cracked Core":0},{"Potion Belt":61,"Oddly Smooth Stone":39,"StoneCalendar":123,"Orichalcum":61,"Empty Cage":0,"Ancient Tea Set":114,"White Beast Statue":106,"Cables":21,"Peace Pipe":101,"SlaversCollar":45,"Dream Catcher":61,"Bird Faced Urn":27,"Tiny Chest":17,"Fusion Hammer":81,"Cracked Core":0}],"Cables":[95,65,27,1,2]},"card_choices":[{"not_picked":["Conserve Battery","Turbo"],"picked":"Melter","floor":1},{"not_picked":["Gash","Turbo"],"picked":"Ball Lightning","floor":3},{"not_picked":["Steam Power","Steam"],"picked":"Self Repair","floor":4},{"not_picked":["Compile Driver","Echo Form"],"picked":"Ball Lightning","floor":5},{"not_picked":["Tempest","Sweeping Beam"],"picked":"FTL","floor":6},{"not_picked":["Redo","Beam Cell"],"picked":"Hello World","floor":7},{"not_picked":["Skim","Barrage"],"picked":"Storm","floor":10},{"not_picked":["Compile Driver","Gash"],"picked":"Cold Snap","floor":11},{"not_picked":["Barrage","Redo"],"picked":"Ball Lightning","floor":12},{"not_picked":["Leap","Coolheaded","Amplify"],"picked":"SKIP","floor":13},{"not_picked":["Amplify","Reboot"],"picked":"Hyperbeam","floor":16},{"not_picked":["Chaos+1","Steam Power"],"picked":"Loop","floor":18},{"not_picked":["Barrage","Aggregate+1"],"picked":"Coolheaded+1","floor":20},{"not_picked":["Self Repair","Force Field"],"picked":"Storm","floor":21},{"not_picked":["Redo","Melter"],"picked":"Consume+1","floor":22},{"not_picked":["Leap+1","Steam"],"picked":"Turbo","floor":25},{"not_picked":["Static Discharge","Leap"],"picked":"Sweeping Beam+1","floor":28},{"not_picked":["Fission","Rebound+1"],"picked":"Ball Lightning","floor":29},{"not_picked":["Sunder","Barrage+1"],"picked":"Double Energy+1","floor":31},{"not_picked":["Machine Learning","Rainbow"],"picked":"Creative AI","floor":33},{"not_picked":["Conserve Battery","Beam Cell"],"picked":"Undo+1","floor":35},{"not_picked":["Compile Driver+1","Conserve Battery"],"picked":"Loop","floor":36},{"not_picked":["Beam Cell+1","Gash+1","All For One"],"picked":"SKIP","floor":37},{"not_picked":["Sweeping Beam","Beam Cell"],"picked":"Conserve Battery+1","floor":38},{"not_picked":["Recycle+1","Go for the Eyes"],"picked":"Skim+1","floor":40},{"not_picked":["Gash+1","Cold Snap"],"picked":"Aggregate","floor":41},{"not_picked":["Streamline+1","Leap+1"],"picked":"Chaos+1","floor":42},{"not_picked":["Beam Cell+1","Ball Lightning+1"],"picked":"Compile Driver+1","floor":44},{"not_picked":["Steam+1","Sunder"],"picked":"Skim+1","floor":45},{"not_picked":["Sweeping Beam","Lockon"],"picked":"Darkness+1","floor":46},{"not_picked":["Compile Driver","Sweeping Beam"],"picked":"Skim+1","floor":47},{"not_picked":["Auto Shields+1","Sweeping Beam"],"picked":"Glacier+1","floor":48},{"not_picked":["Beam Cell+1","Streamline+1"],"picked":"Coolheaded+1","floor":52}],"player_experience":1348998,"relics_obtained":[{"floor":6,"key":"Tiny Chest"},{"floor":9,"key":"Cables"},{"floor":10,"key":"Bird Faced Urn"},{"floor":13,"key":"Oddly Smooth Stone"},{"floor":23,"key":"Potion Belt"},{"floor":41,"key":"Peace Pipe"},{"floor":43,"key":"White Beast Statue"},{"floor":45,"key":"Ancient Tea Set"},{"floor":48,"key":"StoneCalendar"}],"event_choices":[{"damage_healed":0,"gold_gain":0,"player_choice":"Leave","damage_taken":0,"max_hp_gain":0,"max_hp_loss":0,"event_name":"The Cleric","floor":2,"gold_loss":0},{"damage_healed":0,"gold_gain":0,"cards_transformed":["Strike_B"],"player_choice":"Change","damage_taken":0,"max_hp_gain":0,"max_hp_loss":0,"event_name":"Living Wall","floor":14,"gold_loss":0,"cards_obtained":["Reboot"]},{"cards_removed":["Strike_B"],"damage_healed":0,"gold_gain":0,"player_choice":"Upgrade and Remove","damage_taken":0,"max_hp_gain":0,"max_hp_loss":0,"event_name":"Designer","floor":19,"gold_loss":90,"cards_upgraded":["Ball Lightning"]},{"damage_healed":0,"gold_gain":0,"player_choice":"Stole Relic","damage_taken":0,"relics_obtained":["Dream Catcher"],"max_hp_gain":0,"max_hp_loss":0,"event_name":"Addict","floor":24,"gold_loss":0,"cards_obtained":["Shame"]},{"damage_healed":0,"gold_gain":0,"player_choice":"Simplicity","damage_taken":0,"max_hp_gain":0,"max_hp_loss":0,"event_name":"Back to Basics","floor":30,"gold_loss":0,"cards_upgraded":["Strike_B","Defend_B","Defend_B","Defend_B"]},{"damage_healed":0,"gold_gain":0,"player_choice":"Fight","damage_taken":0,"max_hp_gain":0,"max_hp_loss":0,"event_name":"Mysterious Sphere","floor":48,"gold_loss":0}],"is_beta":false,"boss_relics":[{"not_picked":["Cursed Key","Velvet Choker"],"picked":"SlaversCollar"},{"not_picked":["Snecko Eye","Black Star"],"picked":"Fusion Hammer"}],"items_purged_floors":[27,39],"is_endless":false,"potions_floor_spawned":[1,4,7,11,12,20,21,28,31,38,41,45,46,48],"killed_by":"Shield and Spear","ascension_level":10}}