{"host":"snd6571rw3150vxe","time":1614081276,"event":{"mods":["AchievementEnabler","BaseMod","Bestiary","Colored Powertips","Highlight Path","Minty Spire (QoL Compilation)","Quick Restart","Random Character Button","Relic Stats","StSLib","slay the spire mod where everything is the same but ironclad has a cowboy hat"],"gold_per_floor":[115,130,150,75,75,109,109,109,109,129,139,157,157,172,172,272,272,290,309,309,64,64,64,64],"floor_reached":23,"language":"ENG","playtime":762,"items_purged":["Defend_R"],"score":193,"play_id":"e7654084-28ec-40da-a851-7e5621f402be","local_time":"20210223135436","is_ascension_mode":false,"campfire_choices":[{"floor":8,"key":"REST"},{"data":"Strike_R","floor":15,"key":"SMITH"}],"circlet_count":0,"master_deck":["Strike_R","Strike_R+1","Defend_R","Defend_R","Bash+1","Offering"],"relics":["Black Blood","Meat on the Bone","Gremlin Horn","Incense Burner","Pen Nib"],"acts_visited":["Exordium","TheCity"],"potions_floor_usage":[16,16,16,21],"damage_taken":[{"damage":8,"enemies":"2 Louse","floor":1,"turns":3},{"damage":1,"enemies":"Cultist","floor":2,"turns":3},{"damage":0,"enemies":"Small Slimes","floor":3,"turns":3},{"damage":54,"enemies":"Lagavulin","floor":6,"turns":6},{"damage":9,"enemies":"Gremlin Gang","floor":10,"turns":10},{"damage":16,"enemies":"Red Slaver","floor":11,"turns":4},{"damage":12,"enemies":"2 Fungi Beasts","floor":12,"turns":4},{"damage":20,"enemies":"Looter","floor":14,"turns":3},{"damage":53,"enemies":"Hexaghost","floor":16,"turns":7},{"damage":40,"enemies":"Spheric Guardian","floor":18,"turns":5},{"damage":10,"enemies":"Chosen","floor":19,"turns":4},{"damage":82,"enemies":"Book of Stabbing","floor":23,"turns":5}],"seed_played":"-8743836257903846412","potions_obtained":[{"floor":2,"key":"Swift Potion"},{"floor":11,"key":"Energy Potion"},{"floor":14,"key":"AttackPotion"}],"is_trial":false,"path_per_floor":["M","M","M","$","?","E","?","R","T","M","M","M","?","M","R","B",null,"M","M","T","$","?","E"],"character_chosen":"IRONCLAD","items_purchased":["Fruit Juice","Pen Nib"],"campfire_rested":1,"item_purchase_floors":[21,21],"current_hp_per_floor":[54,59,65,65,65,17,17,41,41,50,52,58,58,56,56,21,80,64,66,66,71,71,0,0],"gold":64,"neow_bonus":"REMOVE_TWO","is_daily":false,"chose_seed":false,"campfire_upgraded":1,"win_rate":0.0,"timestamp":1614081276,"path_taken":["M","M","M","$","?","E","?","R","T","?","M","M","?","M","R","BOSS","M","?","?","$","?","E"],"items_purchased_type":["Potion","Relic"],"build_version":"2020-12-22","purchased_purges":1,"victory":false,"max_hp_per_floor":[80,80,80,80,80,80,80,80,80,80,80,80,80,80,80,80,80,80,80,80,85,85,85,85],"relic_stats":{"Gremlin Horn":[4,4],"counters":[12,57],"Black Blood":78,"Pen Nib":[0],"obtain_stats":[{"Gremlin Horn":9,"Black Blood":17,"Pen Nib":21,"Incense Burner":20,"Burning Blood":0,"Meat on the Bone":6},{"Gremlin Horn":4,"Black Blood":9,"Pen Nib":11,"Incense Burner":11,"Burning Blood":0,"Meat on the Bone":4},{"Gremlin Horn":15,"Black Blood":43,"Pen Nib":52,"Incense Burner":52,"Burning Blood":0,"Meat on the Bone":15}],"Meat on the Bone":72},"card_choices":[{"not_picked":["Body Slam","Dark Embrace","Armaments"],"picked":"SKIP","floor":1},{"not_picked":["Dark Embrace","Sentinel","Heavy Blade"],"picked":"SKIP","floor":2},{"not_picked":["Havoc","Bludgeon","Wild Strike"],"picked":"SKIP","floor":3},{"not_picked":["Body Slam","Bloodletting","Sentinel"],"picked":"SKIP","floor":6},{"not_picked":["Armaments","Headbutt","Dark Embrace"],"picked":"SKIP","floor":10},{"not_picked":["Sentinel","Blood for Blood","Twin Strike"],"picked":"SKIP","floor":11},{"not_picked":["Carnage","Clash","Thunderclap"],"picked":"SKIP","floor":12},{"not_picked":["Dual Wield","Body Slam","Armaments"],"picked":"SKIP","floor":14},{"not_picked":["Warcry","True Grit+1","Clothesline"],"picked":"SKIP","floor":18},{"not_picked":["Heavy Blade","Headbutt+1","Anger"],"picked":"SKIP","floor":19}],"player_experience":397610,"relics_obtained":[{"floor":6,"key":"Meat on the Bone"},{"floor":9,"key":"Gremlin Horn"},{"floor":20,"key":"Incense Burner"}],"event_choices":[{"cards_removed":["Strike_R"],"damage_healed":0,"gold_gain":0,"player_choice":"Forget","damage_taken":0,"max_hp_gain":0,"max_hp_loss":0,"event_name":"Living Wall","floor":5,"gold_loss":0},{"cards_removed":["Strike_R"],"damage_healed":0,"gold_gain":0,"player_choice":"Purged","damage_taken":0,"max_hp_gain":0,"max_hp_loss":0,"event_name":"Purifier","floor":7,"gold_loss":0},{"damage_healed":0,"gold_gain":0,"player_choice":"Forge","damage_taken":0,"max_hp_gain":0,"max_hp_loss":0,"event_name":"Accursed Blacksmith","floor":13,"gold_loss":0,"cards_upgraded":["Bash"]},{"damage_healed":0,"gold_gain":0,"player_choice":"Read","damage_taken":0,"max_hp_gain":0,"max_hp_loss":0,"event_name":"The Library","floor":22,"gold_loss":0,"cards_obtained":["Offering"]}],"is_beta":false,"boss_relics":[{"not_picked":["Runic Dome","Busted Crown"],"picked":"Black Blood"}],"items_purged_floors":[4],"is_endless":false,"potions_floor_spawned":[2,11,14],"killed_by":"Book of Stabbing","ascension_level":0}}