{"host":"e5vsl4ezcfxwu44d","time":1614053291,"event":{"mods":["BaseMod","Colored Powertips","Downfall","Highlight Path","Minty Spire (QoL Compilation)","StSLib","Unceasing Turn Reminder"],"gold_per_floor":[0,100,119,137,149,49,49,61,61,89,106,139,3,103,114,209,209,109,122,222,234,43,43,120,135,155,185,198,217,247,347,366,466,466,466,478,490,490,233,263,263,313,234,234,250,264,164,189,204,204,204,235,89,89,89,89,89,89],"floor_reached":56,"language":"ENG","playtime":11131,"items_purged":["bronze:Strike","bronze:Strike"],"score":886,"play_id":"6c8ff877-61ab-4fe5-85bd-1734a0c8720d","local_time":"20210222210811","is_ascension_mode":false,"campfire_choices":[{"floor":1.0,"key":"RECALL"},{"data":"bronze:Replicate","floor":6.0,"key":"SMITH"},{"data":"bronze:Frontload","floor":9.0,"key":"SMITH"},{"data":"bronze:Mutator","floor":18.0,"key":"SMITH"},{"data":"bronze:BugBarrage","floor":23.0,"key":"SMITH"},{"data":"bronze:Overload","floor":35.0,"key":"SMITH"},{"data":"bronze:HardenedForm","floor":47.0,"key":"SMITH"},{"floor":54.0,"key":"REST"}],"circlet_count":0,"master_deck":["bronze:Replicate+1","bronze:Goto","bronze:BugBarrage+1","bronze:ChosenStrike","bronze:Frontload+1","bronze:Branch","bronze:DelayedSlice","bronze:Allocate","bronze:HardenedForm+1","bronze:Assembly+1","bronze:FineTuning","bronze:FineTuning","bronze:Branch","bronze:WildBeam","bronze:Mutator+1","bronze:Iterate","bronze:Branch+1","bronze:BugBarrage+1","bronze:FollowUp","bronze:Repair","bronze:FollowUp+1","bronze:Overload+1","bronze:CloningBeam","bronze:Optimize","bronze:WildBeam","bronze:FineTuning","bronze:Assembly","J.A.X.","bronze:Verify","bronze:BronzeOrb+1","bronze:SpaghettiCode","bronze:BronzeArmor+1","expansioncontent:PrepareCrush","bronze:Repair+1","bronze:ItsAFeature","bronze:BuggyMess","bronze:BuggyMess","bronze:FindAndReplace","bronze:Boost","bronze:WildBeam+1"],"relics":["bronze:BronzeCore","downfall:HeartBlessingRed","Bottled Lightning","Blood Vial","Torii","bronze:MakeshiftBattery","downfall:HeartBlessingGreen","Toy Ornithopter","Mercury Hourglass","Potion Belt","Boot","MutagenicStrength","Sozu","Bottled Tornado","Ornamental Fan","Vajra","FossilizedHelix","bronze:ProtectiveGoggles","downfall:HeartBlessingBlue","Bird Faced Urn","Art of War","ClockworkSouvenir"],"acts_visited":["Exordium","TheCity","TheBeyond","TheEnding"],"potions_floor_usage":[],"damage_taken":[{"damage":6.0,"enemies":"Jaw Worm","floor":3.0,"turns":3.0},{"damage":1.0,"enemies":"Cultist","floor":4.0,"turns":3.0},{"damage":0.0,"enemies":"Small Slimes","floor":5.0,"turns":2.0},{"damage":0.0,"enemies":"downfall:LooterAlt","floor":8.0,"turns":2.0},{"damage":21.0,"enemies":"Gremlin Nob","floor":10.0,"turns":4.0},{"damage":0.0,"enemies":"Blue Slaver","floor":11.0,"turns":2.0},{"damage":10.0,"enemies":"3 Sentries","floor":12.0,"turns":4.0},{"damage":0.0,"enemies":"downfall:FleeingMerchant","floor":13.0,"turns":4.0},{"damage":9.0,"enemies":"downfall:Heads","floor":14.0,"turns":7.0},{"damage":0.0,"enemies":"3 Louse","floor":15.0,"turns":2.0},{"damage":14.0,"enemies":"IC_STATUS_ARCHETYPE","floor":16.0,"turns":7.0},{"damage":3.0,"enemies":"3 Byrds","floor":19.0,"turns":5.0},{"damage":15.0,"enemies":"downfall:LadyInBlue","floor":20.0,"turns":8.0},{"damage":1.0,"enemies":"downfall:LooterAlt2","floor":21.0,"turns":3.0},{"damage":0.0,"enemies":"downfall:FleeingMerchant","floor":22.0,"turns":4.0},{"damage":11.0,"enemies":"Sentry and Sphere","floor":25.0,"turns":4.0},{"damage":1.0,"enemies":"Snake Plant","floor":26.0,"turns":4.0},{"damage":0.0,"enemies":"Gremlin Leader","floor":27.0,"turns":4.0},{"damage":0.0,"enemies":"Chosen and Byrds","floor":28.0,"turns":3.0},{"damage":1.0,"enemies":"Centurion and Healer","floor":29.0,"turns":3.0},{"damage":22.0,"enemies":"Slavers","floor":30.0,"turns":5.0},{"damage":21.0,"enemies":"downfall:Augmenter","floor":31.0,"turns":4.0},{"damage":15.0,"enemies":"Snake Plant","floor":32.0,"turns":4.0},{"damage":26.0,"enemies":"DF_ARCHETYPE_CLAW","floor":33.0,"turns":6.0},{"damage":0.0,"enemies":"Orb Walker","floor":36.0,"turns":3.0},{"damage":0.0,"enemies":"3 Darklings","floor":37.0,"turns":3.0},{"damage":0.0,"enemies":"downfall:FleeingMerchant","floor":39.0,"turns":3.0},{"damage":19.0,"enemies":"Reptomancer","floor":40.0,"turns":6.0},{"damage":0.0,"enemies":"Reptomancer","floor":42.0,"turns":4.0},{"damage":0.0,"enemies":"4 Shapes","floor":45.0,"turns":2.0},{"damage":22.0,"enemies":"Transient","floor":46.0,"turns":5.0},{"damage":0.0,"enemies":"Giant Head","floor":48.0,"turns":6.0},{"damage":0.0,"enemies":"Sphere and 2 Shapes","floor":49.0,"turns":4.0},{"damage":23.0,"enemies":"SI_POISON_ARCHETYPE","floor":50.0,"turns":10.0},{"damage":48.0,"enemies":"downfall:CharBossMerchant","floor":52.0,"turns":7.0},{"damage":43.0,"enemies":"downfall:NeowBoss","floor":55.0,"turns":13.0},{"damage":102,"enemies":"downfall:NeowBossFinal","floor":56,"turns":11}],"seed_played":"-3413952839683590784","potions_obtained":[{"floor":4.0,"key":"CultistPotion"},{"floor":5.0,"key":"Regen Potion"},{"floor":10.0,"key":"AttackPotion"},{"floor":16.0,"key":"ColorlessPotion"},{"floor":19.0,"key":"LiquidMemories"},{"floor":20.0,"key":"PowerPotion"},{"floor":20.0,"key":"CultistPotion"},{"floor":20.0,"key":"PowerPotion"},{"floor":27.0,"key":"bronze:BuildAFunctionPotion"},{"floor":30.0,"key":"Dexterity Potion"},{"floor":32.0,"key":"Energy Potion"}],"is_trial":false,"path_per_floor":["R","?","M","M","M","R","T","M","R","E","M","E","$","?","M","B",null,"R","M","?","M","$","R","T","M","M","E","M","M","E","?","M","B",null,"R","M","M","?","$","E","T","?","$","?","M","M","R","E","M","B",null,"E","$","R","B","B"],"character_chosen":"THE_AUTOMATON","items_purchased":["bronze:FineTuning","bronze:Repair","bronze:ItsAFeature","Bottled Tornado","Ornamental Fan","bronze:FindAndReplace","ClockworkSouvenir"],"campfire_rested":1,"item_purchase_floors":[13,22,39,39,39,43,53],"current_hp_per_floor":[70,70,64,63,63,63,63,63,63,42,44,48,50,43,45,33,70,70,67,54,55,57,57,57,55,64,70,70,69,58,46,43,31,70,70,70,70,70,70,61,61,70,70,70,70,48,58,77,80,65,80,42,42,66,41,0,0,0],"gold":89,"neow_bonus":"REMOVE_TWO","is_daily":false,"chose_seed":false,"campfire_upgraded":6,"win_rate":0.0,"timestamp":1614053291,"path_taken":["R","?","M","M","M","R","T","?","R","E","M","E","$","?","M","BOSS","R","M","?","M","$","R","T","M","?","E","M","M","E","?","M","BOSS","R","M","M","?","$","E","T","?","$","?","M","M","R","E","M","BOSS","E","$","R","BOSS","BOSS"],"items_purchased_type":["Card","Card","Card","Relic","Relic","Card","Relic"],"build_version":"2020-12-22","purchased_purges":2,"victory":false,"max_hp_per_floor":[70,70,70,70,70,70,70,70,70,70,70,70,70,70,70,70,70,70,70,70,70,70,70,70,70,70,70,70,70,70,70,70,70,70,70,70,70,70,70,70,70,70,70,70,70,70,80,80,80,80,80,80,80,80,80,80,80,80],"card_choices":[{"not_picked":["bronze:Shield","bronze:BitShift"],"picked":"bronze:BugBarrage","floor":3.0},{"not_picked":["bronze:DarkDash","bronze:ChildClass"],"picked":"bronze:ChosenStrike","floor":4.0},{"not_picked":["bronze:Turbo","bronze:DelayedGuard"],"picked":"bronze:Frontload","floor":5.0},{"not_picked":["bronze:CutThrough","bronze:Safeguard"],"picked":"bronze:Branch","floor":8.0},{"not_picked":["bronze:DigitalCarnage","bronze:Iterate"],"picked":"bronze:DelayedSlice","floor":10.0},{"not_picked":["bronze:DarkDash","bronze:FineTuning"],"picked":"bronze:Allocate","floor":11.0},{"not_picked":["bronze:OilSpill","bronze:BuggyMess"],"picked":"bronze:HardenedForm","floor":12.0},{"not_picked":["bronze:CutThrough","bronze:Branch"],"picked":"bronze:Assembly","floor":13.0},{"not_picked":["bronze:Iterate","bronze:Turbo"],"picked":"bronze:Branch","floor":14.0},{"not_picked":["bronze:Shield","bronze:FineTuning"],"picked":"bronze:WildBeam","floor":15.0},{"not_picked":["bronze:Format","bronze:CleanCode"],"picked":"bronze:Mutator","floor":16.0},{"not_picked":["bronze:Frontload","bronze:Branch"],"picked":"bronze:Iterate","floor":19.0},{"not_picked":["bronze:DarkDash","bronze:BitShift"],"picked":"bronze:Branch+1","floor":20.0},{"not_picked":["bronze:Backtrace","bronze:Repulsor"],"picked":"bronze:BugBarrage+1","floor":21.0},{"not_picked":["bronze:Iterate","bronze:FineTuning"],"picked":"bronze:FollowUp","floor":22.0},{"not_picked":["bronze:Deprecate","bronze:Frontload"],"picked":"bronze:FollowUp+1","floor":25.0},{"not_picked":["bronze:Overheat+1","bronze:Safeguard"],"picked":"bronze:Overload","floor":26.0},{"not_picked":["bronze:HardenedForm","bronze:Shield"],"picked":"bronze:CloningBeam","floor":27.0},{"not_picked":["bronze:Branch","bronze:Repulsor","bronze:BugBarrage+1"],"picked":"SKIP","floor":28.0},{"not_picked":["bronze:Repair","bronze:Backtrace"],"picked":"bronze:Optimize","floor":29.0},{"not_picked":["bronze:Mutator","bronze:CutThrough"],"picked":"bronze:WildBeam","floor":30.0},{"not_picked":[],"picked":"J.A.X.","floor":31.0},{"not_picked":["bronze:FineTuning+1","bronze:CutThrough"],"picked":"bronze:Verify","floor":31.0},{"not_picked":["bronze:Overload","bronze:Philosophize"],"picked":"bronze:BronzeOrb+1","floor":32.0},{"not_picked":["bronze:HardenedForm","bronze:HyperBeam"],"picked":"bronze:SpaghettiCode","floor":33.0},{"not_picked":["bronze:FineTuning","bronze:Safeguard","bronze:DelayedSlice+1"],"picked":"SKIP","floor":36.0},{"not_picked":["bronze:WhirlingStrike","bronze:Shield+1"],"picked":"bronze:BronzeArmor+1","floor":37.0},{"not_picked":["expansioncontent:InvincibleStrength","expansioncontent:AwakenDeath"],"picked":"expansioncontent:PrepareCrush","floor":38.0},{"not_picked":["bronze:Philosophize","bronze:Overheat"],"picked":"bronze:Repair+1","floor":39.0},{"not_picked":["bronze:BronzeOrb+1","bronze:Branch"],"picked":"bronze:BuggyMess","floor":40.0},{"not_picked":["bronze:ForLoop","bronze:Frontload"],"picked":"bronze:BuggyMess","floor":42.0},{"not_picked":["bronze:Overheat+1","bronze:CutThrough+1","bronze:ThunderWave"],"picked":"SKIP","floor":45.0},{"not_picked":["bronze:BitShift","bronze:Philosophize+1"],"picked":"bronze:Boost","floor":46.0},{"not_picked":["bronze:OilSpill","bronze:Branch","bronze:ThunderWave"],"picked":"SKIP","floor":48.0},{"not_picked":["bronze:BitShift+1","bronze:Optimize","bronze:Turbo+1"],"picked":"SKIP","floor":49.0},{"not_picked":["bronze:HyperBeam","bronze:DelayedSlice"],"picked":"bronze:WildBeam+1","floor":52.0}],"player_experience":218232,"relics_obtained":[{"floor":7.0,"key":"Bottled Lightning"},{"floor":10.0,"key":"Blood Vial"},{"floor":12.0,"key":"Torii"},{"floor":20.0,"key":"Toy Ornithopter"},{"floor":24.0,"key":"Mercury Hourglass"},{"floor":27.0,"key":"Potion Belt"},{"floor":30.0,"key":"Boot"},{"floor":31.0,"key":"MutagenicStrength"},{"floor":40.0,"key":"Vajra"},{"floor":42.0,"key":"FossilizedHelix"},{"floor":44.0,"key":"bronze:ProtectiveGoggles"},{"floor":48.0,"key":"Bird Faced Urn"},{"floor":52.0,"key":"Art of War"}],"event_choices":[],"is_beta":false,"boss_relics":[{"not_picked":["Black Star","Velvet Choker"],"picked":"bronze:MakeshiftBattery"},{"not_picked":["Pandora\u0027s Box","Cursed Key"],"picked":"Sozu"}],"items_purged_floors":[13,22],"is_endless":false,"potions_floor_spawned":[4,5,10,16,19,26,27,30,31,32,37,42,46,48,52],"killed_by":"downfall:NeowBossFinal","ascension_level":0}}