{"host":"64gqi7dm4ozxia1w","time":1614070194,"event":{"mods":["Act Like it!","Arknights","BaseMod","CapriCore","Colored Map","Friendly Minions","Minty Spire (QoL Compilation)","Reliquary","StSLib","The Immortal"],"gold_per_floor":[114,114,130,146,71,105,115,170,170,170,190,190,222,238,238,238,238],"floor_reached":16,"language":"KOR","playtime":665,"items_purged":["ats:Defend"],"score":112,"play_id":"f7204e7c-4652-4f8b-b661-d32c43c7d48e","local_time":"20210223174954","is_ascension_mode":false,"campfire_choices":[{"floor":10.0,"key":"REST"},{"data":"ats:Soul Absorption","floor":12.0,"key":"SMITH"},{"data":"ats:Dogmatic Field","floor":15,"key":"SMITH"}],"circlet_count":0,"master_deck":["ats:Strike C","ats:Strike G","ats:Strike S","ats:Strike V","ats:Armor Crushing Shot","ats:Defend","ats:Defend","ats:Defend","ats:Emotion Absorption","ats:Closed Bolt Burst Fire","ats:Soul Absorption+1","ats:Charging Defense","ats:Dogmatic Field+1","ats:Calcification"],"relics":["ats:Sanity","NeowsBlessing","Ornamental Fan","ats:Originium","reliquary:Firecrackers","Orichalcum","Potion Belt","Juzu Bracelet"],"acts_visited":["Exordium"],"potions_floor_usage":[16,16],"damage_taken":[{"damage":0.0,"enemies":"Cultist","floor":1.0,"turns":1.0},{"damage":0.0,"enemies":"Jaw Worm","floor":3.0,"turns":1.0},{"damage":0.0,"enemies":"ats:Genji","floor":4.0,"turns":1.0},{"damage":29.0,"enemies":"Gremlin Nob","floor":6.0,"turns":5.0},{"damage":12.0,"enemies":"3 Louse","floor":7.0,"turns":4.0},{"damage":5.0,"enemies":"Looter","floor":11.0,"turns":4.0},{"damage":23.0,"enemies":"3 Sentries","floor":13.0,"turns":10.0},{"damage":0,"enemies":"2 Fungi Beasts","floor":14,"turns":3},{"damage":24,"enemies":"Hexaghost","floor":16,"turns":10}],"seed_played":"2250755927290634338","potions_obtained":[{"floor":6.0,"key":"Weak Potion"},{"floor":7.0,"key":"PowerPotion"},{"floor":11.0,"key":"Energy Potion"},{"floor":13.0,"key":"Energy Potion"}],"is_trial":false,"path_per_floor":["M","T","M","M","$","E","M","T","T","R","M","R","E","M","R","B"],"character_chosen":"DOCTOR_CLASS","items_purchased":[],"campfire_rested":1,"item_purchase_floors":[],"current_hp_per_floor":[72,72,72,72,72,43,31,31,31,52,47,47,33,34,34,14,14],"gold":238,"neow_bonus":"THREE_ENEMY_KILL","is_daily":false,"chose_seed":false,"campfire_upgraded":2,"win_rate":0.0,"timestamp":1614070194,"path_taken":["M","?","?","M","$","E","M","?","T","R","M","R","E","M","R","BOSS"],"items_purchased_type":[],"build_version":"2020-12-22","purchased_purges":1,"victory":false,"max_hp_per_floor":[72,72,72,72,72,72,72,72,72,72,72,72,72,72,72,72,72],"card_choices":[{"not_picked":["ats:Flexible Camouflage","ats:Overload"],"picked":"ats:Closed Bolt Burst Fire","floor":1.0},{"not_picked":["ats:Beaten Up","ats:Poison Spread","ats:Phantom"],"picked":"SKIP","floor":3.0},{"not_picked":["ats:Flexible Camouflage","ats:Flame Of Heaven"],"picked":"ats:Soul Absorption","floor":4.0},{"not_picked":["ats:Red Shift","ats:Poison Spread"],"picked":"ats:Charging Defense","floor":6.0},{"not_picked":["ats:Directed Diagnosis","ats:Mental Burst","ats:LN2 Cannon"],"picked":"SKIP","floor":7.0},{"not_picked":["ats:Hook Shot","ats:Guard Mode"],"picked":"ats:Dogmatic Field","floor":11.0},{"not_picked":["ats:Automatic Cover","ats:Ignite"],"picked":"ats:Calcification","floor":13.0},{"not_picked":["ats:Shell Defense","ats:Flexible Camouflage","ats:Red Shift"],"picked":"SKIP","floor":14}],"player_experience":414406,"relics_obtained":[{"floor":2.0,"key":"Ornamental Fan"},{"floor":6.0,"key":"ats:Originium"},{"floor":6.0,"key":"reliquary:Firecrackers"},{"floor":8.0,"key":"Orichalcum"},{"floor":9.0,"key":"Potion Belt"},{"floor":13.0,"key":"ats:Originium"},{"floor":13.0,"key":"Juzu Bracelet"}],"event_choices":[],"is_beta":false,"boss_relics":[],"items_purged_floors":[5],"is_endless":false,"potions_floor_spawned":[6,7,11,13],"killed_by":"Hexaghost","ascension_level":0}}