{"host":"1hw3ks68c0zl1mxv","time":1614057401,"event":{"mods":["2.2 Compatiblity","Act Like it!","Aspiration","BaseMod","Beaked The Cultist","BetterRewards","Colored Map","Colored Powertips","Conspire","Downfall","Energized Spire","GungeonMod","Halation","Hallownest","Hubris","Infinite Spire","Marisa????????","Mimic Mod","Minty Spire (QoL Compilation)","Quick Restart","Replay The Spire","Shop Mod","StSLib","The Bug Knight","The Construct","The Elementalist","The Necromancer","The Saiyan","The Servant 0.9.4","TheHero"],"gold_per_floor":[113,129,143,156,156,156,156,175,198,198,208,42,53,53,53,130,130,146,146,161,208,98,98,98],"floor_reached":23,"language":"ENG","playtime":1016,"items_purged":[],"score":566,"play_id":"514208d3-94fc-4b64-a948-e7daf3ff234c","local_time":"20210222221641","is_ascension_mode":true,"campfire_choices":[{"floor":6,"key":"REST"},{"floor":15,"key":"REST"}],"circlet_count":0,"master_deck":["AscendersBane","Strike_B","Strike_B","Strike_B","Strike_B","Defend_B+1","Defend_B","Defend_B","Defend_B","Zap","Dualcast","FIFO Queue","Consume","Biased Cognition+1","Crystallizer","Stack","Glacier","ReplayTheSpireMod:Calculation Training","Conserve Battery","Barrage","Reboot","Cold Snap","Writhe","Leap","Leap"],"relics":["Cracked Core","Replay:WaspNest","Symbiotic Virus","Frozen Egg 2","Art of War","Juzu Bracelet","aspiration:FutureDiary","Replay:Wax Seal","DemoMod:GlassGuonStoneRelic","DemoMod:BlueGuonStone"],"acts_visited":["Exordium","TheCity"],"potions_floor_usage":[13,23],"damage_taken":[{"damage":13,"enemies":"infinitespire:Voidling","floor":1,"turns":5},{"damage":21,"enemies":"Small Slimes","floor":2,"turns":4},{"damage":3,"enemies":"2 Louse","floor":3,"turns":2},{"damage":6,"enemies":"2 Fungi Beasts","floor":4,"turns":3},{"damage":29,"enemies":"Lots of Slimes","floor":8,"turns":3},{"damage":6,"enemies":"Gremlin Gang","floor":11,"turns":8},{"damage":5,"enemies":"conspire:2 RoseBushes","floor":13,"turns":4},{"damage":5,"enemies":"Hexaghost","floor":16,"turns":8},{"damage":15,"enemies":"Shell Parasite","floor":18,"turns":9},{"damage":24,"enemies":"Chosen","floor":20,"turns":5},{"damage":24,"enemies":"Replay:Snechameleon","floor":23,"turns":5}],"seed_played":"808706007412164242","potions_obtained":[{"floor":1,"key":"Weak Potion"},{"floor":2,"key":"Swift Potion"},{"floor":4,"key":"CultistPotion"},{"floor":13,"key":"FocusPotion"},{"floor":20,"key":"Block Potion"}],"is_trial":false,"path_per_floor":["M","M","M","M","?","R","?","M","T","?","M","$","M","?","R","B",null,"M","?","M","?","?","E"],"character_chosen":"DEFECT","items_purchased":["Replay:WaspNest","Symbiotic Virus","FIFO Queue","Consume","Biased Cognition","Juzu Bracelet"],"campfire_rested":2,"item_purchase_floors":[0,0,0,0,0,12],"current_hp_per_floor":[51,30,27,21,21,42,42,13,13,13,7,7,2,2,23,18,58,43,43,19,19,19,0,0],"gold":98,"neow_bonus":"","is_daily":false,"chose_seed":false,"campfire_upgraded":0,"win_rate":0.0,"timestamp":1614057401,"path_taken":["M","?","M","M","?","R","?","M","T","?","M","?","M","?","R","BOSS","M","?","M","?","?","E"],"items_purchased_type":["Relic","Relic","Card","Card","Card","Relic"],"build_version":"2020-12-22","purchased_purges":0,"victory":false,"max_hp_per_floor":[71,71,71,71,71,71,71,71,71,71,71,71,71,71,71,71,71,71,71,71,71,71,71,71],"card_choices":[{"not_picked":["Hologram","Beam Cell"],"picked":"Crystallizer","floor":1},{"not_picked":["Sweeping Beam","Compile Driver","Undo"],"picked":"SKIP","floor":2},{"not_picked":["Gash","ReplayTheSpireMod:Dual Polarity"],"picked":"Stack","floor":3},{"not_picked":["Compile Driver","Barrage"],"picked":"Glacier","floor":4},{"not_picked":["ReplayTheSpireMod:Omega Cannon","White Noise"],"picked":"ReplayTheSpireMod:Calculation Training","floor":8},{"not_picked":["Hologram","Skim"],"picked":"Conserve Battery","floor":11},{"not_picked":["Beam Cell","conspire:SharedLibrary+1"],"picked":"Barrage","floor":13},{"not_picked":["Hyperbeam","hubris:SpecializedCircuitry+1"],"picked":"Reboot","floor":16},{"not_picked":["Gash","Ball Lightning"],"picked":"Cold Snap","floor":18},{"not_picked":["Compile Driver","Genetic Algorithm","Lockon"],"picked":"SKIP","floor":20},{"not_picked":["Compile Driver+1","Panic Button+1"],"picked":"Leap","floor":21},{"not_picked":["Reinforced Body","BasicCrystalCard"],"picked":"Leap","floor":21}],"player_experience":1618696,"relics_obtained":[{"floor":9,"key":"Art of War"},{"floor":21,"key":"DemoMod:BlueGuonStone"}],"event_choices":[{"cards_removed":["Injury"],"damage_healed":0,"gold_gain":0,"player_choice":"Purged","damage_taken":0,"max_hp_gain":0,"max_hp_loss":0,"event_name":"Purifier","floor":14,"gold_loss":0},{"damage_healed":0,"gold_gain":0,"player_choice":"Opened","damage_taken":0,"relics_obtained":["Replay:Wax Seal"],"max_hp_gain":0,"max_hp_loss":0,"event_name":"The Mausoleum","floor":19,"gold_loss":0,"cards_obtained":["Writhe"]},{"cards_removed":["Pain"],"damage_healed":0,"gold_gain":0,"player_choice":"Upgrade and Remove","damage_taken":0,"max_hp_gain":0,"max_hp_loss":0,"event_name":"Designer","floor":22,"gold_loss":110,"cards_upgraded":["Defend_B"]}],"is_beta":false,"boss_relics":[{"not_picked":["energizedSpire:NeverEndingSparkler","beaked:MawFillet"],"picked":"aspiration:FutureDiary"}],"items_purged_floors":[],"is_endless":false,"potions_floor_spawned":[1,2,4,13,20],"killed_by":"Replay:Snechameleon","ascension_level":20}}