{"host":"kejh1c9c53env2nx","time":1614101744,"event":{"mods":["BaseMod","Downfall","Minty Spire (QoL Compilation)","StSLib"],"gold_per_floor":[114,39,39,39,59,59,90,106,131,147,147,147,158,170,170,268,268,281,281,138,152,67,101,101,117,142,161,161,161],"floor_reached":28,"language":"ENG","playtime":1813,"items_purged":[],"score":240,"play_id":"cef55550-b6d8-4650-82ee-557e7e711d48","local_time":"20210223173544","is_ascension_mode":false,"campfire_choices":[{"data":"Infinite Blades","floor":6,"key":"SMITH"},{"floor":12,"key":"REST"},{"floor":15,"key":"REST"},{"data":"Accuracy","floor":24,"key":"SMITH"}],"circlet_count":0,"master_deck":["Strike_G","Strike_G","Strike_G","Strike_G","Strike_G","Defend_G","Defend_G","Defend_G","Defend_G","Defend_G","Survivor","Neutralize","Phantasmal Killer+1","Blade Dance","Infinite Blades+1","Infinite Blades","Riddle With Holes","Accuracy+1","Prepared","PiercingWail","Slice","Eviscerate","Infinite Blades","Adrenaline","Calculated Gamble","Night Terror","Blade Dance","Backstab+1","PiercingWail"],"relics":["Ring of the Snake","Bronze Scales","Dream Catcher","FaceOfCleric","WristBlade","Lantern","Pen Nib","Potion Belt"],"acts_visited":["Exordium","TheCity"],"potions_floor_usage":[7,16,16,23,27],"damage_taken":[{"damage":1,"enemies":"Cultist","floor":1,"turns":4},{"damage":0,"enemies":"Small Slimes","floor":5,"turns":3},{"damage":21,"enemies":"Lagavulin","floor":7,"turns":4},{"damage":0,"enemies":"2 Louse","floor":8,"turns":3},{"damage":17,"enemies":"Gremlin Gang","floor":10,"turns":4},{"damage":5,"enemies":"Looter","floor":13,"turns":3},{"damage":7,"enemies":"Blue Slaver","floor":14,"turns":3},{"damage":50,"enemies":"The Guardian","floor":16,"turns":8},{"damage":0,"enemies":"Spheric Guardian","floor":18,"turns":3},{"damage":27,"enemies":"2 Thieves","floor":21,"turns":3},{"damage":21,"enemies":"Book of Stabbing","floor":23,"turns":5},{"damage":8,"enemies":"Snake Plant","floor":25,"turns":3},{"damage":7,"enemies":"Shelled Parasite and Fungi","floor":27,"turns":3},{"damage":0,"enemies":"Centurion and Healer","floor":28,"turns":2}],"seed_played":"-426008658967064655","potions_obtained":[{"floor":5,"key":"Strength Potion"},{"floor":7,"key":"SteroidPotion"},{"floor":14,"key":"PowerPotion"},{"floor":21,"key":"SkillPotion"},{"floor":23,"key":"Strength Potion"}],"is_trial":false,"path_per_floor":["M","$","?","?","M","R","E","M","T","M","?","R","M","M","R","B",null,"M","?","$","M","?","E","R","M","T","M","M"],"character_chosen":"THE_SILENT","items_purchased":["Infinite Blades","Night Terror"],"campfire_rested":2,"item_purchase_floors":[2,20],"current_hp_per_floor":[62,62,62,62,62,62,41,41,41,24,24,42,38,32,51,2,66,67,67,67,41,41,21,21,14,14,8,8,8],"gold":161,"neow_bonus":"THREE_RARE_CARDS","is_daily":false,"chose_seed":false,"campfire_upgraded":2,"win_rate":0.0,"timestamp":1614101744,"path_taken":["M","$","?","?","M","R","E","M","T","M","?","R","M","?","R","BOSS","M","?","$","M","?","E","R","M","T","M","M"],"items_purchased_type":["Card","Card"],"build_version":"2020-12-22","purchased_purges":0,"victory":false,"max_hp_per_floor":[63,63,63,63,63,63,63,63,63,63,63,63,64,65,65,66,66,67,67,67,68,68,69,69,70,70,71,71,71],"card_choices":[{"not_picked":["Tools of the Trade","Unload"],"picked":"Phantasmal Killer","floor":0},{"not_picked":["Quick Slash","Noxious Fumes"],"picked":"Blade Dance","floor":1},{"not_picked":["Cloak And Dagger","Well Laid Plans"],"picked":"Infinite Blades","floor":5},{"not_picked":["Underhanded Strike","Poisoned Stab"],"picked":"Riddle With Holes","floor":7},{"not_picked":["Skewer","Envenom"],"picked":"Accuracy","floor":8},{"not_picked":["Dodge and Roll","Deflect"],"picked":"Prepared","floor":10},{"not_picked":["Leg Sweep","Prepared"],"picked":"PiercingWail","floor":12},{"not_picked":["Backflip","Bane"],"picked":"Slice","floor":13},{"not_picked":["Choke","Reflex"],"picked":"Eviscerate","floor":14},{"not_picked":["Malaise","Masterful Stab"],"picked":"Infinite Blades","floor":15},{"not_picked":["Glass Knife","Doppelganger"],"picked":"Adrenaline","floor":16},{"not_picked":["Bouncing Flask+1","Dodge and Roll"],"picked":"Calculated Gamble","floor":18},{"not_picked":["Bouncing Flask+1","Riddle With Holes"],"picked":"Blade Dance","floor":21},{"not_picked":["Outmaneuver","Acrobatics"],"picked":"Backstab+1","floor":23},{"not_picked":["Noxious Fumes","Skewer+1","Distraction"],"picked":"SKIP","floor":25},{"not_picked":["Quick Slash","Noxious Fumes"],"picked":"PiercingWail","floor":27}],"player_experience":71025,"relics_obtained":[{"floor":7,"key":"Bronze Scales"},{"floor":9,"key":"Dream Catcher"},{"floor":23,"key":"Pen Nib"},{"floor":26,"key":"Potion Belt"}],"event_choices":[{"damage_healed":0,"gold_gain":0,"player_choice":"Grow","damage_taken":0,"max_hp_gain":0,"max_hp_loss":0,"event_name":"Living Wall","floor":3,"gold_loss":0,"cards_upgraded":["Phantasmal Killer"]},{"damage_healed":0,"gold_gain":0,"player_choice":"Ignored","damage_taken":0,"max_hp_gain":0,"max_hp_loss":0,"event_name":"Golden Wing","floor":4,"gold_loss":0},{"damage_healed":0,"gold_gain":0,"player_choice":"Trade","damage_taken":0,"relics_obtained":["FaceOfCleric"],"max_hp_gain":0,"max_hp_loss":0,"event_name":"FaceTrader","floor":11,"gold_loss":0},{"damage_healed":0,"gold_gain":0,"player_choice":"Obtained Relic","damage_taken":0,"relics_obtained":["Lantern"],"max_hp_gain":0,"max_hp_loss":0,"event_name":"Addict","floor":22,"gold_loss":85}],"is_beta":false,"boss_relics":[{"not_picked":["bronze:MakeshiftBattery","Snecko Eye"],"picked":"WristBlade"}],"items_purged_floors":[],"is_endless":false,"potions_floor_spawned":[5,7,14,21,23],"killed_by":"Centurion and Healer","ascension_level":0}}