{"host":"pjgcdp3h1plnbocs","time":1614088915,"event":{"mods":["AchievementEnabler","BaseMod","Colored Map","Downfall","Highlight Path","Minty Spire (QoL Compilation)","StSLib"],"gold_per_floor":[118,135,135,146,146,186,186,222,245,260,304,320,320,320,320,440,440,459,241,241,265,285,285,321,34,111,111,111],"floor_reached":27,"language":"ENG","playtime":784,"items_purged":["Strike_B"],"score":377,"play_id":"aa80de17-1bcb-4d80-a0fd-e65925a8e505","local_time":"20210223150155","is_ascension_mode":true,"campfire_choices":[{"floor":13,"key":"REST"},{"data":"Dualcast","floor":15,"key":"SMITH"},{"floor":23,"key":"REST"}],"circlet_count":0,"master_deck":["AscendersBane","Strike_B","Strike_B","Strike_B","Defend_B","Defend_B","Defend_B","Zap","Dualcast+1","Coolheaded","Coolheaded","Chaos","Gash","Ball Lightning","Redo+1","Gash","Buffer","Seek","Redo+1","Compile Driver","Static Discharge+1","Electrodynamics"],"relics":["FrozenCore","NeowsBlessing","Golden Idol","PreservedInsect","Toy Ornithopter","Orichalcum","Dream Catcher","Omamori","CultistMask","MealTicket","Lantern","Bronze Scales","Pantograph"],"acts_visited":["Exordium","TheCity"],"potions_floor_usage":[8,10,11,16,21],"damage_taken":[{"damage":0,"enemies":"Cultist","floor":1,"turns":1},{"damage":0,"enemies":"2 Louse","floor":2,"turns":1},{"damage":0,"enemies":"Jaw Worm","floor":4,"turns":1},{"damage":19,"enemies":"Lagavulin","floor":6,"turns":9},{"damage":18,"enemies":"Gremlin Nob","floor":8,"turns":5},{"damage":8,"enemies":"Lots of Slimes","floor":10,"turns":4},{"damage":18,"enemies":"Lagavulin","floor":11,"turns":6},{"damage":6,"enemies":"Looter","floor":12,"turns":3},{"damage":31,"enemies":"The Guardian","floor":16,"turns":13},{"damage":6,"enemies":"Spheric Guardian","floor":18,"turns":5},{"damage":18,"enemies":"Chosen","floor":21,"turns":8},{"damage":30,"enemies":"Centurion and Healer","floor":22,"turns":9},{"damage":32,"enemies":"Book of Stabbing","floor":24,"turns":4},{"damage":20,"enemies":"Gremlin Leader","floor":27,"turns":2}],"seed_played":"-8943470157388668963","potions_obtained":[{"floor":1,"key":"Dexterity Potion"},{"floor":2,"key":"Weak Potion"},{"floor":6,"key":"DuplicationPotion"},{"floor":8,"key":"FairyPotion"},{"floor":11,"key":"PowerPotion"},{"floor":21,"key":"Fruit Juice"}],"is_trial":false,"path_per_floor":["M","M","?","M","?","E","?","E","T","M","E","M","R","?","R","B",null,"M","$","?","M","M","R","E","$","T","E"],"character_chosen":"DEFECT","items_purchased":["Omamori","Lantern","Bronze Scales"],"campfire_rested":2,"item_purchase_floors":[19,25,25],"current_hp_per_floor":[68,68,61,61,61,42,42,24,24,21,8,2,22,22,22,20,57,51,51,51,43,13,35,3,18,18,0,0],"gold":111,"neow_bonus":"THREE_ENEMY_KILL","is_daily":false,"chose_seed":false,"campfire_upgraded":1,"win_rate":0.0,"timestamp":1614088915,"path_taken":["M","M","?","M","?","E","?","E","T","M","E","M","R","?","R","BOSS","M","$","?","M","M","R","E","?","T","E"],"items_purchased_type":["Relic","Relic","Relic"],"build_version":"2020-12-22","purchased_purges":1,"victory":false,"max_hp_per_floor":[75,75,75,75,69,69,69,69,69,69,69,69,69,69,69,69,69,69,69,69,74,74,74,74,74,74,74,74],"card_choices":[{"not_picked":["Aggregate","Stack"],"picked":"Coolheaded","floor":1},{"not_picked":["Consume","Barrage"],"picked":"Coolheaded","floor":2},{"not_picked":["Steam","Rebound"],"picked":"Chaos","floor":4},{"not_picked":["Undo","Stack"],"picked":"Gash","floor":6},{"not_picked":["Steam","Streamline","Stack"],"picked":"SKIP","floor":8},{"not_picked":["Reprogram","Coolheaded"],"picked":"Ball Lightning","floor":10},{"not_picked":["Consume","Streamline"],"picked":"Redo","floor":11},{"not_picked":["Recycle","Leap"],"picked":"Gash","floor":12},{"not_picked":["Barrage","Redo"],"picked":"Buffer","floor":13},{"not_picked":["Reboot","Core Surge"],"picked":"Seek","floor":16},{"not_picked":["Sweeping Beam","Rebound+1"],"picked":"Redo+1","floor":18},{"not_picked":["Leap+1","Compile Driver","Stack"],"picked":"SKIP","floor":21},{"not_picked":["Leap+1","Stack"],"picked":"Compile Driver","floor":21},{"not_picked":["Beam Cell","Compile Driver","Rebound"],"picked":"SKIP","floor":22},{"not_picked":["Beam Cell+1","Barrage+1"],"picked":"Static Discharge+1","floor":23},{"not_picked":["Glacier","Storm+1"],"picked":"Electrodynamics","floor":24}],"player_experience":265609,"relics_obtained":[{"floor":6,"key":"PreservedInsect"},{"floor":8,"key":"Toy Ornithopter"},{"floor":9,"key":"Orichalcum"},{"floor":11,"key":"Dream Catcher"},{"floor":24,"key":"MealTicket"},{"floor":26,"key":"Pantograph"}],"event_choices":[{"cards_removed":["Defend_B"],"damage_healed":0,"gold_gain":0,"player_choice":"Card Removal","damage_taken":7,"max_hp_gain":0,"max_hp_loss":0,"event_name":"Golden Wing","floor":3,"gold_loss":0},{"damage_healed":0,"gold_gain":0,"player_choice":"Lose Max HP","damage_taken":0,"relics_obtained":["Golden Idol"],"max_hp_gain":0,"max_hp_loss":6,"event_name":"Golden Idol","floor":5,"gold_loss":0},{"damage_healed":0,"gold_gain":0,"player_choice":"Ignored","damage_taken":0,"max_hp_gain":0,"max_hp_loss":0,"event_name":"Liars Game","floor":7,"gold_loss":0},{"damage_healed":0,"gold_gain":0,"player_choice":"Upgraded","damage_taken":0,"max_hp_gain":0,"max_hp_loss":0,"event_name":"Upgrade Shrine","floor":14,"gold_loss":0,"cards_upgraded":["Redo"]},{"damage_healed":0,"gold_gain":0,"player_choice":"Trade","damage_taken":0,"relics_obtained":["CultistMask"],"max_hp_gain":0,"max_hp_loss":0,"event_name":"FaceTrader","floor":20,"gold_loss":0}],"is_beta":false,"boss_relics":[{"not_picked":["Snecko Eye","Pandora\u0027s Box"],"picked":"FrozenCore"}],"items_purged_floors":[19],"is_endless":false,"potions_floor_spawned":[1,2,6,8,11,21],"killed_by":"Gremlin Leader","ascension_level":10}}