{"host":"flm17o2q7bfjyna6","time":1614095965,"event":{"mods":["2.2 Compatiblity","Act Like it!","BaseMod","Better Altar","Better Match","Better Note","Better Sensory Stone","Better Skull","Better Third Choice","Better Vampires","Colored Map","Colored Powertips","DeckTracker","Downfall","Fox Events","Minty Spire (QoL Compilation)","Quick Restart","Replay The Spire","Reworked Bosses","Spicy Shops","StSLib","TheSwordswoman","Wandering Minibosses"],"gold_per_floor":[99,118,118,118,118,128,139,139,139,139,139,152,152,181,192,221,239,340,340,340,350,364,382,34,34,60,78,93,93,6,6,6,24,41,139,139,139,156,176,176,195,227,227,12,12,12,44,56,72,72,91,91,91,91],"floor_reached":52,"language":"ENG","playtime":3030,"items_purged":["bronze:Strike","Shame"],"score":730,"play_id":"5afa4dbb-db60-44de-829a-4db3e74cb8df","local_time":"20210223105925","is_ascension_mode":true,"campfire_choices":[{"data":"bronze:Replicate","floor":1,"key":"SMITH"},{"data":"bronze:OilSpill","floor":8,"key":"SMITH"},{"data":"bronze:DelayedSlice","floor":10,"key":"SMITH"},{"data":"bronze:Goto","floor":13,"key":"SMITH"},{"data":"bronze:Frontload","floor":20,"key":"SMITH"},{"data":"expansioncontent:QuickStudy","floor":25,"key":"SMITH"},{"data":"bronze:Overheat","floor":29,"key":"SMITH"},{"data":"bronze:FineTuning","floor":31,"key":"SMITH"},{"data":"bronze:Optimize","floor":37,"key":"SMITH"},{"data":"bronze:Mutator","floor":46,"key":"SMITH"}],"circlet_count":0,"master_deck":["bronze:Defend+1","bronze:Defend+1","bronze:Defend+1","bronze:Replicate+1","bronze:Goto+1","bronze:FineTuning+1","bronze:OilSpill+1","bronze:DelayedSlice+1","bronze:BuggyMess","bronze:Frontload+1","bronze:Boost","bronze:Verify","bronze:Constructor","bronze:Virus","CommonCold","Parasite","Parasite","bronze:Overheat+1","bronze:Terminator","bronze:ItsAFeature+1","expansioncontent:QuickStudy+1","Flash of Steel","bronze:GetLatest","bronze:Backtrace+1","bronze:Optimize+1","bronze:MaxOutput+1","bronze:Deprecate","bronze:FollowUp","bronze:ItsAFeature","bronze:Return+1","bronze:Mutator+1","bronze:WhirlingStrike+1","bronze:Iterate","Clumsy","bronze:ChildClass","bronze:ItsAFeature+1","Pain","Enlightenment+1","Survey Options","bronze:Overload","bronze:Repulsor+1","bronze:WhirlingStrike+1"],"relics":["bronze:BronzeCore","ReplayTheSpireMod:TigerMarble","Ancient Tea Set","Replay:Ancient Bell","Anchor","Mummified Hand","Incense Burner","Bag of Preparation","SlaversCollar","champ:Barbells","Lantern","Juzu Bracelet","Replay:Bottled Eggs","Membership Card","Replay:Wax Seal","sneckomod:BlankCard","Lee\u0027s Waffle","Omamori"],"acts_visited":["Exordium","TheCity","TheBeyond"],"potions_floor_usage":[18,18,30,39,42,52,52,52,52,52,52],"damage_taken":[{"damage":0,"enemies":"Small Slimes","floor":2,"turns":3},{"damage":1,"enemies":"Cultist","floor":6,"turns":4},{"damage":1,"enemies":"Jaw Worm","floor":7,"turns":3},{"damage":1,"enemies":"3 Louse","floor":12,"turns":2},{"damage":9,"enemies":"Replay:BlueRogue","floor":14,"turns":2},{"damage":2,"enemies":"Blue Slaver","floor":15,"turns":2},{"damage":1,"enemies":"Lagavulin","floor":16,"turns":6},{"damage":0,"enemies":"Gremlin Gang","floor":17,"turns":5},{"damage":50,"enemies":"IC_STATUS_ARCHETYPE","floor":18,"turns":10},{"damage":0,"enemies":"Spheric Guardian","floor":21,"turns":3},{"damage":0,"enemies":"Chosen","floor":22,"turns":4},{"damage":8,"enemies":"Snecko","floor":23,"turns":6},{"damage":0,"enemies":"downfall:FleeingMerchant","floor":24,"turns":4},{"damage":0,"enemies":"Cultist and Chosen","floor":27,"turns":5},{"damage":5,"enemies":"Centurion and Healer","floor":28,"turns":4},{"damage":0,"enemies":"downfall:FleeingMerchant","floor":30,"turns":4},{"damage":0,"enemies":"3 Cultists","floor":33,"turns":1},{"damage":0,"enemies":"Snake Plant","floor":34,"turns":5},{"damage":8,"enemies":"SI_MIRROR_ARCHETYPE","floor":35,"turns":4},{"damage":4,"enemies":"3 Shapes","floor":38,"turns":3},{"damage":0,"enemies":"downfall:FleeingMerchant","floor":39,"turns":2},{"damage":14,"enemies":"3 Darklings","floor":41,"turns":4},{"damage":0,"enemies":"Giant Head","floor":42,"turns":6},{"damage":3,"enemies":"Reptomancer","floor":47,"turns":6},{"damage":14,"enemies":"Jaw Worm Horde","floor":48,"turns":3},{"damage":34,"enemies":"Maw","floor":49,"turns":6},{"damage":10,"enemies":"3 Darklings","floor":51,"turns":4},{"damage":33,"enemies":"DF_ARCHETYPE_ORBS","floor":52,"turns":2}],"seed_played":"-3704272625843083463","potions_obtained":[{"floor":5,"key":"SmokeBomb"},{"floor":5,"key":"Ancient Potion"},{"floor":5,"key":"LiquidBronze"},{"floor":7,"key":"ColorlessPotion"},{"floor":18,"key":"SmokeBomb"},{"floor":22,"key":"hexamod:SoulburnPotion"},{"floor":33,"key":"bronze:BuildAFunctionPotion"},{"floor":34,"key":"hexamod:SoulburnPotion"},{"floor":35,"key":"bronze:BurnAndBuffPotion"},{"floor":42,"key":"GamblersBrew"},{"floor":48,"key":"PowerPotion"},{"floor":51,"key":"EntropicBrew"}],"is_trial":false,"path_per_floor":["R","M","PTL","PTL","?","M","M","R","T","R","?","M","R","E","M","E","M","B",null,"R","M","M","M","$","R","T","M","M","R","$","R","?","M","M","B",null,"R","M","$","?","M","E","T","$","?","R","E","M","M","?","M","B"],"character_chosen":"THE_AUTOMATON","items_purchased":["expansioncontent:QuickStudy","Flash of Steel","bronze:MaxOutput+1","champ:Barbells","Lantern","Membership Card","Replay:Wax Seal","sneckomod:BlankCard","Lee\u0027s Waffle"],"campfire_rested":0,"item_purchase_floors":[24,24,30,39,39,44,44,44,44],"current_hp_per_floor":[77,77,77,77,77,76,75,75,75,75,75,74,74,65,63,62,62,12,77,77,77,77,69,69,69,69,69,64,64,64,64,64,64,64,56,77,77,73,73,73,59,59,59,84,84,84,81,67,33,33,23,0,0,0],"gold":91,"neow_bonus":"TEN_PERCENT_HP_BONUS","is_daily":false,"chose_seed":false,"campfire_upgraded":10,"win_rate":0.0,"timestamp":1614095965,"path_taken":["R","M","PTL","PTL","?","M","?","R","T","R","?","M","R","E","M","E","M","BOSS","R","M","M","M","$","R","T","M","M","R","$","R","?","?","M","BOSS","R","M","$","?","M","E","T","$","?","R","E","M","M","?","M","BOSS"],"items_purchased_type":["Card","Card","Card","Relic","Relic","Relic","Relic","Relic","Relic"],"build_version":"2020-12-22","purchased_purges":2,"victory":false,"max_hp_per_floor":[77,77,77,77,77,77,77,77,77,77,77,77,77,77,77,77,77,77,77,77,77,77,77,77,77,77,77,77,77,77,77,77,77,77,77,77,77,77,77,77,77,77,77,84,84,84,84,84,84,84,84,84,84,84],"card_choices":[{"not_picked":["bronze:Separator","bronze:Frontload"],"picked":"bronze:FineTuning","floor":2},{"not_picked":["bronze:GetLatest","bronze:CutThrough"],"picked":"bronze:OilSpill","floor":6},{"not_picked":["bronze:FineTuning","bronze:Branch"],"picked":"bronze:DelayedSlice","floor":7},{"not_picked":["bronze:Philosophize","bronze:DelayedGuard"],"picked":"bronze:BuggyMess","floor":12},{"not_picked":["bronze:HyperBeam","bronze:Break"],"picked":"bronze:Frontload","floor":14},{"not_picked":["bronze:ItsAFeature","bronze:Turbo"],"picked":"bronze:Boost","floor":15},{"not_picked":["bronze:BuggyMess","bronze:Backtrace"],"picked":"bronze:Verify","floor":16},{"not_picked":["bronze:GetLatest","bronze:Branch"],"picked":"bronze:Constructor","floor":17},{"not_picked":["bronze:ShipIt","bronze:RecursiveStrike"],"picked":"bronze:Virus","floor":18},{"not_picked":["Amnesia","betterMatch:CurseCard"],"picked":"CommonCold","floor":19},{"not_picked":["Voices","Looming Evil"],"picked":"Parasite","floor":19},{"not_picked":["Looming Evil","Replay:Hysterical Blindness"],"picked":"Parasite","floor":19},{"not_picked":["bronze:CutThrough+1","bronze:Turbo+1","bronze:Philosophize"],"picked":"SKIP","floor":21},{"not_picked":["bronze:Turbo+1","bronze:Fortify"],"picked":"bronze:Overheat","floor":22},{"not_picked":["bronze:DelayedGuard","bronze:ForLoop"],"picked":"bronze:Terminator","floor":23},{"not_picked":["bronze:Refactor","bronze:FindAndReplace"],"picked":"bronze:ItsAFeature+1","floor":24},{"not_picked":["bronze:Branch","bronze:Overheat"],"picked":"bronze:GetLatest","floor":27},{"not_picked":["bronze:DelayedGuard","bronze:Philosophize"],"picked":"bronze:Backtrace+1","floor":28},{"not_picked":["bronze:Shield","bronze:BuggyMess"],"picked":"bronze:Optimize","floor":30},{"not_picked":["bronze:Shield+1","bronze:MaxOutput"],"picked":"bronze:Return+1","floor":33},{"not_picked":["bronze:CutThrough+1","bronze:BitShift","bronze:Shield"],"picked":"SKIP","floor":34},{"not_picked":["bronze:RecursiveStrike","bronze:Assembly"],"picked":"bronze:Mutator","floor":35},{"not_picked":["bronze:GetLatest","bronze:Deprecate+1"],"picked":"bronze:WhirlingStrike+1","floor":38},{"not_picked":["bronze:BuggyMess","bronze:OilSpill"],"picked":"bronze:Iterate","floor":39},{"not_picked":["bronze:Branch+1","bronze:BronzeOrb"],"picked":"bronze:ChildClass","floor":41},{"not_picked":["bronze:ShipIt","bronze:FollowUp"],"picked":"bronze:ItsAFeature+1","floor":42},{"not_picked":["Transmutation","Blind"],"picked":"Enlightenment","floor":45},{"not_picked":["Bandage Up","Trip"],"picked":"Survey Options","floor":45},{"not_picked":["bronze:CutThrough+1","bronze:FineTuning"],"picked":"bronze:Overload","floor":47},{"not_picked":["bronze:Fortify","bronze:Deprecate"],"picked":"bronze:DelayedSlice","floor":48},{"not_picked":["bronze:Boost","bronze:DelayedGuard"],"picked":"bronze:Repulsor+1","floor":49},{"not_picked":["bronze:Deprecate+1","bronze:BronzeArmor"],"picked":"bronze:WhirlingStrike+1","floor":51}],"player_experience":1990490,"relics_obtained":[{"floor":14,"key":"ReplayTheSpireMod:TigerMarble"},{"floor":16,"key":"Ancient Tea Set"},{"floor":26,"key":"Bag of Preparation"},{"floor":42,"key":"Juzu Bracelet"},{"floor":43,"key":"Replay:Bottled Eggs"},{"floor":47,"key":"Omamori"}],"event_choices":[{"damage_healed":0,"gold_gain":0,"player_choice":"Got Potions","damage_taken":0,"max_hp_gain":0,"max_hp_loss":0,"event_name":"Lab","floor":5,"gold_loss":0},{"cards_removed":["bronze:Strike"],"damage_healed":0,"gold_gain":0,"player_choice":"Card Removal","damage_taken":0,"max_hp_gain":0,"max_hp_loss":0,"event_name":"The Cleric","floor":11,"gold_loss":0},{"damage_healed":0,"gold_gain":3,"player_choice":"1","damage_taken":0,"max_hp_gain":0,"max_hp_loss":0,"event_name":"betterStone:BetterStone","floor":45,"gold_loss":0},{"cards_removed":["bronze:DelayedSlice"],"damage_healed":0,"gold_gain":0,"player_choice":"Removed Attack","damage_taken":0,"max_hp_gain":0,"max_hp_loss":0,"event_name":"Falling","floor":50,"gold_loss":0}],"is_beta":false,"boss_relics":[{"not_picked":["Runic Dome","Ring of Chaos"],"picked":"Replay:Ancient Bell"},{"not_picked":["Toy Ornithopter","Grinning Jar"],"picked":"Anchor"},{"not_picked":["Chameleon Ring","Replay:Ringing Soul"],"picked":"Mummified Hand"},{"not_picked":["Lizard Tail","Replay:Kaleidoscope"],"picked":"Incense Burner"},{"not_picked":["Velvet Choker","Sozu"],"picked":"SlaversCollar"}],"items_purged_floors":[24,39],"is_endless":false,"potions_floor_spawned":[7,14,16,18,22,27,28,33,34,35,42,48,51],"killed_by":"DF_ARCHETYPE_ORBS","ascension_level":1}}