{"host":"4bjf3jtd8i13astb","time":1614124240,"event":{"mods":["AchievementEnabler","BaseMod","Colored Map","Colored Powertips","Highlight Path","Minty Spire (QoL Compilation)","StSLib"],"gold_per_floor":[109,129,129,147,162,193,193,224,306,97,97,97,18,31,31,109,109,128,147,24,24,24,24,24,24],"floor_reached":24,"language":"ENG","playtime":752,"items_purged":["Strike_B"],"score":337,"play_id":"875c5091-cec7-4843-a536-34c82a143690","local_time":"20210223185040","is_ascension_mode":true,"campfire_choices":[{"floor":7,"key":"REST"},{"floor":12,"key":"REST"},{"floor":15,"key":"REST"},{"floor":23,"key":"REST"}],"circlet_count":0,"master_deck":["AscendersBane","Strike_B+1","Strike_B+1","Defend_B","Defend_B","Defend_B","Defend_B","Zap","Dualcast","Leap","Fusion","Conserve Battery","Defragment","Storm","Rebound+1","Go for the Eyes+1","Loop","Loop","Creative AI","Go for the Eyes+1","Gash+1","FTL+1","Self Repair"],"relics":["Cracked Core","Whetstone","Ginger","Molten Egg 2","Inserter"],"acts_visited":["Exordium","TheCity"],"potions_floor_usage":[5,6,6],"damage_taken":[{"damage":1,"enemies":"Cultist","floor":1,"turns":3},{"damage":0,"enemies":"2 Louse","floor":2,"turns":2},{"damage":7,"enemies":"Small Slimes","floor":4,"turns":3},{"damage":6,"enemies":"Exordium Thugs","floor":5,"turns":4},{"damage":50,"enemies":"3 Sentries","floor":6,"turns":9},{"damage":28,"enemies":"Lagavulin","floor":8,"turns":8},{"damage":2,"enemies":"Looter","floor":14,"turns":2},{"damage":54,"enemies":"The Guardian","floor":16,"turns":11},{"damage":39,"enemies":"Shell Parasite","floor":18,"turns":6},{"damage":25,"enemies":"Chosen","floor":19,"turns":5},{"damage":30,"enemies":"Snake Plant","floor":24,"turns":4}],"seed_played":"8425025610266006393","potions_obtained":[{"floor":2,"key":"Energy Potion"},{"floor":4,"key":"Fire Potion"},{"floor":5,"key":"Swift Potion"},{"floor":18,"key":"Energy Potion"}],"is_trial":false,"path_per_floor":["M","M","?","M","M","E","R","E","T","$","?","R","$","M","R","B",null,"M","M","$","?","$","R","M"],"character_chosen":"DEFECT","items_purchased":["Storm","Rebound+1","Go for the Eyes+1","Loop","Gash+1","FTL+1"],"campfire_rested":4,"item_purchase_floors":[10,10,10,13,20,20],"current_hp_per_floor":[74,74,79,72,66,16,42,14,14,14,14,40,40,38,64,10,68,29,4,4,4,4,30,0,0],"gold":24,"neow_bonus":"TEN_PERCENT_HP_BONUS","is_daily":false,"chose_seed":false,"campfire_upgraded":0,"win_rate":0.0,"timestamp":1614124240,"path_taken":["M","M","?","M","M","E","R","E","T","$","?","R","$","?","R","BOSS","M","M","$","?","?","R","M"],"items_purchased_type":["Card","Card","Card","Card","Card","Card"],"build_version":"2020-12-22","purchased_purges":1,"victory":false,"max_hp_per_floor":[82,82,87,87,87,87,87,87,87,87,87,87,87,87,87,87,87,87,87,87,87,87,87,87,87],"card_choices":[{"not_picked":["Steam","Hello World"],"picked":"Leap","floor":1},{"not_picked":["Blizzard","Stack"],"picked":"Fusion","floor":2},{"not_picked":["Hologram","Aggregate","FTL"],"picked":"SKIP","floor":4},{"not_picked":["Steam","Hologram"],"picked":"Conserve Battery","floor":5},{"not_picked":["Undo","Core Surge"],"picked":"Defragment","floor":6},{"not_picked":["Scrape","Streamline","Reinforced Body"],"picked":"SKIP","floor":8},{"not_picked":["Beam Cell+1","Rebound+1"],"picked":"Loop","floor":14},{"not_picked":["Meteor Strike+1","Hyperbeam+1"],"picked":"Creative AI","floor":16},{"not_picked":["Streamline+1","Blizzard+1","Recycle+1"],"picked":"SKIP","floor":18},{"not_picked":["Stack+1","Ball Lightning+1"],"picked":"Go for the Eyes+1","floor":19}],"player_experience":1227437,"relics_obtained":[{"floor":6,"key":"Whetstone"},{"floor":8,"key":"Ginger"},{"floor":9,"key":"Molten Egg 2"}],"event_choices":[{"damage_healed":0,"gold_gain":0,"player_choice":"Donut","damage_taken":0,"max_hp_gain":5,"max_hp_loss":0,"event_name":"Big Fish","floor":3,"gold_loss":0},{"damage_healed":0,"gold_gain":0,"player_choice":"Bought 0 Potions","damage_taken":0,"max_hp_gain":0,"max_hp_loss":0,"event_name":"The Woman in Blue","floor":11,"gold_loss":0},{"damage_healed":0,"gold_gain":0,"cards_transformed":["Strike_B"],"player_choice":"Transformed","damage_taken":0,"max_hp_gain":0,"max_hp_loss":0,"event_name":"Transmorgrifier","floor":21,"gold_loss":0,"cards_obtained":["Self Repair"]}],"is_beta":false,"boss_relics":[{"not_picked":["Runic Dome","Calling Bell"],"picked":"Inserter"}],"items_purged_floors":[10],"is_endless":false,"potions_floor_spawned":[2,4,5,18],"killed_by":"Snake Plant","ascension_level":13}}