{"host":"ul0c1243uydmw2e7","time":1614116523,"event":{"mods":["BaseMod","Better Match","Better Sensory Stone","Better Silent Start","Better Third Choice","Better Vampires","Block Reminder","Bossed Relics","Minty Spire (QoL Compilation)","StSLib","Virulent Crown"],"gold_per_floor":[117,136,136,46,56,56,76,107,132,166,178,178,193,193,193,193,193],"floor_reached":16,"language":"ENG","playtime":434,"items_purged":[],"score":274,"play_id":"5e6338cb-72b8-43e9-9f37-b9e440a2e30f","local_time":"20210223164203","is_ascension_mode":true,"campfire_choices":[{"data":"Phantasmal Killer","floor":6.0,"key":"SMITH"},{"floor":15,"key":"REST"}],"circlet_count":0,"master_deck":["AscendersBane","Strike_G","Strike_G","Strike_G","Defend_G","Defend_G","Defend_G","Defend_G","Survivor","Neutralize","Dagger Spray","PiercingWail","Phantasmal Killer+1","Footwork","Dash","Backstab","Cloak And Dagger","Riddle With Holes"],"relics":["Ring of the Snake","NeowsBlessing","Nunchaku","Smiling Mask","Golden Idol"],"acts_visited":["Exordium"],"potions_floor_usage":[8,8,16,16],"damage_taken":[{"damage":0.0,"enemies":"Jaw Worm","floor":1.0,"turns":1.0},{"damage":0.0,"enemies":"Cultist","floor":2.0,"turns":1.0},{"damage":0.0,"enemies":"Small Slimes","floor":5.0,"turns":1.0},{"damage":0.0,"enemies":"Blue Slaver","floor":7.0,"turns":5.0},{"damage":0,"enemies":"Gremlin Nob","floor":8,"turns":3},{"damage":51,"enemies":"Lagavulin","floor":10,"turns":16},{"damage":0,"enemies":"2 Fungi Beasts","floor":11,"turns":2},{"damage":7,"enemies":"3 Louse","floor":13,"turns":3},{"damage":46,"enemies":"The Guardian","floor":16,"turns":8}],"seed_played":"-4593061096855492592","potions_obtained":[{"floor":5.0,"key":"Poison Potion"},{"floor":7.0,"key":"Poison Potion"},{"floor":10,"key":"Energy Potion"},{"floor":13,"key":"SkillPotion"}],"is_trial":false,"path_per_floor":["M","M","?","$","M","R","M","E","T","E","M","?","M","?","R","B"],"character_chosen":"THE_SILENT","items_purchased":["Footwork"],"campfire_rested":1,"item_purchase_floors":[4],"current_hp_per_floor":[59,59,59,59,59,59,59,59,59,8,8,8,1,1,19,0,0],"gold":193,"neow_bonus":"THREE_ENEMY_KILL","is_daily":false,"chose_seed":false,"campfire_upgraded":1,"win_rate":0.0,"timestamp":1614116523,"path_taken":["M","M","?","$","M","R","M","E","T","E","?","?","M","?","R","BOSS"],"items_purchased_type":["Card"],"build_version":"2020-12-22","purchased_purges":0,"victory":false,"max_hp_per_floor":[66,66,66,66,66,66,66,66,66,66,66,60,60,60,60,60,60],"card_choices":[{"not_picked":["Prepared","Poisoned Stab"],"picked":"Dagger Spray","floor":1.0},{"not_picked":["Underhanded Strike","Sucker Punch"],"picked":"PiercingWail","floor":2.0},{"not_picked":["All Out Attack","Flying Knee"],"picked":"Dash","floor":5.0},{"not_picked":["Outmaneuver","Bouncing Flask"],"picked":"Backstab","floor":7.0},{"not_picked":["Night Terror","PiercingWail"],"picked":"Cloak And Dagger","floor":8},{"not_picked":["Deflect","Heel Hook","Cloak And Dagger"],"picked":"SKIP","floor":10},{"not_picked":["Slice","Endless Agony"],"picked":"Riddle With Holes","floor":11},{"not_picked":["Flying Knee","Choke","Quick Slash"],"picked":"SKIP","floor":13}],"player_experience":401550,"relics_obtained":[{"floor":8,"key":"Nunchaku"},{"floor":10,"key":"Smiling Mask"}],"event_choices":[{"damage_healed":0.0,"max_hp_gain":0.0,"max_hp_loss":0.0,"gold_gain":0.0,"cards_transformed":["Strike_G"],"event_name":"Transmorgrifier","player_choice":"Transformed","floor":3.0,"gold_loss":0.0,"damage_taken":0.0,"cards_obtained":["Phantasmal Killer"]},{"damage_healed":0,"gold_gain":0,"player_choice":"Lose Max HP","damage_taken":0,"relics_obtained":["Golden Idol"],"max_hp_gain":0,"max_hp_loss":6,"event_name":"Golden Idol","floor":12,"gold_loss":0},{"damage_healed":0,"gold_gain":1,"player_choice":"LEAVE","damage_taken":0,"max_hp_gain":0,"max_hp_loss":0,"event_name":"betterThird:BetterScrap","floor":14,"gold_loss":0,"cards_obtained":["FTL"]}],"is_beta":false,"boss_relics":[],"items_purged_floors":[],"is_endless":false,"potions_floor_spawned":[5,7,10,13],"killed_by":"The Guardian","ascension_level":20}}