{"host":"fl9v8v0ogd4flw78","time":1614092281,"event":{"mods":["BaseMod","Downfall","Ekko","Gremlin Mod","Highlight Path","Koishi","Luminous","Marked Mod","Minty Spire (QoL Compilation)","Quick Restart","READ ME - Guardian Mod","Relic Stats","Replay The Spire","StSLib","Td1madao Mod","The Marked","The Servant 0.9.4"],"gold_per_floor":[118,293,293,312,331,331,331],"floor_reached":6,"language":"ZHS","playtime":417,"items_purged":[],"score":49,"play_id":"4a7bab3d-1269-40eb-a47b-e3e5c3ab0d10","local_time":"20210223225801","is_ascension_mode":true,"campfire_choices":[],"circlet_count":0,"master_deck":["Strike_S","Strike_S","Strike_S","Strike_S","Defend_S","Defend_S","Defend_S","Defend_S","KidneyShot","Exchange","Guardian:Strike_Guardian","Guardian:Defend_Guardian","Secret Technique","Defy","Doubt","Pot Of Greed","Pot Of Greed","DualDimension","ShatteredReality"],"relics":["Uniform","Grinning Jar"],"acts_visited":["Exordium"],"potions_floor_usage":[6],"damage_taken":[{"damage":3.0,"enemies":"Small Slimes","floor":1.0,"turns":5.0},{"damage":1.0,"enemies":"2 Louse","floor":4.0,"turns":3.0},{"damage":5.0,"enemies":"Cultist","floor":5.0,"turns":5.0},{"damage":60,"enemies":"Gremlin Nob","floor":6,"turns":5}],"seed_played":"7758288775109647471","potions_obtained":[{"floor":1.0,"key":"Elixir"},{"floor":5.0,"key":"Fire Potion"}],"is_trial":false,"path_per_floor":["M","?","?","M","M","E"],"character_chosen":"THE_SERVANT","items_purchased":[],"campfire_rested":0,"item_purchase_floors":[],"current_hp_per_floor":[56,56,56,55,50,0,0],"gold":331,"neow_bonus":"RANDOM_COLORLESS_2","is_daily":false,"chose_seed":false,"campfire_upgraded":0,"win_rate":0.0,"timestamp":1614092281,"path_taken":["M","?","?","M","M","E"],"items_purchased_type":[],"build_version":"2020-12-22","purchased_purges":0,"victory":false,"max_hp_per_floor":[65,65,65,65,65,65,65],"relic_stats":{"counters":[4,18],"obtain_stats":[{"Uniform":0,"Grinning Jar":3},{"Uniform":0,"Grinning Jar":1},{"Uniform":0,"Grinning Jar":5}]},"card_choices":[{"not_picked":["The Bomb","Mayhem"],"picked":"Secret Technique","floor":0.0},{"not_picked":["FanOfKnives","ShatteredReality"],"picked":"Defy","floor":1.0},{"not_picked":["Orbit","Spin"],"picked":"DualDimension","floor":4.0},{"not_picked":["Sabotage","Alleviate"],"picked":"ShatteredReality","floor":5.0}],"player_experience":537360,"relics_obtained":[],"event_choices":[{"damage_healed":0.0,"max_hp_gain":0.0,"max_hp_loss":0.0,"gold_gain":175.0,"event_name":"Liars Game","player_choice":"AGREE","floor":2.0,"gold_loss":0.0,"damage_taken":0.0,"cards_obtained":["Doubt"]},{"damage_healed":0.0,"max_hp_gain":0.0,"max_hp_loss":0.0,"gold_gain":0.0,"event_name":"WeMeetAgain","player_choice":"Gave Potion","floor":3.0,"gold_loss":0.0,"damage_taken":0.0,"relics_obtained":["Grinning Jar"]}],"is_beta":false,"boss_relics":[],"items_purged_floors":[],"is_endless":false,"potions_floor_spawned":[1,5],"killed_by":"Gremlin Nob","ascension_level":7}}