{"host":"24j0rle15g8q9bc9","time":1614042450,"event":{"mods":["2.2 Compatiblity","Act Like it!","Bartender","BaseMod","Better Note","Card Forge","Colored Map","Colored Powertips","DeckTracker","Downfall","Elementarium","Hallownest","Hubris","Jorbs\u0027s Wanderer Trilogy","Minty Spire (QoL Compilation)","Rare Cards Sparkle","Remilia??????","StSLib","The Bug Knight","The Death Knight","The Necromancer","Treasure Hunter"],"gold_per_floor":[120,120,136,154,154,186,186,216,228,240,252,274,286,308,320,435,447,471,483,511,523,554,566,578,622,682,694,706,736,646,646,646],"floor_reached":31,"language":"ENG","playtime":2115,"items_purged":[],"score":338,"play_id":"aa820b20-46cb-411d-ac03-0f43be1f7d88","local_time":"20210222210730","is_ascension_mode":false,"campfire_choices":[{"data":"Hallownest:skillSlugHide","floor":7,"key":"SMITH"},{"floor":11,"key":"REST"},{"floor":13,"key":"REST"},{"floor":15,"key":"RECALL"},{"floor":23,"key":"REST"},{"floor":28,"key":"REST"}],"circlet_count":0,"master_deck":["HollowMod:FocusHealStart+1","HollowMod:PogoStrike+1","HollowMod:AwokenDreamNail+1","HollowMod:BaldurShell+1","HollowMod:CornifersMapStart+1","HollowMod:ChannelNail+1","HollowMod:CycloneSlash+1","HollowMod:ElderbugsWisdom+1","HollowMod:DesolateDive+1","HollowMod:HornetsHelp+1","HollowMod:HerrahsAnger+1","HollowMod:HowlingWraiths+1","HollowMod:MantisMark+1","HollowMod:MidwifesHunger+1","HollowMod:SharpenedNail+1","HollowMod:SoulMaster+1","HollowMod:SoulEater+1","HollowMod:SlysStrikes+1","HollowMod:SoulShaman+1","HollowMod:SoulStrike+1","HollowMod:NewLastStag+1","HollowMod:NewLittleFool+1","HollowMod:Weaversong+1","HollowMod:SoulStrike+1","HollowMod:SoulStrike+1","HollowMod:SoulStrike+1","Hallownest:skillSlugHide+1","Hallownest:skillSlugHide+1","Hallownest:skillSlugHide+1","Hallownest:skillSlugHide+1","Hallownest:skillSlugHide+1","HollowMod:DashSlash+1","TH:ElvenBoots+1","TH:EnergyPotion+1","HollowMod:HuntersJournal+1"],"relics":["HollowMod:VesselMask","Hammer of Thor","Seething Fire","Anvil of the Gods","NeowsBlessing","Hallownest:DreamNailRelic","Toxic Egg 2","MawBank","Darkstone Periapt","hubris:Towel","Du-Vu Doll","Hallownest:NailmastersGloryRelic"],"acts_visited":["Exordium","Hallownest:Greenpath"],"potions_floor_usage":[6,8,16,20,25,25,25],"damage_taken":[{"damage":0,"enemies":"2_ Uuma","floor":1,"turns":1},{"damage":0,"enemies":"Hallownest:monsterHuskGuard","floor":3,"turns":1},{"damage":0,"enemies":"Hallownest:2_MossCreeps","floor":4,"turns":1},{"damage":3,"enemies":"Hallownest:eliteVengeflyKing","floor":6,"turns":5},{"damage":24,"enemies":"Hallownest:eliteMossKnight","floor":8,"turns":5},{"damage":22,"enemies":"Hallownest:2_Tiktiks_1_Baldur_1_Crawlid","floor":12,"turns":3},{"damage":0,"enemies":"Hallownest:monsterAspidMother","floor":14,"turns":3},{"damage":16,"enemies":"Hallownest:BossBrokenVessel","floor":16,"turns":7},{"damage":29,"enemies":"Hallownest:Guard_and_Sentry","floor":18,"turns":4},{"damage":18,"enemies":"Hallownest:3_Youths","floor":20,"turns":7},{"damage":19,"enemies":"Hallownest:2_Flukemon","floor":22,"turns":5},{"damage":30,"enemies":"Hallownest:eliteWatcherKnight","floor":25,"turns":12},{"damage":32,"enemies":"Hallownest:monsterShrumalOgre","floor":29,"turns":6},{"damage":14,"enemies":"Hallownest:Master_and_Novice","floor":31,"turns":1}],"seed_played":"-5371326091833606859","potions_obtained":[{"floor":1,"key":"PowerPotion"},{"floor":3,"key":"FearPotion"},{"floor":8,"key":"Strength Potion"},{"floor":18,"key":"AttackPotion"},{"floor":20,"key":"EntropicBrew"},{"floor":29,"key":"champ:CounterPotion"}],"is_trial":false,"path_per_floor":["M","?","M","M","?","E","R","E","T","$","R","M","R","M","R","B",null,"M","?","M","?","M","R","?","E","T","?","R","M","$","M"],"character_chosen":"THE_BUGKNIGHT","items_purchased":["CultistPotion"],"campfire_rested":4,"item_purchase_floors":[30],"current_hp_per_floor":[75,75,75,75,75,72,72,54,54,54,75,53,75,75,75,59,75,46,49,31,31,18,41,41,17,17,17,40,14,14,0,0],"gold":646,"neow_bonus":"THREE_ENEMY_KILL","is_daily":false,"chose_seed":false,"campfire_upgraded":1,"win_rate":0.0,"timestamp":1614042450,"path_taken":["M","?","M","?","?","E","R","E","T","$","R","M","R","M","R","BOSS","M","?","?","?","M","R","?","E","T","?","R","M","?","M"],"items_purchased_type":["Potion"],"build_version":"2020-12-22","purchased_purges":0,"victory":false,"max_hp_per_floor":[75,75,75,75,75,75,75,75,75,75,75,75,75,75,75,75,75,75,78,78,78,78,78,78,78,78,78,78,78,78,78,78],"card_choices":[{"not_picked":["HollowMod:DreamGate","HollowMod:CornifersMapStart","HollowMod:MawleksShell"],"picked":"SKIP","floor":1},{"not_picked":["HollowMod:CrystalDash","HollowMod:QuirrelsAssistance","HollowMod:LifebloodCocoon"],"picked":"SKIP","floor":3},{"not_picked":["HollowMod:DoubleDash","HollowMod:SharpenedNail","HollowMod:ChannelNail"],"picked":"SKIP","floor":4},{"not_picked":["TH:CursedSword","TH:DeckOfManyThings"],"picked":"SKIP","floor":6},{"not_picked":["HollowMod:WraithStrike","HollowMod:QuirrelsAssistance","HollowMod:DashSlash"],"picked":"SKIP","floor":6},{"not_picked":["TH:CursedSword","TH:ArmorSpikes"],"picked":"SKIP","floor":8},{"not_picked":["HollowMod:BlackTendrils","HollowMod:HeavyBlow","HollowMod:ElderbugsWisdom"],"picked":"SKIP","floor":8},{"not_picked":["TH:EnergyPotion","TH:CursedSword"],"picked":"SKIP","floor":9},{"not_picked":["HollowMod:BlackTendrils","HollowMod:HowlingWraiths","HollowMod:SoulEater"],"picked":"SKIP","floor":12},{"not_picked":["HollowMod:DoubleDash+1","HollowMod:NewJinnsSoul+1","HollowMod:VengefulSpirit"],"picked":"SKIP","floor":14},{"not_picked":["HollowMod:InfectedCysts","HollowMod:VengefulVoid"],"picked":"HollowMod:DashSlash","floor":18},{"not_picked":["HollowMod:InfectedAttack","HollowMod:BrokenVessel+1","HollowMod:DescendingDark"],"picked":"SKIP","floor":20},{"not_picked":["HollowMod:SoulEater","HollowMod:BaldurShell","HollowMod:DoubleDash+1"],"picked":"SKIP","floor":22},{"not_picked":["TH:TreasureMap"],"picked":"TH:ElvenBoots","floor":25},{"not_picked":["HollowMod:SharpenedNail","HollowMod:DesolateDive+1","HollowMod:CycloneSlash"],"picked":"SKIP","floor":25},{"not_picked":["TH:CopperCoins"],"picked":"TH:EnergyPotion","floor":26},{"not_picked":["HollowMod:DreamGate+1","HollowMod:AbyssShriek"],"picked":"HollowMod:HuntersJournal+1","floor":29}],"player_experience":84651,"relics_obtained":[{"floor":6,"key":"Toxic Egg 2"},{"floor":8,"key":"MawBank"},{"floor":9,"key":"Darkstone Periapt"},{"floor":25,"key":"Du-Vu Doll"}],"event_choices":[],"is_beta":false,"boss_relics":[{"not_picked":["Runic Pyramid","HollowMod:VoidIdolRelic","hubris:BlackHole"]}],"items_purged_floors":[],"is_endless":false,"potions_floor_spawned":[1,3,8,18,20,29],"killed_by":"Hallownest:Master_and_Novice","ascension_level":0}}