{"host":"z439itq93uucuvou","time":1614095996,"event":{"mods":["BaseMod","Colored Powertips","Downfall","Jorbs\u0027s Wanderer Trilogy","Minty Spire (QoL Compilation)","StSLib"],"gold_per_floor":[0,10,27,37,61,61,61,61,73,107,207,107,127,127,147,246,246,246,263,263,263,274,285,285,295,295,319,352,137,88,88,104,203,203,203,219,219,219,238,249,299,51,101,29,43,43,61,77,92,92,92,92],"floor_reached":50,"language":"ENG","playtime":2486,"items_purged":["downfall:Malfunctioning","champ:Strike"],"score":642,"play_id":"fcc5e61b-582b-491d-abf6-7b0392facec1","local_time":"20210223075956","is_ascension_mode":true,"campfire_choices":[{"data":"champ:TripleStrike","floor":1.0,"key":"SMITH"},{"data":"champ:Taunt","floor":6.0,"key":"SMITH"},{"data":"champ:FaceSlap","floor":8.0,"key":"SMITH"},{"data":"champ:RageSigil","floor":12.0,"key":"SMITH"},{"data":"champ:SwordThrow","floor":18.0,"key":"SMITH"},{"data":"champ:ViciousMockery","floor":26.0,"key":"SMITH"},{"data":"champ:TripleStrike","floor":35.0,"key":"SMITH"}],"circlet_count":0,"master_deck":["champ:Defend","champ:Defend+1","champ:Execute","champ:Taunt+1","champ:TripleStrike+1","champ:FaceSlap+1","champ:RageSigil+1","champ:StanceDance+1","champ:Haymaker","champ:SwordThrow+1","champ:BerserkerStyle","champ:CalledShot","champ:ViciousMockery+1","champ:SwordThrow+1","champ:EnGarde","champ:CrookedStrike+1","champ:StrikeOfGenius+1","champ:FocusedBerserking","champ:Endure+1","champ:GladiatorForm+1","expansioncontent:YouAreMine","champ:Lariat","Ghostly","Ghostly","Ghostly","Ghostly","Ghostly","champ:ShieldSlam","champ:TripleStrike+1","champ:IronFortress+1","champ:FocusedDefense","champ:SwordSigil","champ:AdrenalArmor+1","champ:MurderStrike","champ:Encircle+1","champ:MurderStrike","champ:Backstep+1","champ:FaceSlap","champ:BringItOn","Normality","champ:AdrenalArmor+1","champ:Shatter","champ:EnGarde"],"relics":["champ:ChampionCrownUpgraded","Ancient Tea Set","White Beast Statue","Pen Nib","downfall:HeartBlessingGreen","Coffee Dripper","Frozen Egg 2","Darkstone Periapt","Strawberry","Bottled Tornado","Prayer Wheel","DollysMirror","champ:GladiatorsBookOfMartialProwess"],"acts_visited":["TheCity","TheBeyond"],"potions_floor_usage":[50,50,50],"damage_taken":[{"damage":6.0,"enemies":"Cultist","floor":2.0,"turns":2.0},{"damage":8.0,"enemies":"2 Louse","floor":3.0,"turns":3.0},{"damage":17.0,"enemies":"Small Slimes","floor":4.0,"turns":3.0},{"damage":32.0,"enemies":"Exordium Thugs","floor":9.0,"turns":2.0},{"damage":20.0,"enemies":"Gremlin Nob","floor":10.0,"turns":2.0},{"damage":62.0,"enemies":"downfall:Heads","floor":11.0,"turns":4.0},{"damage":20.0,"enemies":"Large Slime","floor":13.0,"turns":3.0},{"damage":5.0,"enemies":"Exordium Wildlife","floor":15.0,"turns":2.0},{"damage":44.0,"enemies":"SI_SHIV_ARCHETYPE","floor":16.0,"turns":4.0},{"damage":15.0,"enemies":"Chosen","floor":19.0,"turns":2.0},{"damage":10.0,"enemies":"Shell Parasite","floor":22.0,"turns":2.0},{"damage":33.0,"enemies":"Cultist and Chosen","floor":23.0,"turns":4.0},{"damage":38.0,"enemies":"3 Cultists","floor":25.0,"turns":5.0},{"damage":44.0,"enemies":"Gremlin Leader","floor":28.0,"turns":3.0},{"damage":36.0,"enemies":"downfall:FleeingMerchant","floor":29.0,"turns":4.0},{"damage":60.0,"enemies":"Centurion and Healer","floor":32.0,"turns":5.0},{"damage":35.0,"enemies":"IC_MUSHROOM_ARCHETYPE","floor":33.0,"turns":5.0},{"damage":7.0,"enemies":"3 Shapes","floor":36.0,"turns":4.0},{"damage":22.0,"enemies":"Orb Walker","floor":39.0,"turns":2.0},{"damage":43.0,"enemies":"3 Darklings","floor":40.0,"turns":4.0},{"damage":21.0,"enemies":"3 Darklings","floor":43.0,"turns":3.0},{"damage":16.0,"enemies":"Spire Growth","floor":45.0,"turns":3.0},{"damage":9.0,"enemies":"Jaw Worm Horde","floor":47.0,"turns":3.0},{"damage":51.0,"enemies":"4 Shapes","floor":48.0,"turns":5.0},{"damage":62.0,"enemies":"Maw","floor":49.0,"turns":5.0},{"damage":115,"enemies":"WA_ARCHETYPE_DIVINITY","floor":50,"turns":5}],"seed_played":"-2082223091522605406","potions_obtained":[{"floor":2.0,"key":"Strength Potion"},{"floor":9.0,"key":"LiquidMemories"},{"floor":10.0,"key":"Fruit Juice"},{"floor":11.0,"key":"SkillPotion"},{"floor":13.0,"key":"Explosive Potion"},{"floor":15.0,"key":"hexamod:SoulburnPotion"},{"floor":16.0,"key":"Energy Potion"},{"floor":19.0,"key":"BlessingOfTheForge"},{"floor":22.0,"key":"champ:TechniquePotion"},{"floor":23.0,"key":"DuplicationPotion"},{"floor":28.0,"key":"hexamod:SoulburnPotion"},{"floor":29.0,"key":"bronze:BurnAndBuffPotion"},{"floor":33.0,"key":"LiquidBronze"},{"floor":36.0,"key":"Guardian:BlockOnCardUsePotion"},{"floor":43.0,"key":"Slimebound:ThreeZeroPotion"},{"floor":45.0,"key":"DuplicationPotion"}],"is_trial":false,"path_per_floor":["R","M","M","M","T","R","T","R","M","E","?","R","M","?","M","B",null,"R","M","?","?","M","M","T","M","R","T","E","$","$","?","M","B",null,"R","M","?","?","M","M","T","$","?","$","M","?","M","M","M","B"],"character_chosen":"THE_CHAMP","items_purchased":["expansioncontent:YouAreMine","Prayer Wheel","champ:Lariat","SteroidPotion","DollysMirror","champ:FaceSlap"],"campfire_rested":0,"item_purchase_floors":[29,29,29,30,42,44],"current_hp_per_floor":[90,84,76,74,74,74,74,74,67,72,45,45,45,45,45,29,95,95,95,95,67,67,56,56,38,38,45,42,32,32,32,29,9,51,51,51,51,51,44,34,34,34,28,28,32,38,54,57,55,0,0,0],"gold":92,"neow_bonus":"THREE_RARE_CARDS","is_daily":false,"chose_seed":false,"campfire_upgraded":7,"win_rate":0.0,"timestamp":1614095996,"path_taken":["R","M","M","M","?","R","T","R","M","E","?","R","M","?","M","BOSS","R","M","?","?","M","M","T","?","R","?","E","$","?","?","M","BOSS","R","M","?","?","M","?","T","$","?","$","M","?","?","M","M","BOSS"],"items_purchased_type":["Card","Relic","Card","Potion","Relic","Card"],"build_version":"2020-12-22","purchased_purges":2,"victory":false,"max_hp_per_floor":[90,90,90,90,90,90,90,90,90,95,95,95,95,95,95,95,95,95,95,95,95,95,95,95,95,95,102,102,102,102,51,51,51,51,51,51,51,51,51,51,51,51,51,51,51,57,57,57,57,57,57,57],"card_choices":[{"not_picked":["champ:ShieldThrow","champ:Improvising"],"picked":"champ:TripleStrike","floor":0.0},{"not_picked":["champ:FanOfKnives","champ:TornadoPunch"],"picked":"champ:BladeFlurry","floor":2.0},{"not_picked":["champ:RageSigil","champ:BerserkerStyle"],"picked":"champ:FaceSlap","floor":3.0},{"not_picked":["champ:FlashCut","champ:Backstep"],"picked":"champ:RageSigil","floor":4.0},{"not_picked":["champ:GutPunch","champ:Parry"],"picked":"champ:StanceDance","floor":9.0},{"not_picked":["champ:IronFortress","champ:Circumvent"],"picked":"champ:Haymaker","floor":10.0},{"not_picked":["champ:RapidStrikes","champ:HeartStrike"],"picked":"champ:BerserkerStyle","floor":11.0},{"not_picked":["champ:BerserkerStyle","champ:PerfectedStrike"],"picked":"champ:CalledShot","floor":13.0},{"not_picked":["champ:BringItOn","champ:ArenaPreparation"],"picked":"champ:ViciousMockery","floor":15.0},{"not_picked":["champ:HeavySlash","champ:CheapShot"],"picked":"champ:SwordThrow","floor":16.0},{"not_picked":["champ:FanOfKnives","champ:Haymaker+1"],"picked":"champ:EnGarde","floor":19.0},{"not_picked":["champ:PreciseThrust","champ:BerserkersShout"],"picked":"champ:CrookedStrike+1","floor":22.0},{"not_picked":["champ:CrownThrow+1","champ:PerfectedStrike"],"picked":"champ:StrikeOfGenius+1","floor":23.0},{"not_picked":["champ:FaceSlap+1","champ:Parry"],"picked":"champ:FocusedBerserking","floor":25.0},{"not_picked":["champ:BerserkersShout","champ:EnGarde"],"picked":"champ:Endure+1","floor":28.0},{"not_picked":["champ:Parry","champ:AdrenalArmor"],"picked":"champ:GladiatorForm+1","floor":29.0},{"not_picked":["champ:BerserkersShout","champ:StanceDance"],"picked":"champ:ShieldSlam","floor":32.0},{"not_picked":["champ:FanOfKnives","champ:TornadoPunch","champ:FalseCounter"],"picked":"SKIP","floor":32.0},{"not_picked":["champ:SwordThrow","champ:SteelEdge"],"picked":"champ:TripleStrike","floor":33.0},{"not_picked":["champ:FlashCut","champ:GutPunch+1"],"picked":"champ:IronFortress+1","floor":36.0},{"not_picked":["champ:GutPunch+1","champ:DefensiveStyle+1"],"picked":"champ:FocusedDefense","floor":36.0},{"not_picked":["champ:FlashCut","champ:Haymaker+1"],"picked":"champ:SwordSigil","floor":39.0},{"not_picked":["champ:DefensiveStyle+1","champ:RapidStrikes+1"],"picked":"champ:AdrenalArmor+1","floor":39.0},{"not_picked":["champ:SetATrap","champ:ShieldWall+1"],"picked":"champ:MurderStrike","floor":40.0},{"not_picked":["champ:RisingSlash+1","champ:BerserkersShout+1"],"picked":"champ:Encircle+1","floor":40.0},{"not_picked":["champ:BringItOn","champ:EnragedBash"],"picked":"champ:Backstep+1","floor":43.0},{"not_picked":["champ:PerfectedStrike","champ:TornadoPunch"],"picked":"champ:BringItOn","floor":45.0},{"not_picked":["champ:Haymaker+1","champ:CrownThrow+1","champ:DefensiveShout+1"],"picked":"SKIP","floor":45.0},{"not_picked":["champ:BerserkersShout+1","champ:HeartStrike"],"picked":"champ:AdrenalArmor+1","floor":47.0},{"not_picked":["champ:Haymaker+1","champ:DefensiveStyle+1","champ:Circumvent+1"],"picked":"SKIP","floor":47.0},{"not_picked":["champ:ViciousMockery","champ:BladeFlurry+1"],"picked":"champ:Shatter","floor":48.0},{"not_picked":["champ:FlashCut","champ:PerfectedStrike","champ:HeavySlash"],"picked":"SKIP","floor":48.0},{"not_picked":["champ:FlashCut","champ:PerfectedStrike","champ:HeavySlash"],"picked":"SKIP","floor":48.0},{"not_picked":["champ:FlashCut+1","champ:FocusedBerserking"],"picked":"champ:EnGarde","floor":49.0},{"not_picked":["champ:PreciseThrust+1","champ:Shatter","champ:BringItOn+1"],"picked":"SKIP","floor":49.0}],"player_experience":1742720,"relics_obtained":[{"floor":5.0,"key":"Ancient Tea Set"},{"floor":7.0,"key":"White Beast Statue"},{"floor":10.0,"key":"Pen Nib"},{"floor":24.0,"key":"Darkstone Periapt"},{"floor":27.0,"key":"Strawberry"},{"floor":28.0,"key":"Bottled Tornado"},{"floor":43.0,"key":"champ:GladiatorsBookOfMartialProwess"}],"event_choices":[{"damage_healed":0.0,"max_hp_gain":0.0,"max_hp_loss":51.0,"gold_gain":0.0,"event_name":"Ghosts","player_choice":"Became a Ghost","floor":31.0,"gold_loss":0.0,"damage_taken":0.0,"cards_obtained":["Ghostly","Ghostly","Ghostly","Ghostly","Ghostly"]},{"cards_removed":["champ:BladeFlurry"],"damage_healed":0.0,"max_hp_gain":0.0,"max_hp_loss":0.0,"gold_gain":0.0,"event_name":"Falling","player_choice":"Removed Attack","floor":37.0,"gold_loss":0.0,"damage_taken":0.0},{"damage_healed":0.0,"max_hp_gain":0.0,"max_hp_loss":0.0,"gold_gain":0.0,"event_name":"Mysterious Sphere","player_choice":"Ignored","floor":38.0,"gold_loss":0.0,"damage_taken":0.0}],"is_beta":false,"boss_relics":[{"not_picked":["bronze:MakeshiftBattery","Black Star"],"picked":"Coffee Dripper"},{"not_picked":["Sozu","Philosopher\u0027s Stone"],"picked":"champ:ChampionCrownUpgraded"}],"items_purged_floors":[29,42],"is_endless":false,"potions_floor_spawned":[2,9,10,11,13,15,16,19,22,23,25,28,29,32,33,36,39,40,43,45,47,48,49],"killed_by":"WA_ARCHETYPE_DIVINITY","ascension_level":1}}