{"host":"gf8hyl7jhl0is674","time":1614059626,"event":{"mods":["2.2 Compatiblity","Act Like it!","Astrologer","BaseMod","CapriCore","Colored Map","Gensokyo","Minty Spire (QoL Compilation)","Permanent Neow","Relic Sorter","StSLib","The Alterego","The Blue Laboratory","The Fake Hero","The Runesmith","The Senshi","Unceasing Turn Reminder","Waifu the Spire"],"gold_per_floor":[112,112,127,138,238,269,269,123,146,171,186,201,201,201,201,304,304,323,338,248,2,2,34,34,54,123,148,163,179,189,222,222,318,318,328,60,73,73,0,0,0,0,0,18,18,34,50,70,70,70,70,70,70,70,70],"floor_reached":54,"language":"ENG","playtime":3270,"items_purged":["Runesmith:Strike_RS","Runesmith:Strike_RS","Runesmith:Defend_RS"],"score":784,"play_id":"db3fc582-fc65-40ac-81a0-88b0e1804397","local_time":"20210222225346","is_ascension_mode":false,"campfire_choices":[{"data":"Runesmith:EnergizedChisel","floor":7,"key":"SMITH"},{"floor":13,"key":"REST"},{"data":"Runesmith:CraftFirestone","floor":15,"key":"SMITH"},{"data":"Runesmith:GrandSlam","floor":24,"key":"SMITH"},{"data":"Runesmith:Supernova","floor":32,"key":"SMITH"},{"floor":40,"key":"RECALL"},{"data":"Runesmith:CraftSpiculum","floor":42,"key":"SMITH"},{"floor":45,"key":"REST"},{"data":"Runesmith:LithiumIon","floor":49,"key":"SMITH"},{"data":"Runesmith:CraftPrismatica","floor":52,"key":"SMITH"}],"circlet_count":0,"master_deck":["Runesmith:CraftFirestone+1","Runesmith:Fortify","Runesmith:EarthShield","Runesmith:EnergizedChisel+1","Runesmith:Augment+1","Runesmith:FrozenChisel+1","Runesmith:LithiumIon+1","Runesmith:RuneHurl","Runesmith:WhiteBalance+1","Runesmith:GrandSlam+1","Runesmith:CraftProtectio","Runesmith:Firestorm","Runesmith:ElementalConversion","Runesmith:CraftObretio","Runesmith:PerfectChisel+1","Runesmith:Supernova+1","Runesmith:CraftPrismatica+1","Runesmith:CraftSpiculum+1","Madness","Madness","Runesmith:StaticCage+1","Runesmith:PoweredAnvil","Runesmith:GoWithTheFlow+1"],"relics":["Runesmith:BrokenRuby","Vajra","Orichalcum","Blue Candle","Empty Cage","Bag of Preparation","Question Card","Molten Egg 2","Pantograph","Runesmith:MiniCore","Sozu","Blood Vial","Red Mask","White Beast Statue","Bottled Flame"],"acts_visited":["Exordium","TheCity","TheBeyond","TheEnding"],"potions_floor_usage":[12,25,31,31,33,47],"damage_taken":[{"damage":3,"enemies":"Small Slimes","floor":1,"turns":4},{"damage":0,"enemies":"2 Louse","floor":3,"turns":3},{"damage":2,"enemies":"Cultist","floor":4,"turns":4},{"damage":25,"enemies":"3 Sentries","floor":6,"turns":9},{"damage":12,"enemies":"Gremlin Nob","floor":10,"turns":7},{"damage":0,"enemies":"Looter","floor":11,"turns":3},{"damage":3,"enemies":"Exordium Thugs","floor":12,"turns":4},{"damage":0,"enemies":"Hexaghost","floor":16,"turns":9},{"damage":10,"enemies":"3 Byrds","floor":18,"turns":6},{"damage":6,"enemies":"Spheric Guardian","floor":19,"turns":4},{"damage":16,"enemies":"Gremlin Leader","floor":23,"turns":8},{"damage":0,"enemies":"Centurion and Healer","floor":25,"turns":5},{"damage":0,"enemies":"Book of Stabbing","floor":27,"turns":5},{"damage":0,"enemies":"Cultist and Chosen","floor":28,"turns":8},{"damage":3,"enemies":"Snake Plant","floor":29,"turns":4},{"damage":0,"enemies":"Snecko","floor":30,"turns":2},{"damage":8,"enemies":"Slavers","floor":31,"turns":6},{"damage":17,"enemies":"Collector","floor":33,"turns":7},{"damage":26,"enemies":"3 Darklings","floor":35,"turns":5},{"damage":9,"enemies":"Orb Walker","floor":37,"turns":2},{"damage":1,"enemies":"Jaw Worm Horde","floor":44,"turns":5},{"damage":0,"enemies":"Maw","floor":46,"turns":6},{"damage":0,"enemies":"3 Darklings","floor":47,"turns":4},{"damage":2,"enemies":"4 Shapes","floor":48,"turns":7},{"damage":20,"enemies":"Donu and Deca","floor":50,"turns":10},{"damage":76,"enemies":"Shield and Spear","floor":54,"turns":5}],"seed_played":"-462632799525494682","potions_obtained":[{"floor":6,"key":"Dexterity Potion"},{"floor":10,"key":"blueLaboratory:RecallPotion"},{"floor":11,"key":"FearPotion"},{"floor":18,"key":"blueLaboratory:Moonshine"},{"floor":19,"key":"blueLaboratory:RecallPotion"},{"floor":30,"key":"Strength Potion"},{"floor":31,"key":"Block Potion"}],"is_trial":false,"path_per_floor":["M","?","M","M","?","E","R","$","T","E","M","M","R","?","R","B",null,"M","M","?","$","T","E","R","M","T","E","M","M","M","E","R","B",null,"M","$","M","?","?","R","T","R","T","M","R","M","M","M","R","B",null,"R","$","E"],"character_chosen":"RUNESMITH_CLASS","items_purchased":["Runesmith:LithiumIon","Bag of Preparation","Blood Vial"],"campfire_rested":2,"item_purchase_floors":[8,21,36],"current_hp_per_floor":[67,60,60,58,58,33,33,33,33,21,21,18,39,25,25,25,70,60,54,54,54,54,38,38,38,38,38,38,35,35,27,27,35,70,44,44,37,28,28,28,28,28,28,29,50,52,54,54,54,50,70,70,70,0,0],"gold":70,"neow_bonus":"REMOVE_CARD","is_daily":false,"chose_seed":false,"campfire_upgraded":7,"win_rate":0.0,"timestamp":1614059626,"path_taken":["M","?","M","M","?","E","R","$","T","E","?","M","R","?","R","BOSS","M","M","?","$","?","E","R","M","T","E","M","?","M","E","R","BOSS","M","$","M","?","?","R","?","R","T","M","R","M","M","?","R","BOSS","R","$","E"],"items_purchased_type":["Card","Relic","Relic"],"build_version":"2020-12-22","purchased_purges":3,"victory":false,"max_hp_per_floor":[70,70,70,70,70,70,70,70,70,70,70,70,70,70,70,70,70,70,70,70,70,70,70,70,70,70,70,70,70,70,70,70,70,70,70,70,70,70,70,70,70,70,70,70,70,70,70,70,70,70,70,70,70,70,70],"card_choices":[{"not_picked":["Runesmith:RuneHurl","Runesmith:HammerTime"],"picked":"Runesmith:EarthShield","floor":1},{"not_picked":["Runesmith:Retool","Runesmith:Grindstone"],"picked":"Runesmith:EnergizedChisel","floor":3},{"not_picked":["Runesmith:BackupBattery","Runesmith:HammerThrow"],"picked":"Runesmith:Augment","floor":4},{"not_picked":["Runesmith:HammerThrow","Runesmith:Overpower"],"picked":"Runesmith:FrozenChisel","floor":6},{"not_picked":["Runesmith:CraftPrismatica","Runesmith:Accelerate"],"picked":"Runesmith:RuneHurl","floor":10},{"not_picked":["Runesmith:ElementalConversion","Runesmith:Repurpose","Runesmith:StaticCage"],"picked":"SKIP","floor":11},{"not_picked":["Runesmith:HeatExchange","Runesmith:CraftIncendium"],"picked":"Runesmith:WhiteBalance","floor":12},{"not_picked":["Runesmith:CreatorForm","Runesmith:Duplicate"],"picked":"Runesmith:GrandSlam","floor":16},{"not_picked":["Runesmith:HeatExchange","Runesmith:HammerTime"],"picked":"Runesmith:CraftProtectio","floor":18},{"not_picked":["Runesmith:Empowerment","Runesmith:ChaoticBlast"],"picked":"Runesmith:Firestorm","floor":19},{"not_picked":["Runesmith:ChargedHammer+1","Runesmith:Attraction"],"picked":"Runesmith:ElementalConversion","floor":23},{"not_picked":["Runesmith:ShiftingStrike","Runesmith:HeatExchange","Runesmith:CraftMagma","Runesmith:Overpower+1"],"picked":"SKIP","floor":25},{"not_picked":["Runesmith:Malloc","Runesmith:BackupBattery","Runesmith:ChiselStab+1"],"picked":"Runesmith:CraftObretio","floor":27},{"not_picked":["Runesmith:HeatExchange+1","Runesmith:Repurpose","Runesmith:ChaoticBlast+1"],"picked":"Runesmith:PerfectChisel+1","floor":28},{"not_picked":["Runesmith:EarthShield+1","Runesmith:Malloc","Runesmith:CreatorForm","Runesmith:Grindstone+1"],"picked":"SKIP","floor":29},{"not_picked":["Runesmith:Overpower+1","Runesmith:HammerTime+1","Runesmith:MakeshiftArmor","Runesmith:StaticCage+1"],"picked":"SKIP","floor":30},{"not_picked":["Runesmith:Malloc","Runesmith:Superposition+1","Runesmith:RuneHurl+1"],"picked":"Runesmith:Supernova","floor":31},{"not_picked":["Runesmith:MetallurgicalResearch","Runesmith:LastStand","Runesmith:CreatorForm"],"picked":"Runesmith:CraftPrismatica","floor":33},{"not_picked":["Runesmith:ChiselStab+1","Runesmith:Repurpose+1","Runesmith:HammerThrow+1","Runesmith:EnergizedChisel+1"],"picked":"SKIP","floor":35},{"not_picked":["Runesmith:Grindstone+1","Runesmith:Refine+1","Runesmith:UnlimitedPower"],"picked":"Runesmith:CraftSpiculum","floor":37},{"not_picked":["Runesmith:CraftMagma","Runesmith:HammerThrow+1","Runesmith:ChiselStab+1"],"picked":"Runesmith:StaticCage+1","floor":44},{"not_picked":["Runesmith:CraftProtectio+1","Runesmith:Overpower+1","Runesmith:StaticCage+1","Runesmith:HammerThrow+1"],"picked":"SKIP","floor":46},{"not_picked":["Runesmith:Overpower+1","Runesmith:EnergizedChisel+1","Runesmith:RunicBlueprint+1"],"picked":"Runesmith:PoweredAnvil","floor":47},{"not_picked":["Runesmith:ChiselStab+1","Runesmith:Grindstone","Runesmith:CraftProtectio"],"picked":"Runesmith:GoWithTheFlow+1","floor":48}],"player_experience":370073,"relics_obtained":[{"floor":6,"key":"Vajra"},{"floor":9,"key":"Orichalcum"},{"floor":10,"key":"Blue Candle"},{"floor":23,"key":"Question Card"},{"floor":26,"key":"Molten Egg 2"},{"floor":27,"key":"Pantograph"},{"floor":31,"key":"Runesmith:MiniCore"},{"floor":41,"key":"White Beast Statue"},{"floor":43,"key":"Bottled Flame"}],"event_choices":[{"cards_removed":["Runesmith:Strike_RS"],"damage_healed":0,"gold_gain":0,"player_choice":"Card Removal","damage_taken":7,"max_hp_gain":0,"max_hp_loss":0,"event_name":"Golden Wing","floor":2,"gold_loss":0},{"damage_healed":0,"gold_gain":100,"player_choice":"Pray","damage_taken":0,"max_hp_gain":0,"max_hp_loss":0,"event_name":"Golden Shrine","floor":5,"gold_loss":0},{"damage_healed":0,"gold_gain":0,"player_choice":"Entered Light","damage_taken":14,"max_hp_gain":0,"max_hp_loss":0,"event_name":"Shining Light","floor":14,"gold_loss":0,"cards_upgraded":["Runesmith:WhiteBalance","Runesmith:FrozenChisel"]},{"cards_removed":["Runesmith:Defend_RS"],"damage_healed":0,"gold_gain":0,"player_choice":"Upgrade and Remove","damage_taken":0,"max_hp_gain":0,"max_hp_loss":0,"event_name":"Designer","floor":20,"gold_loss":90,"cards_upgraded":["Runesmith:Augment"]},{"damage_healed":0,"gold_gain":0,"player_choice":"Embrace Madness","damage_taken":9,"max_hp_gain":0,"max_hp_loss":0,"event_name":"Winding Halls","floor":38,"gold_loss":0,"cards_obtained":["Madness","Madness"]},{"damage_healed":0,"gold_gain":0,"player_choice":"Paid","damage_taken":0,"relics_obtained":["Red Mask"],"max_hp_gain":0,"max_hp_loss":0,"event_name":"Tomb of Lord Red Mask","floor":39,"gold_loss":73}],"is_beta":false,"boss_relics":[{"not_picked":["Pandora\u0027s Box","Ectoplasm"],"picked":"Empty Cage"},{"not_picked":["Cursed Key","Runesmith:CoreCrystal"],"picked":"Sozu"}],"items_purged_floors":[8,21,36],"is_endless":false,"potions_floor_spawned":[6,10,11,18,19,23,30,31,35,44,46,47,48],"killed_by":"Shield and Spear","ascension_level":0}}