{"host":"87w2793jpavfbt1o","time":1614073070,"event":{"mods":["AchievementEnabler","Aspiration","BaseMod","Better Altar","Better Match","Better Note","Better Sensory Stone","Better Skull","Better Third Choice","Better Vampires","BetterRewards","Conspire","Displayed Cursed Tome","Downfall","Energized Spire","Filter the Spire","Halation","Highlight Path","Hubris","Infinite Spire","Marked Mod","Minty Spire (QoL Compilation)","Practice Mode","Relic Filter","Relic Sorter","Replay The Spire","Shop Mod","StSLib","TestMod","??????REMEMod"],"gold_per_floor":[110,110,129,145,163,163,39,58,84,84,84,84,110,127,127,230,230,244,244,244,244,261,290,290,300,300,300,46,65,65,81,81,179,179,197,197,197],"floor_reached":36,"language":"ENG","playtime":10360,"items_purged":["hubris:Gluttony"],"score":678,"play_id":"af495fcb-c4ff-4385-b718-6147138b81d6","local_time":"20210223013750","is_ascension_mode":true,"campfire_choices":[{"floor":6,"key":"RECALL"},{"data":"testmod-Reflect","floor":10,"key":"SMITH"},{"floor":15,"key":"REST"},{"floor":24,"key":"REST"},{"data":"Establishment","floor":32,"key":"SMITH"}],"circlet_count":0,"master_deck":["Strike_P","Strike_P","Strike_P","Strike_P","Defend_P","Defend_P","Defend_P","Defend_P","Eruption","Vigilance","testmod-Reflect+1","REME_CRH","PathToVictory","PathToVictory","Tantrum","Protect","Wireheading","Wireheading","Collect","Replay:BluntJabs","Replay:BluntJabs","Establishment+1","FlyingSleeves+1","Perseverance","Prostrate","ClearTheMind","MarkedMod:GracefulMovements","Nirvana","hubris:Fate","Prostrate","DevaForm","Consecrate"],"relics":["PureWater","REME_ComplimentaryCards","testmod-TestBox","testmod-RandomTest","halation:PurpleSoulGem","hubris:EvacipatedBox","hubris:FruitBowl","infinitespire:Lychee Nut","hubris:Backtick","halation:Toothbrush","hubris:Towel","WarpedTongs","Blood Vial","infinitespire:Bottled Soul","BargainBundle","hubris:ScarierMask"],"acts_visited":["Exordium","TheCity","TheBeyond"],"potions_floor_usage":[8,8,13,13,16,18,23,25,29,35,36],"damage_taken":[{"damage":0,"enemies":"Small Slimes","floor":1,"turns":1},{"damage":0,"enemies":"Cultist","floor":3,"turns":2},{"damage":0,"enemies":"2 Louse","floor":4,"turns":1},{"damage":6,"enemies":"Exordium Thugs","floor":5,"turns":2},{"damage":14,"enemies":"Gremlin Gang","floor":8,"turns":5},{"damage":0,"enemies":"Gremlin Nob","floor":13,"turns":3},{"damage":0,"enemies":"Blue Slaver","floor":14,"turns":1},{"damage":0,"enemies":"The Guardian","floor":16,"turns":5},{"damage":9,"enemies":"3 Byrds","floor":18,"turns":3},{"damage":16,"enemies":"Chosen","floor":22,"turns":3},{"damage":20,"enemies":"Gremlin Leader","floor":23,"turns":7},{"damage":4,"enemies":"conspire:HollyBat","floor":25,"turns":5},{"damage":0,"enemies":"Snake Plant","floor":29,"turns":2},{"damage":0,"enemies":"Cultist and Chosen","floor":31,"turns":1},{"damage":21,"enemies":"Automaton","floor":33,"turns":10},{"damage":0,"enemies":"3 Darklings","floor":35,"turns":5},{"damage":70,"enemies":"infinitespire:Three Voidlings","floor":36,"turns":4}],"seed_played":"-3772179388743729085","potions_obtained":[{"floor":1,"key":"Slimebound:ThreeZeroPotion"},{"floor":4,"key":"sneckomod:MuddlingPotion"},{"floor":8,"key":"ColorlessPotion"},{"floor":14,"key":"Adrenaline Potion"},{"floor":16,"key":"DistilledChaos"},{"floor":18,"key":"Doom Potion"},{"floor":23,"key":"Adrenaline Potion"},{"floor":33,"key":"ColorlessPotion"},{"floor":35,"key":"hexamod:SoulburnPotion"}],"is_trial":false,"path_per_floor":["M","?","M","M","M","R","$","M","T","R","?","$","E","M","R","B",null,"M","?","?","?","M","E","R","M","T","?","$","M","AVR","M","R","B",null,"M","?"],"character_chosen":"WATCHER","items_purchased":["Wireheading","Collect","hubris:EvacipatedBox","hubris:FruitBowl","Energy Potion","MarkedMod:GracefulMovements","Flashbang"],"campfire_rested":2,"item_purchase_floors":[7,7,12,12,12,28,28],"current_hp_per_floor":[65,69,69,69,63,63,63,49,49,49,49,8,8,8,21,27,41,36,36,36,36,25,11,24,28,28,32,36,41,41,53,53,33,48,53,0,0],"gold":197,"neow_bonus":"ONE_RANDOM_RARE_CARD","is_daily":false,"chose_seed":false,"campfire_upgraded":2,"win_rate":0.0,"timestamp":1614073070,"path_taken":["M","?","?","M","M","R","$","M","T","R","?","?","E","M","R","BOSS","M","?","?","?","M","E","R","?","T","?","$","?","AVR","M","R","BOSS","M","?"],"items_purchased_type":["Card","Card","Relic","Relic","Potion","Card","Potion"],"build_version":"2020-12-22","purchased_purges":1,"victory":false,"max_hp_per_floor":[72,72,72,72,72,72,72,72,72,72,72,72,45,45,45,45,45,45,45,45,45,45,45,45,45,45,49,53,53,53,53,53,53,53,53,53,53],"card_choices":[{"not_picked":["CrushJoints","MentalFortress"],"picked":"PathToVictory","floor":1},{"not_picked":["CrushJoints","FearNoEvil"],"picked":"PathToVictory","floor":3},{"not_picked":["Halt","MarkedMod:FirstStrike"],"picked":"Tantrum","floor":4},{"not_picked":["Replay:Cycle","Halt"],"picked":"Protect","floor":5},{"not_picked":["REME_Repentance","Halt","Perseverance"],"picked":"SKIP","floor":8},{"not_picked":["JustLucky","SignatureMove"],"picked":"Replay:BluntJabs","floor":13},{"not_picked":["Replay:AtTheReady","BowlingBash"],"picked":"Replay:BluntJabs","floor":14},{"not_picked":["REME_CRH","Devotion"],"picked":"Establishment","floor":16},{"not_picked":["Halt+1","EmptyFist"],"picked":"FlyingSleeves+1","floor":18},{"not_picked":["CrushJoints","Replay:AtTheReady"],"picked":"Perseverance","floor":22},{"not_picked":["Replay:AtTheReady+1","JustLucky+1"],"picked":"Prostrate","floor":23},{"not_picked":["Replay:BluntJabs","Replay:AtTheReady"],"picked":"ClearTheMind","floor":25},{"not_picked":["MarkedMod:Acupuncture","Halt"],"picked":"Nirvana","floor":29},{"not_picked":["Collect","REME_Repentance"],"picked":"Prostrate","floor":31},{"not_picked":["LessonLearned","Alpha"],"picked":"DevaForm","floor":33},{"not_picked":["SashWhip","SignatureMove+1"],"picked":"Consecrate","floor":35}],"player_experience":607391,"relics_obtained":[{"floor":13,"key":"infinitespire:Lychee Nut"},{"floor":23,"key":"Blood Vial"},{"floor":26,"key":"infinitespire:Bottled Soul"}],"event_choices":[{"damage_healed":4,"gold_gain":0,"player_choice":"LEAVE ","damage_taken":0,"relics_obtained":[],"max_hp_gain":0,"max_hp_loss":0,"event_name":"betterSkull:BetterSkull","floor":2,"gold_loss":0,"cards_upgraded":[]},{"damage_healed":0,"gold_gain":0,"player_choice":"Ignored","damage_taken":0,"max_hp_gain":0,"max_hp_loss":0,"event_name":"Beggar","floor":20,"gold_loss":0},{"damage_healed":0,"gold_gain":0,"player_choice":"Rummage","damage_taken":0,"relics_obtained":["WarpedTongs"],"max_hp_gain":0,"max_hp_loss":0,"event_name":"Accursed Blacksmith","floor":21,"gold_loss":0,"cards_obtained":["Pain"]},{"damage_healed":0,"gold_gain":0,"cards_transformed":["Pain"],"player_choice":"Transformed","damage_taken":0,"max_hp_gain":0,"max_hp_loss":0,"event_name":"Transmorgrifier","floor":27,"gold_loss":0,"cards_obtained":["hubris:Gluttony"]}],"is_beta":false,"boss_relics":[{"not_picked":["halation:MonkeysPaw","testmod-DreamHouse","aspiration:PoetsPen_weak"],"picked":"hubris:Backtick"},{"not_picked":["testmod-TimeTraveler","SacredBark","testmod-DeterminationOfClimber"],"picked":"hubris:ScarierMask"}],"items_purged_floors":[28],"is_endless":false,"potions_floor_spawned":[1,4,8,14,16,18,23,33,35],"killed_by":"infinitespire:Three Voidlings","ascension_level":8}}