{"host":"oq9vgnvl0fi8z8ha","time":1614042499,"event":{"mods":["Act Like it!","BaseMod","Block Reminder","ChefMod","Curses Come First","Evolution","Fox Events","Hallownest","Highlight Path","Minty Spire (QoL Compilation)","Relic Stats","Robot Space Explorer","Smile Girya","StSLib","The Blue Laboratory","The Bug Knight","The Runesmith","Treasure Hunter","Unceasing Turn Reminder"],"gold_per_floor":[944,944,944,944,944,978,992,992,992,992,1002,1002,1032,274,274,371,371,384,14,14,32,91,91,122,132,132,132,150,160,10,23,23,23,23],"floor_reached":33,"language":"ENG","playtime":3807,"items_purged":[],"score":387,"play_id":"17f62d43-1d3f-4b1a-8166-3b0c4ffe6220","local_time":"20210222180819","is_ascension_mode":true,"campfire_choices":[{"data":"HollowMod:QuirrelsAssistance","floor":8.0,"key":"SMITH"},{"data":"HollowMod:DashSlash","floor":10.0,"key":"SMITH"},{"data":"HollowMod:GoodIntentions","floor":12.0,"key":"SMITH"},{"floor":15.0,"key":"RECALL"},{"data":"HollowMod:MawleksShell","floor":23,"key":"SMITH"},{"floor":32,"key":"REST"}],"circlet_count":0,"master_deck":["HollowMod:DashSlash","HollowMod:SoulStrike","HollowMod:InfectedAttack","HollowMod:SharpenedNail","HollowMod:DoubleDash","HollowMod:DoubleDash+1","HollowMod:DoubleDash+1","HollowMod:FocusHealStart","HollowMod:CycloneSlash+1","HollowMod:WhiteLadysBlessing","HollowMod:CloakDash","TH:DeckOfManyThings","HollowMod:QuirrelsAssistance+1","HollowMod:DashSlash+1","TH:ElvenBoots","HollowMod:GoodIntentions+1","TH:Mimic","HollowMod:ChannelNail","Blind","HollowMod:HowlingWraiths","HollowMod:RecoilStrike","TH:DeckOfManyThings","HollowMod:SoulMaster","HollowMod:CornifersMapStart+1","HollowMod:MawleksShell+1","HollowMod:CrystalDash","HollowMod:NewGlowingWomb+1","TH:DeckOfManyThings","HollowMod:PerfectDash","TH:DeckOfManyThings","HollowMod:QuirrelsAssistance","HollowMod:SoulSplash","HollowMod:SiblingsSouls"],"relics":["HollowMod:VesselMask","EVO:Axolotl","Hallownest:DreamNailRelic","Du-Vu Doll","Mango","Sling","Boot","Bottled Lightning","SlaversCollar","War Paint","Akabeko","Ginger","InkBottle","Red Mask","HollowMod:StagPassRelic"],"acts_visited":["Exordium","Hallownest:Greenpath"],"potions_floor_usage":[16,18,25,29,31,31],"damage_taken":[{"damage":0.0,"enemies":"Hallownest:2_Baldur","floor":1.0,"turns":3.0},{"damage":5.0,"enemies":"Hallownest:monsterMarmu","floor":3.0,"turns":7.0},{"damage":1.0,"enemies":"Hallownest:eliteVengeflyKing","floor":6.0,"turns":6.0},{"damage":0.0,"enemies":"Hallownest:2_Tiktiks_and_1_Crawlid","floor":7.0,"turns":2.0},{"damage":0.0,"enemies":"Hallownest:monsterHuskGuard","floor":11.0,"turns":3.0},{"damage":15.0,"enemies":"Hallownest:eliteMossKnight","floor":13.0,"turns":11.0},{"damage":48,"enemies":"Hallownest:BossBrokenVessel","floor":16,"turns":14},{"damage":17,"enemies":"Hallownest:Guard_and_Sentry","floor":18,"turns":6},{"damage":6,"enemies":"Hallownest:Flukemon_and_Top","floor":21,"turns":7},{"damage":47,"enemies":"Hallownest:Glutton_and_Coward","floor":22,"turns":7},{"damage":29,"enemies":"Hallownest:eliteWatcherKnight","floor":24,"turns":16},{"damage":40,"enemies":"Hallownest:3_Mistakes","floor":25,"turns":14},{"damage":12,"enemies":"Hallownest:Master_and_Novice","floor":28,"turns":8},{"damage":8,"enemies":"Hallownest:monsterShrumalOgre","floor":29,"turns":6},{"damage":28,"enemies":"Hallownest:2_Flukemon","floor":31,"turns":7},{"damage":126,"enemies":"Hallownest:BossMantisLord","floor":33,"turns":9}],"seed_played":"-1587726566815394394","potions_obtained":[{"floor":13.0,"key":"AttackPotion"},{"floor":16,"key":"blueLaboratory:BubblePotion"},{"floor":22,"key":"blueLaboratory:ForbiddenFruitJuice"},{"floor":24,"key":"blueLaboratory:BubblePotion"},{"floor":28,"key":"Fire Potion"},{"floor":29,"key":"blueLaboratory:StoneskinPotion"}],"is_trial":false,"path_per_floor":["M","?","?","?","?","E","M","R","T","R","M","R","E","$","R","B",null,"M","$","?","M","M","R","E","M","T","?","M","M","?","M","R","B"],"character_chosen":"THE_BUGKNIGHT","items_purchased":["Sling","Boot","Bottled Lightning","Blind","HollowMod:HowlingWraiths","HollowMod:RecoilStrike","War Paint","Akabeko","HollowMod:MawleksShell"],"campfire_rested":1,"item_purchase_floors":[14,14,14,14,14,14,19,19,19],"current_hp_per_floor":[109,109,104,104,104,109,109,109,109,109,109,109,120,120,120,78,123,106,106,106,106,65,65,57,23,23,23,11,3,3,85,113,0,0],"gold":23,"neow_bonus":"ONE_RANDOM_RARE_CARD","is_daily":false,"chose_seed":false,"campfire_upgraded":4,"win_rate":0.0,"timestamp":1614042499,"path_taken":["M","?","?","?","?","E","?","R","T","R","M","R","E","$","R","BOSS","M","?","?","M","M","R","E","M","T","?","?","M","?","M","R","BOSS"],"items_purchased_type":["Relic","Relic","Relic","Card","Card","Card","Relic","Relic","Card"],"build_version":"2020-12-22","purchased_purges":0,"victory":false,"max_hp_per_floor":[109,109,109,109,109,109,109,109,109,109,109,109,123,123,123,123,123,123,123,123,123,123,123,123,123,123,123,123,123,123,113,113,113,113],"relic_stats":{"counters":[16,126],"Ginger":[4],"War Paint":["HollowMod:DoubleDash","HollowMod:DoubleDash"],"Boot":[36],"obtain_stats":[{"HollowMod:VesselMask":0,"Mango":13,"Hallownest:DreamNailRelic":5,"EVO:Axolotl":0,"Ginger":24,"War Paint":19,"Sling":14,"Boot":14,"HollowMod:StagPassRelic":30,"Akabeko":19,"Du-Vu Doll":6,"SlaversCollar":17,"Red Mask":27,"Bottled Lightning":14,"InkBottle":26},{"HollowMod:VesselMask":0,"Mango":6,"Hallownest:DreamNailRelic":2,"EVO:Axolotl":0,"Ginger":11,"War Paint":8,"Sling":6,"Boot":6,"HollowMod:StagPassRelic":14,"Akabeko":8,"Du-Vu Doll":3,"SlaversCollar":7,"Red Mask":12,"Bottled Lightning":6,"InkBottle":12},{"HollowMod:VesselMask":0,"Mango":32,"Hallownest:DreamNailRelic":10,"EVO:Axolotl":0,"Ginger":82,"War Paint":52,"Sling":32,"Boot":32,"HollowMod:StagPassRelic":110,"Akabeko":52,"Du-Vu Doll":16,"SlaversCollar":46,"Red Mask":96,"Bottled Lightning":32,"InkBottle":96}],"InkBottle":[10]},"card_choices":[{"not_picked":["HollowMod:DashSlash","HollowMod:SoulSplash"],"picked":"HollowMod:CloakDash","floor":1.0},{"not_picked":["TH:EnergyPotion"],"picked":"TH:DeckOfManyThings","floor":6.0},{"not_picked":["HollowMod:CycloneSlash","HollowMod:NewGlowingWomb"],"picked":"HollowMod:QuirrelsAssistance","floor":6.0},{"not_picked":["HollowMod:DoubleDash","HollowMod:ShadowDash"],"picked":"HollowMod:DashSlash","floor":7.0},{"not_picked":["TH:EnergyPotion"],"picked":"TH:ElvenBoots","floor":9.0},{"not_picked":["HollowMod:HornetsHelp","HollowMod:NewJinnsSoul"],"picked":"HollowMod:GoodIntentions","floor":11.0},{"not_picked":["TH:ElvenBoots"],"picked":"TH:Mimic","floor":13.0},{"not_picked":["HollowMod:CrystalDash","HollowMod:RecoilStrike"],"picked":"HollowMod:ChannelNail","floor":13.0},{"not_picked":["TH:PixieDust"],"picked":"TH:DeckOfManyThings","floor":16},{"not_picked":["HollowMod:LifebloodCore","HollowMod:WhiteLadysBlessing"],"picked":"HollowMod:SoulMaster","floor":16},{"not_picked":["HollowMod:ShadowDash","HollowMod:SoulStrike"],"picked":"HollowMod:CornifersMapStart+1","floor":18},{"not_picked":["HollowMod:CornifersMapStart+1","HollowMod:GoodIntentions"],"picked":"HollowMod:CrystalDash","floor":21},{"not_picked":["HollowMod:NewLittleFool+1","HollowMod:QuirrelsAssistance"],"picked":"HollowMod:NewGlowingWomb+1","floor":22},{"not_picked":["TH:TreasureMap"],"picked":"TH:DeckOfManyThings","floor":24},{"not_picked":["HollowMod:SoulShaman+1","HollowMod:SoulStrike+1"],"picked":"HollowMod:PerfectDash","floor":24},{"not_picked":["HollowMod:DoubleDash+1","HollowMod:InfectedAttack","HollowMod:TaintedHusks"],"picked":"SKIP","floor":25},{"not_picked":["TH:ElvenBoots"],"picked":"TH:DeckOfManyThings","floor":26},{"not_picked":["HollowMod:VengefulVoid","HollowMod:TaintedHusks"],"picked":"HollowMod:QuirrelsAssistance","floor":28},{"not_picked":["HollowMod:HowlingWraiths","HollowMod:SoulStrike"],"picked":"HollowMod:SoulSplash","floor":29},{"not_picked":["HollowMod:ShadowDash+1","HollowMod:NewJinnsSoul+1"],"picked":"HollowMod:SiblingsSouls","floor":31}],"player_experience":294931,"relics_obtained":[{"floor":6.0,"key":"Du-Vu Doll"},{"floor":13.0,"key":"Mango"},{"floor":24,"key":"Ginger"},{"floor":26,"key":"InkBottle"}],"event_choices":[],"is_beta":false,"boss_relics":[{"not_picked":["Velvet Choker","Snecko Eye"],"picked":"SlaversCollar"}],"items_purged_floors":[],"is_endless":false,"potions_floor_spawned":[3,13,16,22,24,28,29],"killed_by":"Hallownest:BossMantisLord","ascension_level":1}}