{"host":"0kk91h4bq4kgfj0u","time":1614044574,"event":{"mods":["BaseMod","Bestiary","Block Reminder","Colored Map","Colored Powertips","Curses Come First","Highlight Path","Minty Spire (QoL Compilation)","Relic Stats","StSLib"],"gold_per_floor":[110,126,126,143,154,184,33,52,102,121,196,196,215,225,225,320,320,338,338,40,40,65,65,65],"floor_reached":23,"language":"ENG","playtime":741,"items_purged":[],"score":280,"play_id":"9945edf6-f10d-49cf-bb3e-3e60c913f970","local_time":"20210222204254","is_ascension_mode":true,"campfire_choices":[{"floor":12,"key":"REST"},{"floor":15,"key":"RECALL"}],"circlet_count":0,"master_deck":["Strike_R","Strike_R","Defend_R","Defend_R","Defend_R","Bash","Pommel Strike","Armaments","Anger","Power Through","Body Slam","Fire Breathing","Cleave","Flex","Reaper","Headbutt+1","Disarm+1","Combust+1","Uppercut","Writhe"],"relics":["Burning Blood","Bag of Preparation","Anchor","Tiny Chest","Astrolabe","Sundial","Orichalcum","PrismaticShard","MutagenicStrength","Akabeko"],"acts_visited":["Exordium","TheCity"],"potions_floor_usage":[16,16,23,23],"damage_taken":[{"damage":2,"enemies":"2 Louse","floor":1,"turns":3},{"damage":6,"enemies":"Cultist","floor":2,"turns":3},{"damage":8,"enemies":"Jaw Worm","floor":4,"turns":4},{"damage":7,"enemies":"2 Fungi Beasts","floor":5,"turns":3},{"damage":40,"enemies":"Gremlin Nob","floor":6,"turns":6},{"damage":6,"enemies":"Looter","floor":8,"turns":3},{"damage":9,"enemies":"Large Slime","floor":10,"turns":5},{"damage":3,"enemies":"Blue Slaver","floor":13,"turns":4},{"damage":0,"enemies":"Looter","floor":14,"turns":3},{"damage":59,"enemies":"The Guardian","floor":16,"turns":16},{"damage":59,"enemies":"3 Byrds","floor":18,"turns":7},{"damage":84,"enemies":"Gremlin Leader","floor":23,"turns":8}],"seed_played":"2131641908173405061","potions_obtained":[{"floor":4,"key":"Dexterity Potion"},{"floor":5,"key":"Swift Potion"},{"floor":6,"key":"SkillPotion"},{"floor":16,"key":"AttackPotion"}],"is_trial":false,"path_per_floor":["M","M","?","M","M","E","$","M","T","M","?","R","M","M","R","B",null,"M","?","$","?","T","E"],"character_chosen":"IRONCLAD","items_purchased":["Anchor","Orichalcum","PrismaticShard"],"campfire_rested":1,"item_purchase_floors":[7,20,20],"current_hp_per_floor":[84,84,84,82,81,47,47,47,47,44,33,59,62,68,68,15,70,29,29,29,29,29,0,0],"gold":65,"neow_bonus":"TEN_PERCENT_HP_BONUS","is_daily":false,"chose_seed":false,"campfire_upgraded":0,"win_rate":0.0,"timestamp":1614044574,"path_taken":["M","M","?","M","?","E","$","M","T","M","?","R","M","M","R","BOSS","M","?","$","?","?","E"],"items_purchased_type":["Relic","Relic","Relic"],"build_version":"2020-12-22","purchased_purges":0,"victory":false,"max_hp_per_floor":[88,88,88,88,88,88,88,88,88,88,88,88,88,88,88,88,88,88,88,88,88,88,88,88],"relic_stats":{"counters":[12,65],"Sundial":[0],"Astrolabe":["Headbutt","Disarm","Combust"],"Tiny Chest":1,"Bag of Preparation":[14],"Orichalcum":[18],"obtain_stats":[{"Anchor":7,"Sundial":19,"Astrolabe":17,"MutagenicStrength":21,"Tiny Chest":9,"Bag of Preparation":6,"Orichalcum":20,"PrismaticShard":20,"Burning Blood":0,"Akabeko":22},{"Anchor":5,"Sundial":11,"Astrolabe":10,"MutagenicStrength":11,"Tiny Chest":6,"Bag of Preparation":5,"Orichalcum":11,"PrismaticShard":11,"Burning Blood":0,"Akabeko":11},{"Anchor":19,"Sundial":57,"Astrolabe":50,"MutagenicStrength":57,"Tiny Chest":22,"Bag of Preparation":19,"Orichalcum":57,"PrismaticShard":57,"Burning Blood":0,"Akabeko":57}],"Burning Blood":66},"card_choices":[{"not_picked":["Iron Wave","Second Wind"],"picked":"Pommel Strike","floor":1},{"not_picked":["Second Wind","Combust"],"picked":"Armaments","floor":2},{"not_picked":["Twin Strike","Fire Breathing"],"picked":"Anger","floor":4},{"not_picked":["Sword Boomerang","Disarm"],"picked":"Power Through","floor":5},{"not_picked":["True Grit","Havoc"],"picked":"Body Slam","floor":6},{"not_picked":["Burning Pact","Whirlwind"],"picked":"Fire Breathing","floor":8},{"not_picked":["Body Slam","Dropkick"],"picked":"Cleave","floor":10},{"not_picked":["Feel No Pain","Impervious"],"picked":"Flex","floor":13},{"not_picked":["Intimidate","True Grit","Perfected Strike"],"picked":"SKIP","floor":14},{"not_picked":["Fiend Fire","Offering"],"picked":"Reaper","floor":16},{"not_picked":["Headbutt","Sever Soul+1"],"picked":"Uppercut","floor":18}],"player_experience":909210,"relics_obtained":[{"floor":6,"key":"Bag of Preparation"},{"floor":9,"key":"Tiny Chest"},{"floor":22,"key":"Akabeko"}],"event_choices":[{"cards_removed":["Strike_R"],"damage_healed":0,"gold_gain":0,"player_choice":"Purged","damage_taken":0,"max_hp_gain":0,"max_hp_loss":0,"event_name":"Purifier","floor":3,"gold_loss":0},{"damage_healed":0,"gold_gain":75,"player_choice":"Gather Gold","damage_taken":11,"max_hp_gain":0,"max_hp_loss":0,"event_name":"World of Goop","floor":11,"gold_loss":0},{"damage_healed":0,"gold_gain":0,"player_choice":"Opened","damage_taken":0,"relics_obtained":["Sundial"],"max_hp_gain":0,"max_hp_loss":0,"event_name":"The Mausoleum","floor":19,"gold_loss":0,"cards_obtained":["Writhe"]},{"damage_healed":0,"gold_gain":0,"player_choice":"Inject Mutagens","damage_taken":0,"relics_obtained":["MutagenicStrength"],"max_hp_gain":0,"max_hp_loss":0,"event_name":"Drug Dealer","floor":21,"gold_loss":0}],"is_beta":false,"boss_relics":[{"not_picked":["Empty Cage","Tiny House"],"picked":"Astrolabe"}],"items_purged_floors":[],"is_endless":false,"potions_floor_spawned":[4,5,6,13,16],"killed_by":"Gremlin Leader","ascension_level":9}}