{"host":"1mv6gj0zv8k9e9tz","time":1614073690,"event":{"mods":["AchievementEnabler","BaseMod","Better Third Choice","Colored Map","DeckTracker","Highlight Path","KOR Keyword Fix","Keyboard Shortcuts","Minty Spire (QoL Compilation)","Permanent Neow","Quick Restart","Rare Cards Sparkle","StSLib","SuperFastMode","everything is the same but u backflip on backflip"],"gold_per_floor":[367,377,377,136,155,155,80,155,206,206,221,221,238,263,275,287,287],"floor_reached":16,"language":"KOR","playtime":303,"items_purged":["Strike_B"],"score":195,"play_id":"a5c34ff1-c831-4123-8549-f045777f326b","local_time":"20210223184810","is_ascension_mode":true,"campfire_choices":[{"data":"Zap","floor":6,"key":"SMITH"},{"floor":10,"key":"REST"},{"data":"Dualcast","floor":12,"key":"SMITH"},{"data":"Capacitor","floor":15,"key":"SMITH"}],"circlet_count":0,"master_deck":["AscendersBane","Strike_B","Strike_B","Defend_B","Defend_B","Defend_B","Defend_B","Zap+1","Dualcast+1","Sweeping Beam","Ball Lightning","Capacitor+1","Double Energy","Biased Cognition"],"relics":["Cracked Core","PreservedInsect","Potion Belt","Anchor","MawBank"],"acts_visited":["Exordium"],"potions_floor_usage":[16],"damage_taken":[{"damage":11,"enemies":"2 Louse","floor":1,"turns":2},{"damage":12,"enemies":"Jaw Worm","floor":2,"turns":3},{"damage":0,"enemies":"Small Slimes","floor":5,"turns":2},{"damage":0,"enemies":"Looter","floor":11,"turns":2},{"damage":0,"enemies":"Blue Slaver","floor":13,"turns":2},{"damage":15,"enemies":"Lagavulin","floor":14,"turns":6},{"damage":21,"enemies":"Hexaghost","floor":16,"turns":7}],"seed_played":"4586221029287246371","potions_obtained":[{"floor":1,"key":"Energy Potion"}],"is_trial":false,"path_per_floor":["M","M","?","$","M","R","?","?","T","R","M","R","M","E","R","B"],"character_chosen":"DEFECT","items_purchased":["Potion Belt"],"campfire_rested":1,"item_purchase_floors":[4],"current_hp_per_floor":[35,23,18,18,18,18,18,7,7,28,28,28,28,13,13,0,0],"gold":287,"neow_bonus":"TWO_FIFTY_GOLD","is_daily":false,"chose_seed":false,"campfire_upgraded":3,"win_rate":0.0,"timestamp":1614073690,"path_taken":["M","M","?","$","M","R","?","?","T","R","M","R","M","E","R","BOSS"],"items_purchased_type":["Relic"],"build_version":"2020-12-22","purchased_purges":1,"victory":false,"max_hp_per_floor":[71,71,71,71,71,71,71,71,71,71,71,71,71,71,71,71,71],"card_choices":[{"not_picked":["Reprogram","Lockon"],"picked":"Sweeping Beam","floor":1},{"not_picked":["Gash","Sweeping Beam"],"picked":"Ball Lightning","floor":2},{"not_picked":["Static Discharge","Ball Lightning"],"picked":"Capacitor","floor":5},{"not_picked":["Loop","Barrage"],"picked":"Double Energy","floor":11},{"not_picked":["Loop","Cold Snap","Stack"],"picked":"SKIP","floor":13},{"not_picked":["Melter","Auto Shields"],"picked":"Biased Cognition","floor":14}],"player_experience":658836,"relics_obtained":[{"floor":9,"key":"Anchor"},{"floor":14,"key":"MawBank"}],"event_choices":[{"damage_healed":0,"gold_gain":0,"player_choice":"Relic ","damage_taken":5,"max_hp_gain":0,"max_hp_loss":0,"event_name":"betterThird:BetterScrap","floor":3,"gold_loss":0,"cards_obtained":["Storm of Steel"]},{"cards_removed":["Strike_B"],"damage_healed":0,"gold_gain":0,"player_choice":"Card Removal","damage_taken":0,"max_hp_gain":0,"max_hp_loss":0,"event_name":"The Cleric","floor":7,"gold_loss":75},{"damage_healed":0,"gold_gain":75,"player_choice":"Gold","damage_taken":11,"max_hp_gain":0,"max_hp_loss":0,"event_name":"betterThird:BetterGoop","floor":8,"gold_loss":0}],"is_beta":false,"boss_relics":[],"items_purged_floors":[4],"is_endless":false,"potions_floor_spawned":[1],"killed_by":"Hexaghost","ascension_level":19}}