{"host":"b0hicta09nhxha44","time":1614071532,"event":{"mods":["BaseMod","Highlight Path","Minty Spire (QoL Compilation)","Slay-I"],"gold_per_floor":[112,129,149,165,165,194,194,220,220,255,36,47,60,70,70,147,147,166,180,199,199,249,249,249],"floor_reached":23,"language":"ENG","playtime":2111,"items_purged":[],"score":419,"play_id":"40845437-b8b0-410a-9661-3dc9d59db413","local_time":"20210223091212","is_ascension_mode":true,"campfire_choices":[{"floor":7,"key":"REST"},{"floor":15,"key":"REST"}],"circlet_count":0,"master_deck":["AscendersBane","Strike_P","Strike_P","Strike_P","Strike_P","Defend_P","Defend_P","Defend_P","Eruption+1","Vigilance","Consecrate","SashWhip","Protect","ThirdEye","Conclude","BowlingBash","Weave","Wallop","Enlightenment","InnerPeace","EmptyFist","Establishment","FlyingSleeves","Blasphemy","Worship","Protect","ThirdEye"],"relics":["PureWater","Ornamental Fan","Omamori","TeardropLocket","Shovel","Fusion Hammer","Tiny Chest"],"acts_visited":["Exordium","TheCity"],"potions_floor_usage":[16,16,18,23],"damage_taken":[{"damage":0,"enemies":"Cultist","floor":1,"turns":4},{"damage":4,"enemies":"Small Slimes","floor":2,"turns":3},{"damage":16,"enemies":"Jaw Worm","floor":3,"turns":4},{"damage":0,"enemies":"2 Fungi Beasts","floor":4,"turns":2},{"damage":39,"enemies":"3 Sentries","floor":6,"turns":7},{"damage":4,"enemies":"Gremlin Nob","floor":8,"turns":3},{"damage":8,"enemies":"3 Sentries","floor":10,"turns":3},{"damage":0,"enemies":"Looter","floor":12,"turns":2},{"damage":0,"enemies":"3 Louse","floor":13,"turns":3},{"damage":0,"enemies":"Blue Slaver","floor":14,"turns":2},{"damage":21,"enemies":"The Guardian","floor":16,"turns":13},{"damage":12,"enemies":"2 Thieves","floor":18,"turns":3},{"damage":24,"enemies":"3 Byrds","floor":19,"turns":6},{"damage":14,"enemies":"Centurion and Healer","floor":20,"turns":7},{"damage":9,"enemies":"Book of Stabbing","floor":23,"turns":2}],"seed_played":"9183528495412072001","potions_obtained":[{"floor":1,"key":"LiquidBronze"},{"floor":6,"key":"SmokeBomb"},{"floor":14,"key":"PowerPotion"},{"floor":16,"key":"DuplicationPotion"},{"floor":20,"key":"BlessingOfTheForge"}],"is_trial":false,"path_per_floor":["M","M","M","M","?","E","R","E","T","E","$","M","M","M","R","B",null,"M","M","M","T","?","E"],"character_chosen":"WATCHER","items_purchased":["Wallop","Enlightenment","InnerPeace"],"campfire_rested":2,"item_purchase_floors":[11,11,11],"current_hp_per_floor":[61,57,41,41,41,2,22,18,18,10,10,10,10,10,30,9,53,41,17,3,3,3,0,0],"gold":249,"neow_bonus":"UPGRADE_CARD","is_daily":false,"chose_seed":false,"campfire_upgraded":0,"win_rate":0.0,"timestamp":1614071532,"path_taken":["M","M","?","M","?","E","R","E","T","E","$","M","?","M","R","BOSS","M","M","M","?","?","E"],"items_purchased_type":["Card","Card","Card"],"build_version":"2020-12-22","purchased_purges":0,"victory":false,"max_hp_per_floor":[68,68,68,68,68,68,68,68,68,68,68,68,68,68,68,68,68,68,68,68,68,68,68,68],"card_choices":[{"not_picked":["Prostrate","Collect"],"picked":"Consecrate","floor":1},{"not_picked":["ThirdEye","JustLucky"],"picked":"SashWhip","floor":2},{"not_picked":["SashWhip","Crescendo"],"picked":"Protect","floor":3},{"not_picked":["Collect","Weave"],"picked":"ThirdEye","floor":4},{"not_picked":["Wish","Wireheading"],"picked":"Conclude","floor":6},{"not_picked":["DevaForm","FlyingSleeves"],"picked":"BowlingBash","floor":8},{"not_picked":["CrushJoints","ForeignInfluence"],"picked":"Weave","floor":10},{"not_picked":["Consecrate","Perseverance"],"picked":"EmptyFist","floor":12},{"not_picked":["JustLucky","EmptyBody"],"picked":"Establishment","floor":13},{"not_picked":["Consecrate","CrushJoints"],"picked":"FlyingSleeves","floor":14},{"not_picked":["MasterReality","DevaForm"],"picked":"Blasphemy","floor":16},{"not_picked":["ClearTheMind","Pray"],"picked":"Worship","floor":18},{"not_picked":["PathToVictory","EmptyBody"],"picked":"Protect","floor":19},{"not_picked":["FlyingSleeves","Protect"],"picked":"ThirdEye","floor":20}],"player_experience":3633650,"relics_obtained":[{"floor":6,"key":"Ornamental Fan"},{"floor":8,"key":"Omamori"},{"floor":9,"key":"TeardropLocket"},{"floor":10,"key":"Shovel"},{"floor":21,"key":"Tiny Chest"}],"event_choices":[{"cards_removed":["Defend_P"],"damage_healed":0,"gold_gain":0,"player_choice":"Card Removal","damage_taken":0,"max_hp_gain":0,"max_hp_loss":0,"event_name":"Wheel of Change","floor":5,"gold_loss":0},{"damage_healed":0,"gold_gain":50,"player_choice":"Stole From Cult","damage_taken":0,"max_hp_gain":0,"max_hp_loss":0,"event_name":"Nest","floor":22,"gold_loss":0}],"is_beta":false,"boss_relics":[{"not_picked":["Black Star","Velvet Choker"],"picked":"Fusion Hammer"}],"items_purged_floors":[],"is_endless":false,"potions_floor_spawned":[1,6,12,14,16,20],"killed_by":"Book of Stabbing","ascension_level":19}}