{"host":"47dy5sq35ip5a0sv","time":1614064233,"event":{"mods":["BaseMod","Duelist Mod","Minty Spire (QoL Compilation)","StSLib","The Runesmith"],"gold_per_floor":[118,118,138,88,10,37,37,64,64,80,113,128,162,13,13,116,116,130,112,129,146,146,146,146],"floor_reached":23,"language":"ZHS","playtime":1650,"items_purged":["Runesmith:Strike_RS"],"score":221,"play_id":"b1be3198-e88d-4978-b00e-5a3c76f69dd2","local_time":"20210223151033","daily_mods":["Vintage","Heirloom","DeadlyEvents","Elite Swarm"],"is_ascension_mode":false,"campfire_choices":[{"floor":7,"key":"REST"},{"floor":15,"key":"REST"}],"circlet_count":0,"master_deck":["Runesmith:Strike_RS","Runesmith:Strike_RS+1","Runesmith:Defend_RS","Runesmith:Defend_RS","Runesmith:Defend_RS","Runesmith:Defend_RS","Runesmith:CraftFirestone","Runesmith:Fortify+1","Runesmith:EnergizedChisel","Runesmith:Overpower","Runesmith:CraftMedicinae","Runesmith:Firewall","Runesmith:CraftPrismatica","Runesmith:FissionHammer","Runesmith:CraftIndustria","Runesmith:Firestorm","Runesmith:HeatExchange","Runesmith:Duplicate"],"relics":["Runesmith:BrokenRuby","Ginger","Letter Opener","Dream Catcher","Potion Belt","Pear","Singing Bowl","Shuriken","Runesmith:EmergencyProvisions","Runesmith:MiniCore","Ornamental Fan","Black Star","Torii","Centennial Puzzle","Bronze Scales","Gremlin Horn"],"acts_visited":["Exordium","TheCity"],"potions_floor_usage":[8,11,13,23],"damage_taken":[{"damage":3,"enemies":"Small Slimes","floor":1,"turns":4},{"damage":9,"enemies":"2 Louse","floor":3,"turns":2},{"damage":18,"enemies":"Gremlin Nob","floor":6,"turns":4},{"damage":1,"enemies":"3 Sentries","floor":8,"turns":6},{"damage":1,"enemies":"Cultist","floor":10,"turns":6},{"damage":18,"enemies":"Gremlin Nob","floor":11,"turns":4},{"damage":2,"enemies":"Blue Slaver","floor":12,"turns":5},{"damage":15,"enemies":"3 Sentries","floor":13,"turns":5},{"damage":31,"enemies":"Slime Boss","floor":16,"turns":7},{"damage":16,"enemies":"Spheric Guardian","floor":18,"turns":4},{"damage":22,"enemies":"2 Thieves","floor":19,"turns":4},{"damage":21,"enemies":"Snecko","floor":20,"turns":5},{"damage":9,"enemies":"Chosen and Byrds","floor":21,"turns":6},{"damage":12,"enemies":"Slavers","floor":23,"turns":1}],"seed_played":"-1668974693617603919","potions_obtained":[{"floor":6,"key":"Explosive Potion"},{"floor":8,"key":"SkillPotion"},{"floor":11,"key":"Explosive Potion"},{"floor":18,"key":"Dexterity Potion"},{"floor":21,"key":"LiquidBronze"}],"is_trial":true,"path_per_floor":["M","?","M","?","$","E","R","E","T","M","E","M","E","$","R","B",null,"M","M","M","M","?","E"],"character_chosen":"RUNESMITH_CLASS","items_purchased":["Runesmith:EnergizedChisel","Runesmith:Overpower","Runesmith:Firestorm"],"campfire_rested":2,"item_purchase_floors":[5,5,14],"current_hp_per_floor":[67,53,44,44,44,26,47,56,56,55,37,35,20,20,44,15,80,64,42,21,12,12,0,0],"gold":146,"neow_bonus":"","is_daily":false,"chose_seed":false,"campfire_upgraded":0,"win_rate":0.0,"timestamp":1614064233,"path_taken":["M","?","M","?","$","E","R","E","T","M","E","M","E","?","R","BOSS","M","M","M","M","?","E"],"items_purchased_type":["Card","Card","Card"],"build_version":"2020-12-22","purchased_purges":1,"victory":false,"max_hp_per_floor":[70,70,70,70,70,70,70,80,80,80,80,80,80,80,80,80,80,80,80,80,80,80,80,80],"card_choices":[{"not_picked":["Runesmith:Duplicate","Runesmith:CraftPrismatica"],"picked":"Runesmith:CraftMedicinae","floor":6},{"not_picked":["Runesmith:CraftProtectio","Runesmith:StaticCage"],"picked":"Runesmith:Firewall","floor":7},{"not_picked":["Runesmith:Duplicate","Runesmith:CraftMedicinae"],"picked":"Runesmith:CraftPrismatica","floor":8},{"not_picked":["Runesmith:CreatorForm","Runesmith:Supernova"],"picked":"Runesmith:FissionHammer","floor":11},{"not_picked":["Runesmith:DuctTape","Runesmith:LastStand"],"picked":"Runesmith:CraftIndustria","floor":13},{"not_picked":["Runesmith:CraftSpiculum","Runesmith:Overpower"],"picked":"Runesmith:HeatExchange","floor":15},{"not_picked":["Runesmith:FissionHammer","Runesmith:GrandSlam"],"picked":"Runesmith:Duplicate","floor":16}],"player_experience":297041,"relics_obtained":[{"floor":1,"key":"Letter Opener"},{"floor":3,"key":"Dream Catcher"},{"floor":6,"key":"Potion Belt"},{"floor":8,"key":"Pear"},{"floor":9,"key":"Singing Bowl"},{"floor":10,"key":"Shuriken"},{"floor":11,"key":"Runesmith:EmergencyProvisions"},{"floor":12,"key":"Runesmith:MiniCore"},{"floor":13,"key":"Ornamental Fan"},{"floor":18,"key":"Torii"},{"floor":19,"key":"Centennial Puzzle"},{"floor":20,"key":"Bronze Scales"},{"floor":21,"key":"Gremlin Horn"}],"event_choices":[{"damage_healed":0,"gold_gain":0,"player_choice":"Entered Light","damage_taken":14,"max_hp_gain":0,"max_hp_loss":0,"event_name":"Shining Light","floor":2,"gold_loss":0,"cards_upgraded":["Runesmith:Strike_RS","Runesmith:Fortify"]},{"cards_removed":["Runesmith:Strike_RS"],"damage_healed":0,"gold_gain":0,"player_choice":"Card Removal","damage_taken":0,"max_hp_gain":0,"max_hp_loss":0,"event_name":"The Cleric","floor":4,"gold_loss":50},{"damage_healed":0,"gold_gain":0,"player_choice":"Ignored","damage_taken":0,"max_hp_gain":0,"max_hp_loss":0,"event_name":"Vampires","floor":22,"gold_loss":0}],"is_beta":false,"boss_relics":[{"not_picked":["SacredBark","Astrolabe"],"picked":"Black Star"}],"items_purged_floors":[14],"is_endless":false,"potions_floor_spawned":[6,8,11,18,21],"killed_by":"Slavers","ascension_level":0}}