{"host":"snggrqcauaf0m8fe","time":1614110077,"event":{"mods":["BaseMod","Minty Spire (QoL Compilation)","Quick Restart"],"gold_per_floor":[112,112,187,201,201,201,242,242,242,261,279,322,322,346,346,477,477,490,475,14,14,14,14,14,14,40,73,103,115,165,177,177],"floor_reached":31,"language":"ENG","playtime":876,"items_purged":[],"score":457,"play_id":"6769c7f4-64fe-4443-8655-f5933b960c4c","local_time":"20210223205437","is_ascension_mode":true,"campfire_choices":[{"floor":6,"key":"REST"},{"data":"Blade Dance","floor":8,"key":"SMITH"},{"floor":13,"key":"RECALL"},{"data":"Infinite Blades","floor":15,"key":"SMITH"},{"data":"Venomology","floor":23,"key":"SMITH"},{"data":"Ghostly","floor":25,"key":"SMITH"}],"circlet_count":0,"master_deck":["AscendersBane","Strike_G","Strike_G","Strike_G","Strike_G","Defend_G","Defend_G","Defend_G","Defend_G","Defend_G","Survivor","Neutralize","Blade Dance+1","Infinite Blades+1","Venomology","Finisher","Venomology+1","CurseOfTheBell","Outmaneuver","Backstab","Ghostly+1","Ghostly+1","Ghostly","Ghostly","Ghostly","Writhe","Caltrops"],"relics":["Ring of the Snake","NeowsBlessing","Golden Idol","Anchor","Sundial","Toy Ornithopter","Calling Bell","Boot","Pantograph","Tough Bandages","Sling","Turnip","Bronze Scales","MawBank","Ornamental Fan","Torii"],"acts_visited":["Exordium","TheCity"],"potions_floor_usage":[11,11,12,14,16,16,16,19,19,19,27,28,28,30,30,30,31,31],"damage_taken":[{"damage":0,"enemies":"Small Slimes","floor":1,"turns":1},{"damage":0,"enemies":"2 Louse","floor":4,"turns":1},{"damage":0,"enemies":"Lagavulin","floor":7,"turns":1},{"damage":0,"enemies":"Jaw Worm","floor":10,"turns":3},{"damage":0,"enemies":"Large Slime","floor":11,"turns":3},{"damage":15,"enemies":"Gremlin Nob","floor":12,"turns":4},{"damage":2,"enemies":"Looter","floor":14,"turns":3},{"damage":34,"enemies":"Slime Boss","floor":16,"turns":7},{"damage":8,"enemies":"Chosen","floor":18,"turns":6},{"damage":21,"enemies":"2 Thieves","floor":19,"turns":4},{"damage":13,"enemies":"Snake Plant","floor":27,"turns":4},{"damage":12,"enemies":"Centurion and Healer","floor":28,"turns":7},{"damage":9,"enemies":"Gremlin Leader","floor":30,"turns":6},{"damage":36,"enemies":"Cultist and Chosen","floor":31,"turns":6}],"seed_played":"5659530617833408100","potions_obtained":[{"floor":4,"key":"SteroidPotion"},{"floor":7,"key":"Strength Potion"},{"floor":10,"key":"Dexterity Potion"},{"floor":11,"key":"PowerPotion"},{"floor":19,"key":"Weak Potion"},{"floor":27,"key":"Swift Potion"}],"is_trial":false,"path_per_floor":["M","?","?","M","?","R","E","R","T","M","M","E","R","M","R","B",null,"M","M","$","?","?","R","?","R","T","M","M","T","E","M"],"character_chosen":"THE_SILENT","items_purchased":["Sling","Turnip"],"campfire_rested":1,"item_purchase_floors":[20,20],"current_hp_per_floor":[63,63,52,52,52,65,65,65,65,65,65,50,50,53,53,31,57,49,43,43,32,32,32,32,32,32,19,17,17,23,0,0],"gold":177,"neow_bonus":"THREE_ENEMY_KILL","is_daily":false,"chose_seed":false,"campfire_upgraded":4,"win_rate":0.0,"timestamp":1614110077,"path_taken":["M","?","?","M","?","R","E","R","T","M","M","E","R","M","R","BOSS","M","M","$","?","?","R","?","R","T","?","M","?","E","M"],"items_purchased_type":["Relic","Relic"],"build_version":"2020-12-22","purchased_purges":0,"victory":false,"max_hp_per_floor":[70,70,70,70,65,65,65,65,65,65,65,65,65,65,65,65,65,65,65,65,32,32,32,32,32,32,32,32,32,32,32,32],"card_choices":[{"not_picked":["Infinite Blades","Deflect"],"picked":"Blade Dance","floor":1},{"not_picked":["Bane","Underhanded Strike"],"picked":"Infinite Blades","floor":4},{"not_picked":["Expertise","Bouncing Flask","Prepared"],"picked":"SKIP","floor":7},{"not_picked":["Bane","Escape Plan","Reflex"],"picked":"SKIP","floor":10},{"not_picked":["Endless Agony","Escape Plan","Leg Sweep"],"picked":"SKIP","floor":11},{"not_picked":["Deflect","Blur"],"picked":"Venomology","floor":12},{"not_picked":["Acrobatics","Choke"],"picked":"Finisher","floor":14},{"not_picked":["Storm of Steel","Burst"],"picked":"Venomology","floor":16},{"not_picked":["Underhanded Strike+1","Expertise+1"],"picked":"Outmaneuver","floor":18},{"not_picked":["Quick Slash","Distraction"],"picked":"Backstab","floor":19},{"not_picked":["Skewer","Prepared","Dodge and Roll"],"picked":"SKIP","floor":27},{"not_picked":["Distraction","PiercingWail+1","Dagger Spray"],"picked":"SKIP","floor":28},{"not_picked":["Sucker Punch","Heel Hook+1"],"picked":"Caltrops","floor":30}],"player_experience":808375,"relics_obtained":[{"floor":7,"key":"Anchor"},{"floor":9,"key":"Sundial"},{"floor":12,"key":"Toy Ornithopter"},{"floor":17,"key":"Boot"},{"floor":17,"key":"Pantograph"},{"floor":17,"key":"Tough Bandages"},{"floor":26,"key":"MawBank"},{"floor":29,"key":"Ornamental Fan"},{"floor":30,"key":"Torii"}],"event_choices":[{"cards_removed":["Strike_G"],"damage_healed":0,"gold_gain":0,"player_choice":"Forget","damage_taken":0,"max_hp_gain":0,"max_hp_loss":0,"event_name":"Living Wall","floor":2,"gold_loss":0},{"damage_healed":0,"gold_gain":75,"player_choice":"Gather Gold","damage_taken":11,"max_hp_gain":0,"max_hp_loss":0,"event_name":"World of Goop","floor":3,"gold_loss":0},{"damage_healed":0,"gold_gain":0,"player_choice":"Lose Max HP","damage_taken":0,"relics_obtained":["Golden Idol"],"max_hp_gain":0,"max_hp_loss":5,"event_name":"Golden Idol","floor":5,"gold_loss":0},{"damage_healed":0,"gold_gain":0,"player_choice":"Became a Ghost","damage_taken":0,"max_hp_gain":0,"max_hp_loss":33,"event_name":"Ghosts","floor":21,"gold_loss":0,"cards_obtained":["Ghostly","Ghostly","Ghostly","Ghostly","Ghostly"]},{"damage_healed":0,"gold_gain":0,"player_choice":"Opened","damage_taken":0,"relics_obtained":["Bronze Scales"],"max_hp_gain":0,"max_hp_loss":0,"event_name":"The Mausoleum","floor":22,"gold_loss":0,"cards_obtained":["Writhe"]},{"damage_healed":0,"gold_gain":0,"player_choice":"Forge","damage_taken":0,"max_hp_gain":0,"max_hp_loss":0,"event_name":"Accursed Blacksmith","floor":24,"gold_loss":0,"cards_upgraded":["Ghostly"]}],"is_beta":false,"boss_relics":[{"not_picked":["Pandora\u0027s Box","Sozu"],"picked":"Calling Bell"}],"items_purged_floors":[],"is_endless":false,"potions_floor_spawned":[4,7,10,11,19,27],"killed_by":"Cultist and Chosen","ascension_level":10}}