{"host":"15miz8rv3pjbfiz2","time":1614113473,"event":{"mods":["AchievementEnabler","Aspiration","Astrologer","Bard","BaseMod","BetterRewards","Colored Map","Colored Powertips","Conspire","Gremlin Mod","Highlight Path","Hubris","Infinite Spire","Jorbs\u0027s Wanderer Trilogy","Minty Spire (QoL Compilation)","Quick Restart","READ ME - Snecko Mod","Replay The Spire","Shop Mod","Somnambulant","StSLib","The Blackbeard","The Bladedancer","The Bug Knight","The Construct","The Cursed","The Disciple","The Forsaken","The Hayseed","The Hierophant","The Judge","The Jungle","The Necromancer","The Poker Player","The Runesmith","The Servant 0.9.4","TheFirefly"],"gold_per_floor":[118,118,132,151,99,133,133,167,190,34,92,137,137,321,321,444,444,462,505,205,237,276,329,329,362,388,397,397,459,499,563,563,726,726,821,821,830,581,581,581,664,747,797,880,980,1121,1135,1135],"floor_reached":47,"language":"ENG","playtime":4366,"items_purged":["Strike_W","Defend_W","Delirium"],"score":772,"play_id":"11e4d350-a6e6-4d14-9e15-bb68dcd44345","local_time":"20210223155113","is_ascension_mode":true,"campfire_choices":[{"floor":7.0,"key":"REST"},{"data":"Bone_Armory","floor":13.0,"key":"SMITH"},{"data":"Bones_to_Steel","floor":15.0,"key":"SMITH"},{"data":"Detonate_Bones","floor":24.0,"key":"SMITH"},{"floor":28.0,"key":"REST"},{"data":"Summon_Undead_Army","floor":32.0,"key":"SMITH"},{"floor":40,"key":"REST"}],"circlet_count":0,"master_deck":["Summon_Vampire_Lady+1","Strike_W","Strike_W","Strike_W","Defend_W","Defend_W","Defend_W","Negative_Energy_Arrows+1","Bone_Wall","Negative_Energy_Javelin","Bone_Armory+1","Negative_Energy_Javelin","Vampiric_Strike","Bone_Bullets","Bones_to_Steel+1","Doubt","Grasp_Heart","Siphon_Strength+1","Flesh_Made_Foul","Blood_Whip","Whirlwind_of_Bones","Necrotic_Claws","Bone_Shift","Detonate_Bones+1","Bone_Bullets+1","hubris:Fate","Bone_Shift","Summon_Undead_Army+1","Blood_for_Blood+1","Summon_Death_Knight","Bone_Spikes","Summon_Vampire_Lady","Bone_Armor+1","infinitespire:UltimateForm"],"relics":["Vampire_Amulet","NeowsBlessing","hubris:DeckOfHolding","Replay:Bandana","CeramicFish","Pantograph","Replay:Bronze Core","Sling","infinitespire:BottledMercury","Toy Ornithopter","infinitespire:EvilPickle","Busted Crown","Cauldron","Ring of Misfortune","Ring of Fangs","Dream Catcher","hubris:SlimyHat","Mirror"],"acts_visited":["Exordium","TheCity","TheBeyond"],"potions_floor_usage":[33,41,44,44,47],"damage_taken":[{"damage":0.0,"enemies":"Cultist","floor":1.0,"turns":1.0},{"damage":0.0,"enemies":"conspire:RoseBush","floor":3.0,"turns":1.0},{"damage":0.0,"enemies":"Small Slimes","floor":4.0,"turns":1.0},{"damage":37.0,"enemies":"Lagavulin","floor":6.0,"turns":6.0},{"damage":38.0,"enemies":"3 Sentries","floor":8.0,"turns":9.0},{"damage":23.0,"enemies":"Lagavulin","floor":11.0,"turns":5.0},{"damage":7.0,"enemies":"2 Fungi Beasts","floor":12.0,"turns":3.0},{"damage":38.0,"enemies":"Hexaghost","floor":16.0,"turns":12.0},{"damage":30.0,"enemies":"2 Thieves","floor":18.0,"turns":5.0},{"damage":5.0,"enemies":"3 Byrds","floor":19.0,"turns":5.0},{"damage":31.0,"enemies":"conspire:HollyBat","floor":21.0,"turns":9.0},{"damage":17.0,"enemies":"Centurion and Healer","floor":22.0,"turns":5.0},{"damage":10.0,"enemies":"HollowMod:Nosk","floor":23.0,"turns":8.0},{"damage":16.0,"enemies":"Cultist and Chosen","floor":25.0,"turns":5.0},{"damage":25.0,"enemies":"conspire:Head Lice","floor":29.0,"turns":9.0},{"damage":32.0,"enemies":"3 Cultists","floor":30.0,"turns":5.0},{"damage":58.0,"enemies":"Nightmare","floor":31.0,"turns":9.0},{"damage":57,"enemies":"Pondfish","floor":33,"turns":9},{"damage":51,"enemies":"3 Darklings","floor":35,"turns":5},{"damage":40,"enemies":"Nemesis","floor":41,"turns":6},{"damage":10,"enemies":"3 Shapes","floor":42,"turns":8},{"damage":39,"enemies":"Jaw Worm Horde","floor":44,"turns":5},{"damage":76,"enemies":"Nightmare","floor":46,"turns":10},{"damage":40,"enemies":"Spire Growth","floor":47,"turns":3}],"seed_played":"-5417139028530073049","potions_obtained":[{"floor":4.0,"key":"Explosive Potion"},{"floor":8.0,"key":"Languid Potion"},{"floor":19.0,"key":"LifebloodPotion"},{"floor":21.0,"key":"ColorlessPotion"},{"floor":25.0,"key":"Weak Potion"},{"floor":31.0,"key":"Reflective Coating"},{"floor":35,"key":"Reflective Coating"},{"floor":36,"key":"CultistPotion"},{"floor":36,"key":"Cursed Concoction"},{"floor":36,"key":"DistilledChaos"},{"floor":42,"key":"Weak Potion"}],"is_trial":false,"path_per_floor":["M","?","M","M","$","E","R","E","T","$","E","M","R","?","R","B",null,"M","M","$","M","M","E","R","M","T","?","R","E","M","NM","R","B",null,"M","AVR","?","$","?","R","E","M","T","M","?","NM","M"],"character_chosen":"NECROMANCER","items_purchased":["Negative_Energy_Javelin","CeramicFish","Blood_Whip","Whirlwind_of_Bones","Sling","Summon_Vampire_Lady"],"campfire_rested":3,"item_purchase_floors":[5,10,20,20,20,38],"current_hp_per_floor":[75,75,75,75,75,49,71,61,61,61,49,46,46,46,46,70,75,58,74,74,59,50,62,62,53,53,35,57,75,59,31,31,27,75,37,37,37,37,37,59,28,46,46,42,42,20,0,0],"gold":1135,"neow_bonus":"THREE_ENEMY_KILL","is_daily":false,"chose_seed":false,"campfire_upgraded":4,"win_rate":0.0,"timestamp":1614113473,"path_taken":["M","?","M","?","$","E","R","E","T","$","E","M","R","?","R","BOSS","M","M","$","M","M","E","R","M","T","?","R","E","M","NM","R","BOSS","M","AVR","?","$","?","R","E","M","T","M","?","NM","M"],"items_purchased_type":["Card","Relic","Card","Card","Relic","Card"],"build_version":"2020-12-22","purchased_purges":3,"victory":false,"max_hp_per_floor":[75,75,75,75,75,75,75,75,75,75,75,75,75,75,75,75,75,75,75,75,75,75,75,75,75,75,75,75,75,75,75,75,75,75,75,75,75,75,75,75,75,75,75,75,75,75,75,75],"card_choices":[{"not_picked":["Negative_Energy_Shield","Finger_Of_Death","Spectral_Walk"],"picked":"SKIP","floor":1.0},{"not_picked":["Finger_Of_Death","Bones_to_Steel"],"picked":"Negative_Energy_Javelin","floor":3.0},{"not_picked":["Siphon_Strength","Life_Tap"],"picked":"Bone_Armory","floor":4.0},{"not_picked":["Negative_Energy_Sphere","Summon_Lich"],"picked":"Vampiric_Strike","floor":6.0},{"not_picked":["Blood_Curse","Chill_Blood","Consume_Illness"],"picked":"SKIP","floor":8.0},{"not_picked":["Bone_Shift","Summon_Undead"],"picked":"Bone_Bullets","floor":11.0},{"not_picked":["Blood_for_Blood","Death_Coil"],"picked":"Bones_to_Steel","floor":12.0},{"not_picked":["Requiem","Negative_Energy_Bomb"],"picked":"Grasp_Heart","floor":16.0},{"not_picked":["Bone_Spikes","Finger_Of_Death"],"picked":"Siphon_Strength+1","floor":18.0},{"not_picked":["Toxic_Smoke_Screen","Acid_Javelin"],"picked":"Flesh_Made_Foul","floor":19.0},{"not_picked":["Negative_Energy_Shield","Toxic_Smoke_Screen"],"picked":"Necrotic_Claws","floor":21.0},{"not_picked":["Consume_Illness","Negative_Energy_Shield"],"picked":"Bone_Shift","floor":22.0},{"not_picked":["Summon_Vampire_Lady","Consume_Illness"],"picked":"Detonate_Bones","floor":23.0},{"not_picked":["Negative_Energy_Javelin+1","Bone_Shift"],"picked":"Bone_Bullets+1","floor":25.0},{"not_picked":["hubris:InfiniteBlow","hubris:Rewind"],"picked":"hubris:Fate","floor":27.0},{"not_picked":["Death_Coil+1","Vampiric_Strike"],"picked":"Bone_Shift","floor":29.0},{"not_picked":["Toxic_Smoke_Screen","Summon_Undead"],"picked":"Summon_Undead_Army","floor":30.0},{"not_picked":["Blood_Magic","Consume_Illness"],"picked":"Blood_for_Blood+1","floor":31.0},{"not_picked":["Blood_Magic","Cloudkill"],"picked":"Summon_Death_Knight","floor":33},{"not_picked":[],"picked":"Bone_Spikes","floor":35},{"not_picked":["Spectral_Armor"],"picked":"SKIP","floor":41},{"not_picked":["Death_Coil"],"picked":"SKIP","floor":42},{"not_picked":[],"picked":"Bone_Armor+1","floor":44},{"not_picked":["infinitespire:SealOfDarkness+","ReplayTheSpireMod:Echoes of Time"],"picked":"infinitespire:UltimateForm","floor":46},{"not_picked":["Blood_Whip"],"picked":"SKIP","floor":46}],"player_experience":421925,"relics_obtained":[{"floor":6.0,"key":"hubris:DeckOfHolding"},{"floor":9.0,"key":"Replay:Bandana"},{"floor":11.0,"key":"Pantograph"},{"floor":29.0,"key":"infinitespire:BottledMercury"},{"floor":31.0,"key":"Toy Ornithopter"},{"floor":37,"key":"Ring of Misfortune"},{"floor":37,"key":"Ring of Fangs"},{"floor":41,"key":"Dream Catcher"},{"floor":43,"key":"hubris:SlimyHat"},{"floor":46,"key":"Mirror"}],"event_choices":[{"damage_healed":0.0,"max_hp_gain":0.0,"max_hp_loss":0.0,"gold_gain":0.0,"event_name":"Accursed Blacksmith","player_choice":"Forge","floor":2.0,"gold_loss":0.0,"damage_taken":0.0,"cards_upgraded":["Negative_Energy_Arrows"]},{"damage_healed":0.0,"max_hp_gain":0.0,"max_hp_loss":0.0,"gold_gain":175.0,"event_name":"Liars Game","player_choice":"AGREE","floor":14.0,"gold_loss":0.0,"damage_taken":0.0,"cards_obtained":["Doubt"]},{"damage_healed":0,"gold_gain":0,"player_choice":"Leave","damage_taken":0,"max_hp_gain":0,"max_hp_loss":0,"event_name":"conspire:Investor","floor":39,"gold_loss":0},{"damage_healed":0,"gold_gain":100,"player_choice":"Pray","damage_taken":0,"max_hp_gain":0,"max_hp_loss":0,"event_name":"Golden Shrine","floor":45,"gold_loss":0}],"is_beta":false,"boss_relics":[{"not_picked":["hubris:ScarierMask","hubris:VirtuousBlindfold"],"picked":"Replay:Bronze Core"},{"not_picked":["Empty Cage","construct:ClawGrip"],"picked":"Busted Crown"}],"items_purged_floors":[20,36,38],"is_endless":true,"potions_floor_spawned":[4,8,19,21,25,31,35,41,42],"killed_by":"Spire Growth","ascension_level":1}}