{"host":"f7915vm1ahl7kex1","time":1614124817,"event":{"mods":["BaseMod","Colored Map","Downfall","Minty Spire (QoL Compilation)","Quick Restart","Spire Arcade","StSLib"],"gold_per_floor":[99,99,99,199,299,299,299,2,18,18,3,3,19,61,78,192,192,92,119,143,143,164,193,262,262,271,271,289,314,314,13,38,142,142,42,62,85,85,21,32,73,73,106,127,167,67,67,99,116,116,116,150,48,48,48,48],"floor_reached":57,"language":"ENG","playtime":2666,"items_purged":["Guardian:Strike_Guardian"],"score":1478,"play_id":"58e24d46-964b-48ff-b1b4-e9e7f2da409d","local_time":"20210223180017","is_ascension_mode":true,"campfire_choices":[{"floor":1.0,"key":"RECALL"},{"data":"Guardian:StasisField","floor":10.0,"key":"SMITH"},{"data":"Guardian:StasisStrike","floor":18,"key":"SMITH"},{"data":"Guardian:TwinSlam","floor":25,"key":"SMITH"},{"data":"Guardian:ExploitGems","floor":27,"key":"SMITH"},{"floor":30,"key":"REST"},{"data":"Guardian:TemporalShield","floor":35,"key":"SMITH"},{"floor":46,"key":"REST"},{"data":"Guardian:Emergency","floor":54,"key":"SMITH"}],"circlet_count":0,"master_deck":["Guardian:Strike_Guardian","Guardian:Defend_Guardian","Guardian:Defend_Guardian","Guardian:Defend_Guardian+1","Guardian:CurlUp","Guardian:TwinSlam+1","Guardian:VentSteam+1","Guardian:ExploitGems+1","Parasite","Clumsy","Guardian:StasisField+1","Guardian:StasisStrike+1","Guardian:ShieldCharger+1","Guardian:Emergency+1","Writhe","Doubt","Parasite","Regret","Guardian:BronzeArmor+1","Guardian:StasisStrike+1","Guardian:TemporalShield+1","Guardian:Repulse","Guardian:Repulse+1","Doubt","Doubt","Guardian:Emergency+1","Guardian:Emergency+1"],"relics":["Guardian:ModeShifter","downfall:HeartsMalice","downfall:ExtraCursedKey","downfall:ShatteredFragment","Regal Pillow","Du-Vu Doll","CeramicFish","Empty Cage","downfall:HeartBlessingRed","Bag of Marbles","Molten Egg 2","Medical Kit","Black Star","downfall:HeartBlessingBlue","Bottled Tornado","PreservedInsect","Omamori","Gremlin Horn","War Paint","Question Card","Orichalcum","downfall:HeartBlessingGreen","Blue Candle","Potion Belt","Lizard Tail","Bag of Preparation"],"acts_visited":["Exordium","TheCity","TheBeyond","TheEnding"],"potions_floor_usage":[22,29,39,50,56,56,56,56],"damage_taken":[{"damage":0.0,"enemies":"Small Slimes","floor":2.0,"turns":1.0},{"damage":0.0,"enemies":"2 Louse","floor":3.0,"turns":1.0},{"damage":0.0,"enemies":"downfall:FleeingMerchant","floor":8.0,"turns":1.0},{"damage":0.0,"enemies":"Jaw Worm","floor":9.0,"turns":1.0},{"damage":4.0,"enemies":"downfall:FleeingMerchant","floor":11.0,"turns":4.0},{"damage":7.0,"enemies":"Large Slime","floor":13.0,"turns":4.0},{"damage":13.0,"enemies":"Lagavulin","floor":14.0,"turns":4.0},{"damage":0.0,"enemies":"Blue Slaver","floor":15.0,"turns":2.0},{"damage":10.0,"enemies":"WA_ARCHETYPE_RETAIN","floor":16.0,"turns":5.0},{"damage":7,"enemies":"Shell Parasite","floor":19,"turns":4},{"damage":0,"enemies":"Chosen","floor":20,"turns":4},{"damage":0,"enemies":"Centurion and Healer","floor":22,"turns":5},{"damage":0,"enemies":"Snecko","floor":23,"turns":4},{"damage":25,"enemies":"Book of Stabbing","floor":29,"turns":3},{"damage":4,"enemies":"downfall:FleeingMerchant","floor":31,"turns":4},{"damage":0,"enemies":"Shelled Parasite and Fungi","floor":32,"turns":3},{"damage":16,"enemies":"SI_MIRROR_ARCHETYPE","floor":33,"turns":6},{"damage":0,"enemies":"Orb Walker","floor":36,"turns":3},{"damage":5,"enemies":"3 Shapes","floor":37,"turns":3},{"damage":17,"enemies":"downfall:FleeingMerchant","floor":39,"turns":4},{"damage":10,"enemies":"Spire Growth","floor":40,"turns":4},{"damage":14,"enemies":"Giant Head","floor":43,"turns":6},{"damage":4,"enemies":"3 Darklings","floor":44,"turns":5},{"damage":10,"enemies":"Reptomancer","floor":45,"turns":5},{"damage":6,"enemies":"Giant Head","floor":48,"turns":5},{"damage":7,"enemies":"4 Shapes","floor":49,"turns":4},{"damage":22,"enemies":"IC_BLOCK_ARCHETYPE","floor":50,"turns":9},{"damage":44,"enemies":"downfall:CharBossMerchant","floor":52,"turns":7},{"damage":34,"enemies":"downfall:NeowBoss","floor":55,"turns":14},{"damage":38,"enemies":"downfall:NeowBossFinal","floor":56,"turns":13}],"seed_played":"-7405398616117576855","potions_obtained":[{"floor":5.0,"key":"Regen Potion"},{"floor":13.0,"key":"DistilledChaos"},{"floor":14.0,"key":"AttackPotion"},{"floor":15.0,"key":"SpeedPotion"},{"floor":19,"key":"Guardian:BlockOnCardUsePotion"},{"floor":32,"key":"SmokeBomb"},{"floor":33,"key":"Ancient Potion"},{"floor":36,"key":"ColorlessPotion"},{"floor":45,"key":"AttackPotion"},{"floor":49,"key":"PowerPotion"},{"floor":52,"key":"DistilledChaos"}],"is_trial":false,"path_per_floor":["R","M","M","?","?","?","T","$","M","R","$","?","M","E","M","B",null,"R","M","M","?","M","M","T","R","?","R","T","E","R","$","M","B",null,"R","M","M","?","?","M","T","?","E","M","E","R","$","E","M","B",null,"E","$","R","B","B",null],"character_chosen":"GUARDIAN","items_purchased":["Du-Vu Doll","Guardian:StasisStrike+1","Medical Kit","Bottled Tornado","PreservedInsect","Guardian:Emergency"],"campfire_rested":2,"item_purchase_floors":[8,31,31,39,39,53],"current_hp_per_floor":[80,80,80,80,80,56,56,56,56,56,52,52,45,32,32,22,80,80,73,73,65,65,65,65,65,65,65,65,52,80,76,76,60,80,90,90,85,85,68,58,58,58,44,40,30,72,72,66,59,37,90,46,46,46,12,20],"gold":48,"neow_bonus":"THREE_ENEMY_KILL","is_daily":false,"chose_seed":false,"campfire_upgraded":6,"win_rate":0.0,"timestamp":1614124817,"path_taken":["R","M","M","?","?","?","T","?","M","R","$","?","?","E","M","BOSS","R","M","M","?","M","?","T","R","?","R","?","E","R","$","M","BOSS","R","M","M","?","?","M","T","?","E","?","E","R","?","E","M","BOSS","E","$","R","BOSS","BOSS"],"items_purchased_type":["Relic","Card","Relic","Relic","Relic","Card"],"build_version":"2020-12-22","purchased_purges":1,"victory":true,"max_hp_per_floor":[80,80,80,80,80,80,80,80,80,80,80,80,80,80,80,80,80,80,80,80,80,80,80,80,80,80,80,80,80,80,80,80,80,80,90,90,90,90,90,90,90,90,90,90,90,90,90,90,90,90,90,90,90,90,90,90],"card_choices":[{"not_picked":["Guardian:Clone","Guardian:TemporalStrike"],"picked":"Guardian:VentSteam","floor":2.0},{"not_picked":["Guardian:Recover","Guardian:Emergency"],"picked":"Guardian:ExploitGems","floor":3.0},{"not_picked":["Guardian:ChargeCore","Guardian:SentryBeam"],"picked":"Guardian:StasisField","floor":8.0},{"not_picked":["Guardian:Planning","Guardian:BronzeOrb"],"picked":"Guardian:Gem_Cyan","floor":9.0},{"not_picked":["Guardian:WalkerClaw","Guardian:EvasiveProtocol","Guardian:Gem_Blue"],"picked":"SKIP","floor":11.0},{"not_picked":["Guardian:Gem_Crimson","Guardian:Reroute","Guardian:PiercingHide"],"picked":"SKIP","floor":13.0},{"not_picked":["Guardian:TimeBomb","Guardian:EvasiveProtocol"],"picked":"Guardian:Gem_White","floor":14.0},{"not_picked":["Guardian:BodySlam","Guardian:PiercingHide","Guardian:CrystalBeam"],"picked":"SKIP","floor":15.0},{"not_picked":["Guardian:AncientConstruct","Guardian:ConstructionForm"],"picked":"Guardian:StasisStrike","floor":16.0},{"not_picked":["Guardian:WalkerClaw+1","Guardian:EvasiveProtocol"],"picked":"Guardian:ShieldCharger+1","floor":19},{"not_picked":["Guardian:TemporalStrike","Guardian:PiercingHide+1"],"picked":"Guardian:Gem_Cyan","floor":20},{"not_picked":["Guardian:ShieldCharger+1","Guardian:TimeBomb"],"picked":"Guardian:Emergency","floor":22},{"not_picked":["Guardian:RefractedBeam","Guardian:RollAttack"],"picked":"Guardian:Gem_Red","floor":23},{"not_picked":["Guardian:TimeBomb+1","Guardian:WalkerClaw+1","Guardian:ShieldCharger+1"],"picked":"SKIP","floor":29},{"not_picked":["Guardian:RollAttack+1","Guardian:Gem_Cyan"],"picked":"Guardian:BronzeArmor+1","floor":31},{"not_picked":["Guardian:WalkerClaw+1","Guardian:Recover"],"picked":"Guardian:TemporalShield","floor":32},{"not_picked":["Guardian:RevengeProtocol","Guardian:SphericShield"],"picked":"Guardian:Gem_Orange","floor":33},{"not_picked":["Guardian:PrimingBeam+1","Guardian:Reroute+1"],"picked":"Guardian:TemporalShield+1","floor":36},{"not_picked":["Guardian:Gem_Green","Guardian:Harden"],"picked":"Guardian:Repulse","floor":37},{"not_picked":["Guardian:TemporalStrike+1","Guardian:BronzeOrb+1"],"picked":"Guardian:Repulse+1","floor":39},{"not_picked":["Guardian:Planning","Guardian:VentSteam+1","Guardian:Suspension"],"picked":"SKIP","floor":40},{"not_picked":["Guardian:PiercingHide+1","Guardian:BronzeArmor+1","Guardian:TemporalStrike+1"],"picked":"SKIP","floor":43},{"not_picked":["Guardian:GuardianWhirl+1","Guardian:TemporalShield"],"picked":"Guardian:Gem_Yellow","floor":44},{"not_picked":["Guardian:Gem_Crimson","Guardian:Gem_Red"],"picked":"Guardian:Emergency+1","floor":45},{"not_picked":["Guardian:TimeBomb+1","Guardian:Gem_Cyan","Guardian:Gem_Synthetic","Guardian:Gem_Crimson"],"picked":"SKIP","floor":48},{"not_picked":["Guardian:BronzeArmor","Guardian:TemporalStrike+1","Guardian:PrimingBeam+1","Guardian:Emergency"],"picked":"SKIP","floor":49},{"not_picked":["Guardian:SpikerProtocol","Guardian:TimeBomb","Guardian:ShieldCharger","Guardian:Gem_Purple"],"picked":"SKIP","floor":52}],"player_experience":1234116,"relics_obtained":[{"floor":7.0,"key":"Regal Pillow"},{"floor":14.0,"key":"CeramicFish"},{"floor":24,"key":"Bag of Marbles"},{"floor":29,"key":"Molten Egg 2"},{"floor":41,"key":"Omamori"},{"floor":43,"key":"Gremlin Horn"},{"floor":43,"key":"War Paint"},{"floor":45,"key":"Question Card"},{"floor":45,"key":"Orichalcum"},{"floor":48,"key":"Blue Candle"},{"floor":48,"key":"Potion Belt"},{"floor":52,"key":"Lizard Tail"},{"floor":52,"key":"Bag of Preparation"}],"event_choices":[{"cards_removed":["Guardian:TemporalShield"],"damage_healed":0,"gold_gain":0,"player_choice":"Removed Skill","damage_taken":0,"max_hp_gain":0,"max_hp_loss":0,"event_name":"Falling","floor":38,"gold_loss":0}],"is_beta":false,"boss_relics":[{"not_picked":["Sozu","Snecko Eye"],"picked":"Empty Cage"},{"not_picked":["bronze:MakeshiftBattery","Philosopher\u0027s Stone"],"picked":"Black Star"}],"items_purged_floors":[53],"is_endless":false,"potions_floor_spawned":[13,14,15,19,20,32,33,36,43,45,49,52],"ascension_level":1}}