{"host":"7eytxr1oawi6r5nr","time":1614087480,"event":{"mods":["Act Like it!","BaseMod","Better Third Choice","Curses Come First","Dark Map","Hermit","Hubris","Ironclad Rager","Minty Spire (QoL Compilation)","Permanent Neow","Quick Restart","Rare Cards Sparkle","Relic Filter Mod","Reliquary","Replay The Spire","Ruina","StSLib","The Cursed","The Disciple","The Forsaken","The IronCluck","The Runesmith","The Servant 0.9.4","Wide Potions"],"gold_per_floor":[12,27,40,40,40,40,51,76,76,108,127,147,166,91,91,188,188,198,216,116,131,31,31,31],"floor_reached":23,"language":"ENG","playtime":2433,"items_purged":["Twin Strike","Twin Strike"],"score":256,"play_id":"7a4b529e-a46d-4bbc-b33b-b39eaa6b0799","local_time":"20210223133800","is_ascension_mode":true,"campfire_choices":[{"data":"Bash","floor":6,"key":"SMITH"},{"floor":15,"key":"REST"}],"circlet_count":0,"master_deck":["Bash+1","Twin Strike","Twin Strike","Twin Strike","Iron Wave","Iron Wave","Iron Wave","Iron Wave","Thunderclap","Clothesline","Flex","Headbutt","True Grit","Flame Barrier","Replay:Undeath\u0027s Touch","Limit Break","Offering"],"relics":["Burning Blood","Torii","Dream Catcher","reliquary:RustamsPendant"],"acts_visited":["Exordium","Exordium"],"potions_floor_usage":[8,16,21,23],"damage_taken":[{"damage":0,"enemies":"2 Louse","floor":1,"turns":2},{"damage":8,"enemies":"Small Slimes","floor":2,"turns":2},{"damage":0,"enemies":"Cultist","floor":3,"turns":2},{"damage":9,"enemies":"Blue Slaver","floor":7,"turns":3},{"damage":15,"enemies":"3 Sentries","floor":8,"turns":5},{"damage":20,"enemies":"Lagavulin","floor":10,"turns":4},{"damage":13,"enemies":"Exordium Wildlife","floor":11,"turns":3},{"damage":11,"enemies":"Looter","floor":12,"turns":2},{"damage":2,"enemies":"Blue Slaver","floor":13,"turns":3},{"damage":9,"enemies":"Slime Boss","floor":16,"turns":9},{"damage":13,"enemies":"ruina:2_Scarecrows","floor":18,"turns":5},{"damage":28,"enemies":"ruina:Nosferatu","floor":19,"turns":5},{"damage":21,"enemies":"ruina:KnightOfDespair","floor":21,"turns":5},{"damage":25,"enemies":"ruina:Mountain","floor":23,"turns":1}],"seed_played":"59352317714642670","potions_obtained":[{"floor":2,"key":"PowerPotion"},{"floor":7,"key":"Block Potion"},{"floor":10,"key":"Fire Potion"},{"floor":16,"key":"SpeedPotion"},{"floor":21,"key":"Ancient Potion"}],"is_trial":false,"path_per_floor":["M","M","M","?","$","R","M","E","T","E","M","M","M","$","R","B",null,"M","M","?","M","$","E"],"character_chosen":"IRONCLAD","items_purchased":[],"campfire_rested":1,"item_purchase_floors":[],"current_hp_per_floor":[57,55,61,61,61,61,58,49,49,35,28,23,27,27,48,45,65,58,36,36,21,21,0,0],"gold":31,"neow_bonus":"IRONCLAD_BERSERKER","is_daily":false,"chose_seed":false,"campfire_upgraded":1,"win_rate":0.0,"timestamp":1614087480,"path_taken":["M","M","M","?","$","R","M","E","T","E","M","M","M","$","R","BOSS","M","M","?","?","$","E"],"items_purchased_type":[],"build_version":"2020-12-22","purchased_purges":2,"victory":false,"max_hp_per_floor":[72,72,72,72,72,72,72,72,72,72,72,72,72,72,72,72,72,72,72,72,72,72,72,72],"card_choices":[{"not_picked":["Life Link","Iron Wave","Havoc"],"picked":"SKIP","floor":1},{"not_picked":["Heavy Blade","Flex"],"picked":"Thunderclap","floor":2},{"not_picked":["Thunderclap","Wild Strike"],"picked":"Clothesline","floor":3},{"not_picked":["Rupture","Replay:Undeath\u0027s Touch"],"picked":"Flex","floor":7},{"not_picked":["Second Wind","Seeing Red","Exhume"],"picked":"SKIP","floor":8},{"not_picked":["ReplayTheSpireMod:LeadingStrike","Iron Wave"],"picked":"Headbutt","floor":10},{"not_picked":["Sword Boomerang","Body Slam","Warcry"],"picked":"SKIP","floor":11},{"not_picked":["Abandon","Warcry"],"picked":"True Grit","floor":12},{"not_picked":["Whirlwind","Iron Wave"],"picked":"Flame Barrier","floor":13},{"not_picked":["ReplayTheSpireMod:LeadingStrike","ReplayTheSpireMod:Strike From Hell"],"picked":"Replay:Undeath\u0027s Touch","floor":15},{"not_picked":["Hemogenesis","Fiend Fire"],"picked":"Limit Break","floor":16},{"not_picked":["Headbutt","Sever Soul","Twin Strike"],"picked":"SKIP","floor":18},{"not_picked":["Clash","ReplayTheSpireMod:Strike From Hell","Havoc+1"],"picked":"SKIP","floor":19},{"not_picked":["Barricade","Limit Break"],"picked":"Offering","floor":20},{"not_picked":["Havoc","Perfected Strike","Body Slam"],"picked":"SKIP","floor":21}],"player_experience":206233,"relics_obtained":[{"floor":8,"key":"Torii"},{"floor":10,"key":"Dream Catcher"}],"event_choices":[{"cards_removed":["Sickly"],"damage_healed":0,"gold_gain":0,"player_choice":"Forget","damage_taken":0,"max_hp_gain":0,"max_hp_loss":0,"event_name":"Living Wall","floor":4,"gold_loss":0}],"is_beta":false,"boss_relics":[{"not_picked":["Pandora\u0027s Box","Ooze Armor"],"picked":"reliquary:RustamsPendant"}],"items_purged_floors":[14,22],"is_endless":false,"potions_floor_spawned":[2,7,10,11,16,18,21],"killed_by":"ruina:Mountain","ascension_level":5}}