{"host":"tk5pyv01hxoi3ka3","time":1614054237,"event":{"mods":["2.2 Compatiblity","Abigail Mod","BaseMod","Better Note","Card Forge","Colored Map","Gold Saver","GungeonMod","Koishi","Lobotomy","Marisa£¨Ùöéë¡¡Øª×âÞÞ£©","Minty Spire (QoL Compilation)","Prisma Mod","READ ME - Guardian Mod","Shop Mod","StSLib","The Administrix","The Gatherer","The Jungle","Waifu the Spire"],"gold_per_floor":[1296,1394,1417,1002,1013,1039,1039,660,686,703,703,703,441,458,458,554,554,572,306,318,318,337,337,362,362,362,362,388,415,415,415],"floor_reached":30,"language":"KOR","playtime":1104,"items_purged":["DemoMod:Strike_Huntress","DemoMod:Strike_Huntress","DemoMod:Defend_Huntress","DemoMod:RustySidearm"],"score":300,"play_id":"2c4826f4-4f67-4ddf-ad6a-deb9a75275fe","local_time":"20210223132357","is_ascension_mode":false,"campfire_choices":[{"data":"DemoMod:ManualReload","floor":11,"key":"SMITH"},{"data":"DemoMod:FinishedGun","floor":15,"key":"SMITH"},{"data":"DemoMod:Desperate","floor":23,"key":"SMITH"},{"data":"DemoMod:HungryBullets","floor":25,"key":"SMITH"},{"data":"DemoMod:AWP","floor":27,"key":"SMITH"}],"circlet_count":0,"master_deck":["DemoMod:Strike_Huntress+1","DemoMod:Defend_Huntress","DemoMod:Defend_Huntress","DemoMod:Defend_Huntress","DemoMod:Roll","DemoMod:ManualReload+1","DemoMod:CrossBow","DemoMod:AWP+1","DemoMod:PotionOfGunFriendShip+1","DemoMod:HungryBullets+1","DemoMod:FinishedGun+1","DemoMod:Desperate+1","DemoMod:Rummage+1","DemoMod:HighKaliber+1","DemoMod:DirectionalPad+1","DemoMod:TeaPot","DemoMod:Eureka"],"relics":["DemoMod:Dog","Hammer of Thor","Seething Fire","Anvil of the Gods","DemoMod:Plus1Bullets","DemoMod:Unsteady","MerchantsRug","Centennial Puzzle","Meat on the Bone","DemoMod:HoleyGrail","Bag of Marbles","SlaversCollar","PreservedInsect","DemoMod:LamentConfigurum","Question Card","DemoMod:Relodestone"],"acts_visited":["Exordium","Exordium","theJungle:Jungle"],"potions_floor_usage":[],"damage_taken":[{"damage":3,"enemies":"Small Slimes","floor":1,"turns":2},{"damage":0,"enemies":"2 Louse","floor":3,"turns":2},{"damage":6,"enemies":"Jaw Worm","floor":5,"turns":2},{"damage":0,"enemies":"Gremlin Nob","floor":6,"turns":2},{"damage":18,"enemies":"Lots of Slimes","floor":10,"turns":2},{"damage":7,"enemies":"Red Slaver","floor":14,"turns":2},{"damage":9,"enemies":"Slime Boss","floor":16,"turns":5},{"damage":0,"enemies":"theJungle:GiantWrat","floor":18,"turns":2},{"damage":0,"enemies":"Shell Parasite","floor":20,"turns":1},{"damage":12,"enemies":"theJungle:Snecko_Cultist_And_Trap","floor":22,"turns":3},{"damage":0,"enemies":"theJungle:2_Phrogs","floor":24,"turns":2},{"damage":10,"enemies":"DemoMod:Veteran_shot_gun_kin_and_bullet_kin","floor":28,"turns":2},{"damage":6,"enemies":"DemoMod:2_Veteran_bullet_kins_and_red_shotgun_kin","floor":29,"turns":3},{"damage":67,"enemies":"DemoMod:Veteran_shot_gun_kin_and_blue_shotgun_kin_with_gunsinger","floor":30,"turns":2}],"seed_played":"-568271273331581606","potions_obtained":[{"floor":5,"key":"Swift Potion"},{"floor":10,"key":"Fire Potion"},{"floor":14,"key":"SkillPotion"},{"floor":18,"key":"SkillPotion"},{"floor":24,"key":"SpeedPotion"},{"floor":29,"key":"DistilledChaos"}],"is_trial":false,"path_per_floor":["M","?","M","$","M","E","?","$","T","M","R","?","$","M","R","B",null,"M","$","M","?","M","R","E","R","T","R","M","M","M"],"character_chosen":"HUNTRESS","items_purchased":["MerchantsRug","DemoMod:GnawedKey","DemoMod:AWP","DemoMod:HungryBullets","Meat on the Bone","Bag of Marbles","PreservedInsect"],"campfire_rested":0,"item_purchase_floors":[4,4,4,8,8,13,19],"current_hp_per_floor":[67,67,67,67,61,61,47,47,47,41,41,46,46,39,39,42,75,75,75,75,75,63,63,63,63,75,75,65,59,0,0],"gold":415,"neow_bonus":"RANDOM_COMMON_RELIC","is_daily":false,"chose_seed":false,"campfire_upgraded":5,"win_rate":0.0,"timestamp":1614054237,"path_taken":["M","?","M","$","M","E","?","$","T","M","R","?","?","?","R","BOSS","M","$","M","?","M","R","E","R","T","R","M","M","M"],"items_purchased_type":["Relic","Relic","Card","Card","Relic","Relic","Relic"],"build_version":"2020-12-22","purchased_purges":4,"victory":false,"max_hp_per_floor":[70,70,70,70,70,70,70,70,70,70,70,75,75,75,75,75,75,75,75,75,75,75,75,75,75,75,75,75,75,75,75],"card_choices":[{"not_picked":["DemoMod:BattleInHaste","DemoMod:StickyCrossBow","DemoMod:Casey"],"picked":"SKIP","floor":1},{"not_picked":["DemoMod:FastSwitch","DemoMod:HardPowerCard","DemoMod:AC15"],"picked":"SKIP","floor":3},{"not_picked":["DemoMod:BattleInHaste","DemoMod:FeignSurrender"],"picked":"DemoMod:PotionOfGunFriendShip","floor":5},{"not_picked":["DemoMod:BattleInHaste","DemoMod:ThirdPartyController","DemoMod:DoubleSwitch"],"picked":"SKIP","floor":6},{"not_picked":["DemoMod:BattleInHaste","DemoMod:StrategicReserve"],"picked":"DemoMod:JK47","floor":10},{"not_picked":["DemoMod:CombinedRifle","DemoMod:DoubleSwitch"],"picked":"DemoMod:FinishedGun","floor":14},{"not_picked":["DemoMod:GunslingerForm","DemoMod:DoubleVision"],"picked":"DemoMod:Desperate","floor":16},{"not_picked":["DemoMod:HuntsMan","DemoMod:HardPowerCard"],"picked":"DemoMod:Rummage+1","floor":18},{"not_picked":["DemoMod:SAA","DemoMod:AbyssalTentacle"],"picked":"DemoMod:HighKaliber+1","floor":20},{"not_picked":["DemoMod:HardPowerCard+1","DemoMod:PracticeMakesPerfect","DemoMod:AWP+1"],"picked":"SKIP","floor":22},{"not_picked":["DemoMod:GunShield","DemoMod:Rummage"],"picked":"DemoMod:DirectionalPad+1","floor":24},{"not_picked":["DemoMod:DoubleSwitch","DemoMod:Ejector"],"picked":"DemoMod:TeaPot","floor":28},{"not_picked":["DemoMod:HighKaliber+1","DemoMod:DoubleSwitch","DemoMod:SAA"],"picked":"DemoMod:Eureka","floor":29}],"player_experience":248527,"relics_obtained":[{"floor":6,"key":"Centennial Puzzle"},{"floor":9,"key":"DemoMod:HoleyGrail"},{"floor":24,"key":"DemoMod:LamentConfigurum"},{"floor":28,"key":"Question Card"}],"event_choices":[{"damage_healed":0,"gold_gain":0,"player_choice":"Entered Light","damage_taken":14,"max_hp_gain":0,"max_hp_loss":0,"event_name":"Shining Light","floor":7,"gold_loss":0,"cards_upgraded":["DemoMod:Strike_Huntress","DemoMod:PotionOfGunFriendShip"]},{"damage_healed":0,"gold_gain":0,"player_choice":"Donut","damage_taken":0,"max_hp_gain":5,"max_hp_loss":0,"event_name":"Big Fish","floor":12,"gold_loss":0},{"cards_removed":["DemoMod:JK47"],"damage_healed":0,"gold_gain":0,"player_choice":"Purged","damage_taken":0,"max_hp_gain":0,"max_hp_loss":0,"event_name":"Purifier","floor":21,"gold_loss":0}],"is_beta":false,"boss_relics":[{"not_picked":["Black Star","DemoMod:Test1"],"picked":"SlaversCollar"}],"items_purged_floors":[4,8,13,19],"is_endless":false,"potions_floor_spawned":[5,10,14,18,24,29],"killed_by":"DemoMod:Veteran_shot_gun_kin_and_blue_shotgun_kin_with_gunsinger","ascension_level":0}}