{"host":"rzxtdhi6dlaar4wu","time":1614104453,"event":{"mods":["2.2 Compatiblity","AchievementEnabler","BaseMod","Block Reminder","Colored Map","Colored Powertips","Minty Spire (QoL Compilation)","Quick Restart","Random Character Button","Rare Cards Sparkle","Relic Stats","StSLib","The IronCluck"],"gold_per_floor":[114,11,11,11,27,61,72,72,72,86,86,104,104,279,279,375,375,389,389,304,304,7,7,7],"floor_reached":23,"language":"ENG","playtime":592,"items_purged":["Doubt"],"score":212,"play_id":"10398015-9178-4ebe-a6ff-43fe180ee63e","local_time":"20210223192053","is_ascension_mode":false,"campfire_choices":[{"data":"Survivor","floor":8,"key":"SMITH"},{"data":"Neutralize","floor":11,"key":"SMITH"},{"data":"Deflect","floor":13,"key":"SMITH"},{"data":"Noxious Fumes","floor":15,"key":"SMITH"}],"circlet_count":0,"master_deck":["Strike_G","Strike_G","Strike_G","Strike_G","Defend_G","Defend_G","Defend_G","Defend_G","Survivor+1","Neutralize+1","Backflip","Noxious Fumes+1","Bane","Poisoned Stab","Deadly Poison","Catalyst","Deflect+1","Bane","Burst","Deadly Poison","Deflect","Blur","Noxious Fumes"],"relics":["Ring of the Snake","NeowsBlessing","Pen Nib","Art of War","Gremlin Horn","SlaversCollar","Molten Egg 2","Bag of Marbles"],"acts_visited":["Exordium","TheCity"],"potions_floor_usage":[23],"damage_taken":[{"damage":0,"enemies":"Cultist","floor":1,"turns":1},{"damage":0,"enemies":"Small Slimes","floor":5,"turns":1},{"damage":0,"enemies":"Gremlin Nob","floor":6,"turns":1},{"damage":2,"enemies":"Jaw Worm","floor":7,"turns":3},{"damage":1,"enemies":"3 Louse","floor":10,"turns":3},{"damage":0,"enemies":"Large Slime","floor":12,"turns":5},{"damage":25,"enemies":"The Guardian","floor":16,"turns":10},{"damage":16,"enemies":"Spheric Guardian","floor":18,"turns":5},{"damage":55,"enemies":"Slavers","floor":23,"turns":4}],"seed_played":"-2516002494639835030","potions_obtained":[{"floor":1,"key":"Strength Potion"},{"floor":6,"key":"EssenceOfSteel"}],"is_trial":false,"path_per_floor":["M","$","T","?","M","E","M","R","T","M","R","M","R","?","R","B",null,"M","?","?","?","$","E"],"character_chosen":"THE_SILENT","items_purchased":["Noxious Fumes","Bane","Bag of Marbles","Noxious Fumes"],"campfire_rested":0,"item_purchase_floors":[2,2,22,22],"current_hp_per_floor":[70,70,70,70,70,70,68,68,68,67,67,67,67,67,67,42,70,54,54,54,54,54,0,0],"gold":7,"neow_bonus":"THREE_ENEMY_KILL","is_daily":false,"chose_seed":false,"campfire_upgraded":4,"win_rate":0.0,"timestamp":1614104453,"path_taken":["M","$","?","?","M","E","M","R","T","?","R","M","R","?","R","BOSS","M","?","?","?","$","E"],"items_purchased_type":["Card","Card","Relic","Card"],"build_version":"2020-12-22","purchased_purges":1,"victory":false,"max_hp_per_floor":[70,70,70,70,70,70,70,70,70,70,70,70,70,70,70,70,70,70,70,70,70,70,70,70],"relic_stats":{"Gremlin Horn":[4,4],"counters":[9,33],"Pen Nib":[5],"Art of War":[7],"obtain_stats":[{"SlaversCollar":17,"NeowsBlessing":0,"Gremlin Horn":9,"Molten Egg 2":20,"Pen Nib":3,"Art of War":6,"Bag of Marbles":22,"Ring of the Snake":0},{"SlaversCollar":7,"NeowsBlessing":0,"Gremlin Horn":4,"Molten Egg 2":8,"Pen Nib":1,"Art of War":3,"Bag of Marbles":8,"Ring of the Snake":0},{"SlaversCollar":24,"NeowsBlessing":0,"Gremlin Horn":6,"Molten Egg 2":29,"Pen Nib":1,"Art of War":3,"Bag of Marbles":29,"Ring of the Snake":0}],"Ring of the Snake":[18]},"card_choices":[{"not_picked":["Calculated Gamble","Underhanded Strike"],"picked":"Backflip","floor":1},{"not_picked":["Outmaneuver","Slice"],"picked":"Poisoned Stab","floor":5},{"not_picked":["Infinite Blades","Prepared"],"picked":"Deadly Poison","floor":6},{"not_picked":["Deflect","All Out Attack"],"picked":"Catalyst","floor":7},{"not_picked":["Flying Knee","Acrobatics"],"picked":"Deflect","floor":10},{"not_picked":["Flying Knee","Prepared"],"picked":"Bane","floor":12},{"not_picked":["Doppelganger","Malaise"],"picked":"Burst","floor":16},{"not_picked":["Outmaneuver","Sucker Punch"],"picked":"Deadly Poison","floor":18}],"player_experience":174506,"relics_obtained":[{"floor":3,"key":"Pen Nib"},{"floor":6,"key":"Art of War"},{"floor":9,"key":"Gremlin Horn"}],"event_choices":[{"damage_healed":0,"gold_gain":0,"player_choice":"Ignored","damage_taken":0,"max_hp_gain":0,"max_hp_loss":0,"event_name":"Golden Wing","floor":4,"gold_loss":0},{"damage_healed":0,"gold_gain":175,"player_choice":"AGREE","damage_taken":0,"max_hp_gain":0,"max_hp_loss":0,"event_name":"Liars Game","floor":14,"gold_loss":0,"cards_obtained":["Doubt"]},{"damage_healed":0,"gold_gain":0,"player_choice":"Ignored","damage_taken":0,"max_hp_gain":0,"max_hp_loss":0,"event_name":"Ghosts","floor":19,"gold_loss":0},{"damage_healed":0,"gold_gain":0,"player_choice":"Obtained Relic","damage_taken":0,"relics_obtained":["Molten Egg 2"],"max_hp_gain":0,"max_hp_loss":0,"event_name":"Addict","floor":20,"gold_loss":85},{"damage_healed":0,"gold_gain":0,"cards_transformed":["Strike_G","Defend_G"],"player_choice":"Became Test Subject","damage_taken":0,"max_hp_gain":0,"max_hp_loss":0,"event_name":"Drug Dealer","floor":21,"gold_loss":0,"cards_obtained":["Deflect","Blur"]}],"is_beta":false,"boss_relics":[{"not_picked":["Busted Crown","HoveringKite"],"picked":"SlaversCollar"}],"items_purged_floors":[22],"is_endless":false,"potions_floor_spawned":[1,6],"killed_by":"Slavers","ascension_level":0}}