{"host":"684z1xpuwaoqmmh1","time":1614102883,"event":{"mods":["BaseMod","CatGirl Mod","Downfall","Hermit","Jorbs\u0027s Wanderer Trilogy","Marisa????????","Minty Spire (QoL Compilation)","Robot Space Explorer","Shade Mod","Shapeshifter Mod","StSLib","The Bug Knight","The Clintock","The Dragon Tamer","The Elementalist","The Hayseed","The Hierophant","The Marked","The Mystic","The Poker Player","The Runesmith","The Sage","The Saiyan","The Showman","The Spell Scribe","The Valiant","The Vixen","TheBandit","TheFirefly","TheVacant"],"gold_per_floor":[215,235,15,26,101,101,134,154,199,211,229,254,254,264,264,366,366,385,385,400,413,432,432,462,462,489,489,504,517,157,182,182,285,285,305,305,322,341,355,385,403,403,403,19,37,65,84,110,110,110,110],"floor_reached":50,"language":"ENG","playtime":6928,"items_purged":["clintock:ClintockStrike","clintock:ClintockStrike"],"score":765,"play_id":"759da66c-b623-4b48-8c07-c99db38f84e8","local_time":"20210223195442","is_ascension_mode":false,"campfire_choices":[{"data":"clintock:BaseSynthesis","floor":6.0,"key":"SMITH"},{"data":"clintock:MendelPro","floor":15.0,"key":"SMITH"},{"data":"clintock:MineAndDine","floor":23,"key":"SMITH"},{"data":"clintock:MetabolicPathways","floor":27,"key":"SMITH"},{"data":"clintock:Replenish","floor":32,"key":"SMITH"},{"floor":42,"key":"RECALL"},{"data":"clintock:SinsheimerT3","floor":49,"key":"SMITH"}],"circlet_count":0,"master_deck":["clintock:ClintockStrike","clintock:ClintockDefend","clintock:ClintockDefend","clintock:BaseSynthesis+1","clintock:Replenish+1","clintock:Acupuncture+1","clintock:BruteForce","clintock:Centrifuge","clintock:DCMP+1","clintock:MendelPro+1","clintock:TelomereErosion","clintock:ATPReserves","clintock:BoloPunch","clintock:Nanopore+1","clintock:Excavate+1","clintock:Polymerize+1","clintock:MineAndDine+1","clintock:Bateson9000+1","clintock:Eureka+1","clintock:MetabolicPathways+1","clintock:SinsheimerT3+1","clintock:Polymerize","clintock:Thymidine","clintock:TheGenomeProject","clintock:Fluorescein"],"relics":["clintock:BiomoleculePool","Blood Vial","bronze:DecasWashers","Dream Catcher","Whetstone","Strawberry","Astrolabe","Smiling Mask","Boot","Omamori","Oddly Smooth Stone","ClockworkSouvenir","clintock:Isopropanol","sneckomod:SneckoTalon","Archangels Feather","Ice Cream","Pantograph","Blue Candle"],"acts_visited":["Exordium","TheCity","TheBeyond"],"potions_floor_usage":[22,28,31,37,39,41,46],"damage_taken":[{"damage":0.0,"enemies":"Small Slimes","floor":1.0,"turns":3.0},{"damage":0.0,"enemies":"Cultist","floor":2.0,"turns":5.0},{"damage":3.0,"enemies":"2 Louse","floor":4.0,"turns":4.0},{"damage":12.0,"enemies":"3 Sentries","floor":7.0,"turns":6.0},{"damage":0.0,"enemies":"Red Slaver","floor":8.0,"turns":6.0},{"damage":0.0,"enemies":"2 Fungi Beasts","floor":10.0,"turns":3.0},{"damage":1.0,"enemies":"Blue Slaver","floor":11.0,"turns":5.0},{"damage":17.0,"enemies":"Lagavulin","floor":12.0,"turns":9.0},{"damage":0.0,"enemies":"Looter","floor":14.0,"turns":5.0},{"damage":54.0,"enemies":"Slime Boss","floor":16.0,"turns":12.0},{"damage":0,"enemies":"Spheric Guardian","floor":18,"turns":7},{"damage":9,"enemies":"3 Byrds","floor":20,"turns":5},{"damage":8,"enemies":"Shelled Parasite and Fungi","floor":21,"turns":8},{"damage":0,"enemies":"Snake Plant","floor":22,"turns":10},{"damage":0,"enemies":"HollowMod:Nosk","floor":24,"turns":12},{"damage":6,"enemies":"Centurion and Healer","floor":28,"turns":13},{"damage":0,"enemies":"Snecko","floor":29,"turns":4},{"damage":12,"enemies":"Book of Stabbing","floor":31,"turns":8},{"damage":0,"enemies":"Champ","floor":33,"turns":11},{"damage":8,"enemies":"3 Shapes","floor":35,"turns":10},{"damage":5,"enemies":"Orb Walker","floor":37,"turns":6},{"damage":33,"enemies":"Transient","floor":38,"turns":5},{"damage":20,"enemies":"Jaw Worm Horde","floor":39,"turns":8},{"damage":0,"enemies":"Nemesis","floor":40,"turns":7},{"damage":11,"enemies":"3 Darklings","floor":41,"turns":9},{"damage":20,"enemies":"Writhing Mass","floor":45,"turns":9},{"damage":6,"enemies":"Reptomancer","floor":46,"turns":4},{"damage":35,"enemies":"Transient","floor":47,"turns":5},{"damage":0,"enemies":"HollowMod:StalkingDevout","floor":48,"turns":12},{"damage":55,"enemies":"Time Eater","floor":50,"turns":12}],"seed_played":"-6139780658482829525","potions_obtained":[{"floor":1.0,"key":"SteroidPotion"},{"floor":2.0,"key":"bronze:BurnAndBuffPotion"},{"floor":4.0,"key":"AttackPotion"},{"floor":16.0,"key":"Guardian:BlockOnCardUsePotion"},{"floor":22,"key":"SkillPotion"},{"floor":24,"key":"Block Potion"},{"floor":29,"key":"SteroidPotion"},{"floor":33,"key":"Energy Potion"},{"floor":38,"key":"SneckoOil"},{"floor":39,"key":"EssenceOfSteel"},{"floor":48,"key":"Ancient Potion"}],"is_trial":false,"path_per_floor":["M","M","$","M","?","R","E","M","T","M","M","E","?","M","R","B",null,"M","T","M","M","M","R","E","?","T","R","M","M","$","E","R","B",null,"M","?","M","M","M","E","M","R","T","$","M","E","M","E","R","B"],"character_chosen":"CLINTOCK_CLASS","items_purchased":["Blood Vial","Oddly Smooth Stone","ClockworkSouvenir","Ice Cream","clintock:Fluorescein"],"campfire_rested":0,"item_purchase_floors":[3,30,30,44,44],"current_hp_per_floor":[80,80,80,77,69,69,59,61,61,63,64,49,56,58,58,6,87,87,87,78,72,74,74,79,79,79,79,81,83,83,73,73,75,87,79,79,76,49,31,33,35,35,35,35,27,33,8,21,21,0,0],"gold":110,"neow_bonus":"HUNDRED_GOLD","is_daily":false,"chose_seed":false,"campfire_upgraded":6,"win_rate":0.0,"timestamp":1614102882,"path_taken":["M","M","$","M","?","R","E","M","T","M","?","E","?","M","R","BOSS","M","?","M","M","M","R","E","?","T","R","M","M","?","E","R","BOSS","M","?","M","?","M","E","M","R","T","$","M","E","M","E","R","BOSS"],"items_purchased_type":["Relic","Relic","Relic","Relic","Card"],"build_version":"2020-12-22","purchased_purges":2,"victory":false,"max_hp_per_floor":[80,80,80,80,80,80,80,80,80,80,80,80,87,87,87,87,87,87,87,87,87,87,87,87,87,87,87,87,87,87,87,87,87,87,87,87,87,87,87,87,87,87,87,87,87,87,87,87,87,87,87],"card_choices":[{"not_picked":["clintock:Irradiate","clintock:GeneticsLab"],"picked":"clintock:Acupuncture","floor":1.0},{"not_picked":["clintock:Immunodeficiency","clintock:Interrupt","clintock:SampleSwap"],"picked":"SKIP","floor":2.0},{"not_picked":["clintock:EnergyDrink","clintock:Jab"],"picked":"clintock:BruteForce","floor":4.0},{"not_picked":["clintock:Obstruct","clintock:Efflux"],"picked":"clintock:Centrifuge","floor":7.0},{"not_picked":["clintock:Interrupt","clintock:Polymerize"],"picked":"clintock:DCMP","floor":8.0},{"not_picked":["clintock:ProteinUtilization","clintock:RandomForest"],"picked":"clintock:MendelPro","floor":10.0},{"not_picked":["clintock:BruteForce","clintock:Polymerize"],"picked":"clintock:TelomereErosion","floor":11.0},{"not_picked":["clintock:Interrupt","clintock:PurineMetabolism","clintock:Jab"],"picked":"SKIP","floor":12.0},{"not_picked":["clintock:Interrupt","clintock:PurineMetabolism","clintock:Jab"],"picked":"SKIP","floor":12.0},{"not_picked":["clintock:Centrifuge","clintock:Excavate"],"picked":"clintock:ATPReserves","floor":14.0},{"not_picked":["clintock:TheGenomeProject","clintock:NextGenBoost"],"picked":"clintock:BoloPunch","floor":16.0},{"not_picked":["clintock:VectorFlow+1","clintock:TelomereErosion","clintock:ImpulsiveShot"],"picked":"SKIP","floor":18},{"not_picked":["clintock:Sting","clintock:ATPReserves"],"picked":"clintock:MineAndDine","floor":20},{"not_picked":["clintock:EnergyDrink","clintock:Jab"],"picked":"clintock:Bateson9000+1","floor":21},{"not_picked":["clintock:Jab+1","clintock:SampleSwap"],"picked":"clintock:Eureka+1","floor":22},{"not_picked":["clintock:Eureka+1","clintock:TelomereErosion","clintock:Ketosis"],"picked":"SKIP","floor":24},{"not_picked":["clintock:Outbreak","clintock:EnergyDrink+1","clintock:Jab"],"picked":"SKIP","floor":28},{"not_picked":["clintock:SuperSeqX1","clintock:MineAndDine+1","clintock:Eureka"],"picked":"SKIP","floor":29},{"not_picked":["clintock:Immunodeficiency","clintock:Ketosis","clintock:Obstruct"],"picked":"SKIP","floor":31},{"not_picked":["clintock:LifeSager","clintock:Mitosis"],"picked":"clintock:SinsheimerT3","floor":33},{"not_picked":["clintock:VectorFlow","clintock:Eureka+1","clintock:Immunodeficiency+1"],"picked":"SKIP","floor":35},{"not_picked":["clintock:Centrifuge+1","clintock:Jab","clintock:BruteForce"],"picked":"SKIP","floor":37},{"not_picked":["clintock:ATPReserves","clintock:Deoxyguanosine+1"],"picked":"clintock:TheGenomeProject","floor":38},{"not_picked":["clintock:ImpulsiveShot","clintock:Polymerize+1","clintock:Acupuncture"],"picked":"SKIP","floor":39},{"not_picked":["clintock:PurineMetabolism+1","clintock:ProteinUtilization+1","clintock:Outbreak"],"picked":"SKIP","floor":40},{"not_picked":["clintock:Eureka","clintock:EnergyDrink+1","clintock:ATPReserves+1"],"picked":"SKIP","floor":41},{"not_picked":["clintock:TelomereErosion","clintock:Epidemic","clintock:Jab"],"picked":"SKIP","floor":45},{"not_picked":["clintock:EnergyDrink+1","clintock:Contamination","clintock:VectorFlow+1"],"picked":"SKIP","floor":46},{"not_picked":["clintock:Obstruct+1","clintock:Efflux+1","clintock:ATPReserves+1"],"picked":"SKIP","floor":47},{"not_picked":["clintock:GlucoseToxicity","clintock:Splinter+1","clintock:Immunodeficiency"],"picked":"SKIP","floor":48}],"player_experience":3143021,"relics_obtained":[{"floor":7.0,"key":"bronze:DecasWashers"},{"floor":9.0,"key":"Dream Catcher"},{"floor":12.0,"key":"Whetstone"},{"floor":13.0,"key":"Strawberry"},{"floor":19,"key":"Smiling Mask"},{"floor":24,"key":"Boot"},{"floor":26,"key":"Omamori"},{"floor":31,"key":"clintock:Isopropanol"},{"floor":40,"key":"Archangels Feather"},{"floor":46,"key":"Pantograph"},{"floor":48,"key":"Blue Candle"}],"event_choices":[{"damage_healed":0.0,"max_hp_gain":0.0,"max_hp_loss":0.0,"gold_gain":75.0,"event_name":"FaceTrader","player_choice":"Touch","floor":5.0,"gold_loss":0.0,"damage_taken":8.0},{"damage_healed":0.0,"max_hp_gain":0.0,"max_hp_loss":0.0,"gold_gain":0.0,"event_name":"Wheel of Change","player_choice":"Relic","floor":13.0,"gold_loss":0.0,"damage_taken":0.0},{"damage_healed":0,"gold_gain":0,"player_choice":"Read","damage_taken":0,"max_hp_gain":0,"max_hp_loss":0,"event_name":"The Library","floor":25,"gold_loss":0,"cards_obtained":["clintock:MetabolicPathways"]},{"damage_healed":0,"gold_gain":0,"player_choice":"2 cards matched","damage_taken":0,"max_hp_gain":0,"max_hp_loss":0,"event_name":"Match and Keep!","floor":36,"gold_loss":0,"cards_obtained":["clintock:Polymerize","clintock:Thymidine"]}],"is_beta":false,"boss_relics":[{"not_picked":["Calling Bell","Empty Cage"],"picked":"Astrolabe"},{"not_picked":["Runic Pyramid","sagemod:Falmels_Amulet"],"picked":"sneckomod:SneckoTalon"}],"items_purged_floors":[3,30],"is_endless":false,"potions_floor_spawned":[1,2,4,16,22,24,29,33,35,38,39,48],"killed_by":"Time Eater","ascension_level":0}}