{"host":"85hbogzbhbjx716d","time":1614101632,"event":{"mods":["BaseMod","Bestiary","Better Match","Better Note","Colored Map","Colored Powertips","Curses Come First","Minty Spire (QoL Compilation)","Permanent Neow","Shop Mod","StSLib","SuperFastMode"],"gold_per_floor":[119,137,137,155,230,246,246,25,25,25,41,41,60,75,75,174,174,191,204,204,144,16,43,43,43,43,55,66,66,80,80,80,179,179,189,189,206,223,223,223,248,248,248,248,265,63,73,86,86,86,86,86,14,49,49,49],"floor_reached":55,"language":"ENG","playtime":1879,"items_purged":["Pain","Catalyst+1"],"score":736,"play_id":"ac7b2c3d-461a-4418-a3ed-ecdbadcfb7cd","local_time":"20210223123352","is_ascension_mode":false,"campfire_choices":[{"floor":7.0,"key":"REST"},{"data":"A Thousand Cuts","floor":10.0,"key":"SMITH"},{"data":"Infinite Blades","floor":15.0,"key":"SMITH"},{"floor":25,"key":"REST"},{"data":"Adrenaline","floor":29,"key":"SMITH"},{"floor":32,"key":"REST"},{"floor":40,"key":"RECALL"},{"floor":42,"key":"REST"},{"floor":44,"key":"DIG"},{"floor":49,"key":"REST"},{"floor":52,"key":"DIG"}],"circlet_count":0,"master_deck":["Strike_G","Strike_G","Defend_G","Defend_G","Defend_G","Defend_G","Survivor+1","Neutralize+1","Dagger Throw","Finisher","Dagger Spray","A Thousand Cuts+1","Accuracy+1","Infinite Blades+1","Cloak And Dagger","Adrenaline+1","Deflect+1","Dodge and Roll+1","Doppelganger","Cloak And Dagger","Slice+1","Cloak And Dagger+1","Wraith Form v2","Burst","Backstab+1","Underhanded Strike+1","Deflect+1","Blade Dance","Dodge and Roll+1","Parasite","Dagger Spray+1","Terror","Good Instincts","Dagger Spray+1"],"relics":["Sozu","Bag of Marbles","Turnip","WristBlade","FossilizedHelix","Astrolabe","The Courier","Paper Crane","Shovel","HornCleat","MealTicket","Bottled Lightning","Toy Ornithopter"],"acts_visited":["Exordium","TheCity","TheBeyond","TheEnding"],"potions_floor_usage":[],"damage_taken":[{"damage":0.0,"enemies":"Jaw Worm","floor":1.0,"turns":5.0},{"damage":2.0,"enemies":"Small Slimes","floor":2.0,"turns":4.0},{"damage":0.0,"enemies":"Cultist","floor":4.0,"turns":3.0},{"damage":4.0,"enemies":"2 Fungi Beasts","floor":6.0,"turns":3.0},{"damage":5.0,"enemies":"Looter","floor":11.0,"turns":3.0},{"damage":3.0,"enemies":"3 Louse","floor":13.0,"turns":3.0},{"damage":9.0,"enemies":"Blue Slaver","floor":14.0,"turns":2.0},{"damage":0.0,"enemies":"Slime Boss","floor":16.0,"turns":6.0},{"damage":4,"enemies":"Spheric Guardian","floor":18,"turns":3},{"damage":0,"enemies":"3 Byrds","floor":19,"turns":4},{"damage":41,"enemies":"Slavers","floor":23,"turns":3},{"damage":6,"enemies":"Centurion and Healer","floor":27,"turns":4},{"damage":0,"enemies":"Cultist and Chosen","floor":28,"turns":4},{"damage":0,"enemies":"Chosen and Byrds","floor":30,"turns":4},{"damage":6,"enemies":"Automaton","floor":33,"turns":8},{"damage":0,"enemies":"Orb Walker","floor":35,"turns":3},{"damage":15,"enemies":"3 Darklings","floor":37,"turns":4},{"damage":5,"enemies":"Sphere and 2 Shapes","floor":38,"turns":4},{"damage":12,"enemies":"Nemesis","floor":41,"turns":5},{"damage":0,"enemies":"Maw","floor":45,"turns":6},{"damage":0,"enemies":"Writhing Mass","floor":47,"turns":5},{"damage":0,"enemies":"Jaw Worm Horde","floor":48,"turns":3},{"damage":37,"enemies":"Donu and Deca","floor":50,"turns":8},{"damage":48,"enemies":"Shield and Spear","floor":54,"turns":5},{"damage":39,"enemies":"The Heart","floor":55,"turns":2}],"seed_played":"-2847415245724479871","potions_obtained":[],"is_trial":false,"path_per_floor":["M","M","?","M","?","M","R","$","T","R","M","?","M","M","R","B",null,"M","M","?","?","$","E","$","R","T","M","M","R","M","?","R","B",null,"M","?","M","M","T","R","E","R","T","R","M","$","M","M","R","B",null,"R","$","E","B"],"character_chosen":"THE_SILENT","items_purchased":["Accuracy","Bag of Marbles","Cloak And Dagger","MealTicket","Good Instincts"],"campfire_rested":5,"item_purchase_floors":[8,8,22,46,53],"current_hp_per_floor":[70,68,54,54,43,39,60,60,60,60,55,55,52,43,43,43,70,66,66,66,66,66,25,25,46,46,40,40,40,40,40,61,55,70,70,70,55,50,50,50,38,59,59,59,59,59,59,59,70,33,70,70,70,22,0,0],"gold":49,"neow_bonus":"BOSS_RELIC","is_daily":false,"chose_seed":false,"campfire_upgraded":3,"win_rate":0.0,"timestamp":1614101632,"path_taken":["M","M","?","M","?","M","R","?","T","R","M","?","?","?","R","BOSS","M","M","?","?","$","E","$","R","T","M","?","R","M","?","R","BOSS","M","?","?","M","?","R","E","R","T","R","M","$","?","M","R","BOSS","R","$","E","BOSS"],"items_purchased_type":["Card","Relic","Card","Relic","Card"],"build_version":"2020-12-22","purchased_purges":2,"victory":false,"max_hp_per_floor":[70,70,70,70,70,70,70,70,70,70,70,70,70,70,70,70,70,70,70,70,70,70,70,70,70,70,70,70,70,70,70,70,70,70,70,70,70,70,70,70,70,70,70,70,70,70,70,70,70,70,70,70,70,70,70,70],"card_choices":[{"not_picked":["Dodge and Roll","Sucker Punch"],"picked":"Dagger Throw","floor":1.0},{"not_picked":["Dagger Throw","Sucker Punch"],"picked":"Finisher","floor":2.0},{"not_picked":["Slice","Poisoned Stab"],"picked":"Dagger Spray","floor":4.0},{"not_picked":["PiercingWail","Sucker Punch"],"picked":"A Thousand Cuts","floor":6.0},{"not_picked":["Deflect","Bane"],"picked":"Infinite Blades","floor":11.0},{"not_picked":["PiercingWail","Quick Slash","Slice"],"picked":"SKIP","floor":13.0},{"not_picked":["Dagger Spray","Crippling Poison"],"picked":"Cloak And Dagger","floor":14.0},{"not_picked":["A Thousand Cuts","Glass Knife"],"picked":"Adrenaline","floor":16.0},{"not_picked":["Flying Knee","Masterful Stab"],"picked":"Deflect+1","floor":18},{"not_picked":["Flechettes","Bane+1"],"picked":"Dodge and Roll+1","floor":19},{"not_picked":["Bouncing Flask","Escape Plan"],"picked":"Slice+1","floor":23},{"not_picked":["Reflex","Noxious Fumes","Bouncing Flask"],"picked":"SKIP","floor":27},{"not_picked":["Poisoned Stab","Dagger Spray"],"picked":"Cloak And Dagger+1","floor":28},{"not_picked":["Poisoned Stab","Deadly Poison"],"picked":"Wraith Form v2","floor":30},{"not_picked":["Glass Knife","Tools of the Trade"],"picked":"Burst","floor":33},{"not_picked":["Slice","Bane+1"],"picked":"Deflect+1","floor":35},{"not_picked":["Deadly Poison+1","Masterful Stab","Tactician"],"picked":"SKIP","floor":37},{"not_picked":["Underhanded Strike","Reflex","Escape Plan"],"picked":"SKIP","floor":38},{"not_picked":["Acrobatics+1","Deadly Poison+1"],"picked":"Blade Dance","floor":41},{"not_picked":["Dagger Throw","Slice"],"picked":"Dodge and Roll+1","floor":45},{"not_picked":["Well Laid Plans+1","A Thousand Cuts"],"picked":"Dagger Spray+1","floor":47},{"not_picked":["Quick Slash","PiercingWail+1"],"picked":"Terror","floor":48},{"not_picked":["Dagger Throw+1","Prepared+1"],"picked":"Dagger Spray+1","floor":54}],"player_experience":281818,"relics_obtained":[{"floor":9.0,"key":"Turnip"},{"floor":23,"key":"FossilizedHelix"},{"floor":39,"key":"The Courier"},{"floor":41,"key":"Paper Crane"},{"floor":43,"key":"Shovel"},{"floor":44,"key":"HornCleat"},{"floor":52,"key":"Bottled Lightning"},{"floor":54,"key":"Toy Ornithopter"}],"event_choices":[{"damage_healed":0.0,"max_hp_gain":0.0,"max_hp_loss":0.0,"gold_gain":0.0,"event_name":"Shining Light","player_choice":"Entered Light","floor":3.0,"gold_loss":0.0,"damage_taken":14.0,"cards_upgraded":["Neutralize","Survivor"]},{"damage_healed":0.0,"max_hp_gain":0.0,"max_hp_loss":0.0,"gold_gain":75.0,"event_name":"World of Goop","player_choice":"Gather Gold","floor":5.0,"gold_loss":0.0,"damage_taken":11.0},{"damage_healed":0.0,"max_hp_gain":0.0,"max_hp_loss":0.0,"gold_gain":0.0,"event_name":"Liars Game","player_choice":"Ignored","floor":12.0,"gold_loss":0.0,"damage_taken":0.0},{"damage_healed":0,"gold_gain":0,"player_choice":"Cursed","damage_taken":0,"max_hp_gain":0,"max_hp_loss":0,"event_name":"Wheel of Change","floor":20,"gold_loss":0,"cards_obtained":["Decay"]},{"damage_healed":0,"gold_gain":0,"cards_transformed":["Decay","Strike_G"],"player_choice":"Transformed Cards","damage_taken":0,"max_hp_gain":0,"max_hp_loss":0,"event_name":"Designer","floor":21,"gold_loss":60,"cards_obtained":["Pain","Doppelganger"]},{"damage_healed":0,"gold_gain":0,"player_choice":"Forge","damage_taken":0,"max_hp_gain":0,"max_hp_loss":0,"event_name":"Accursed Blacksmith","floor":31,"gold_loss":0,"cards_upgraded":["Accuracy"]},{"damage_healed":0,"gold_gain":0,"player_choice":"Bought 0 Potions","damage_taken":0,"max_hp_gain":0,"max_hp_loss":0,"event_name":"The Woman in Blue","floor":36,"gold_loss":0}],"is_beta":false,"boss_relics":[{"not_picked":["Busted Crown","Cursed Key"],"picked":"WristBlade"},{"not_picked":["Pandora\u0027s Box","Coffee Dripper"],"picked":"Astrolabe"}],"items_purged_floors":[22,46],"is_endless":false,"potions_floor_spawned":[2,14,16,19,27,30,37,41,45],"killed_by":"The Heart","ascension_level":0}}