{"host":"vxgtqwpb0ulpisda","time":1614096829,"event":{"mods":["BaseMod","Bestiary","Minty Spire (QoL Compilation)","Relic Stats","ojb\u0027s Info Mod"],"gold_per_floor":[19,38,57,57,57,82,82,102,147,147,178,178,278,288,288,388,388,406,2,14,30,47,47,47],"floor_reached":23,"language":"ENG","playtime":1393,"items_purged":[],"score":264,"play_id":"a6ab71d6-2f7b-4e1e-841f-6138635f91fc","local_time":"20210223111349","is_ascension_mode":true,"campfire_choices":[{"data":"Envenom","floor":7,"key":"SMITH"},{"floor":10,"key":"REST"},{"data":"Bouncing Flask","floor":12,"key":"SMITH"},{"data":"PiercingWail","floor":15,"key":"SMITH"}],"circlet_count":0,"master_deck":["Strike_G","Strike_G+1","Strike_G","Strike_G","Defend_G","Defend_G","Defend_G","Defend_G","Defend_G","Survivor","Neutralize","Envenom+1","Crippling Poison+1","PiercingWail+1","Skewer","Deadly Poison","Bouncing Flask+1","A Thousand Cuts","Calculated Gamble","Concentrate","Bouncing Flask","Dodge and Roll"],"relics":["Ring of the Snake","White Beast Statue","Anchor","Snake Skull","Runic Dome","Medical Kit","Frozen Egg 2"],"acts_visited":["Exordium","TheCity"],"potions_floor_usage":[6,22,23,23],"damage_taken":[{"damage":1,"enemies":"Cultist","floor":1,"turns":5},{"damage":4,"enemies":"Jaw Worm","floor":2,"turns":4},{"damage":0,"enemies":"2 Louse","floor":3,"turns":3},{"damage":18,"enemies":"3 Sentries","floor":6,"turns":8},{"damage":0,"enemies":"2 Fungi Beasts","floor":8,"turns":3},{"damage":14,"enemies":"Gremlin Nob","floor":11,"turns":4},{"damage":3,"enemies":"Gremlin Gang","floor":14,"turns":4},{"damage":5,"enemies":"The Guardian","floor":16,"turns":7},{"damage":6,"enemies":"3 Byrds","floor":18,"turns":3},{"damage":13,"enemies":"Shell Parasite","floor":20,"turns":5},{"damage":13,"enemies":"Cultist and Chosen","floor":21,"turns":5},{"damage":19,"enemies":"Centurion and Healer","floor":22,"turns":5},{"damage":24,"enemies":"Gremlin Leader","floor":23,"turns":5}],"seed_played":"4928814225418369790","potions_obtained":[{"floor":1,"key":"Regen Potion"},{"floor":8,"key":"Explosive Potion"},{"floor":11,"key":"SmokeBomb"},{"floor":14,"key":"Fire Potion"},{"floor":16,"key":"DuplicationPotion"},{"floor":18,"key":"SneckoOil"},{"floor":21,"key":"Regen Potion"},{"floor":22,"key":"SkillPotion"}],"is_trial":false,"path_per_floor":["M","M","M","?","?","E","R","M","T","R","E","R","?","M","R","B",null,"M","$","M","M","M","E"],"character_chosen":"THE_SILENT","items_purchased":["Medical Kit","Frozen Egg 2"],"campfire_rested":1,"item_purchase_floors":[19,19],"current_hp_per_floor":[62,58,58,51,37,34,34,34,34,55,41,41,41,38,38,33,61,55,55,42,29,19,0,0],"gold":47,"neow_bonus":"THREE_RARE_CARDS","is_daily":false,"chose_seed":false,"campfire_upgraded":3,"win_rate":0.0,"timestamp":1614096829,"path_taken":["M","M","?","?","?","E","R","M","T","R","E","R","?","M","R","BOSS","M","$","M","?","M","E"],"items_purchased_type":["Relic","Relic"],"build_version":"2020-12-22","purchased_purges":0,"victory":false,"max_hp_per_floor":[70,70,70,70,70,70,70,70,70,70,70,70,70,70,70,70,70,70,70,70,70,70,70,70],"relic_stats":{"counters":[13,61],"Snake Skull":[94],"Medical Kit":[0],"obtain_stats":[{"Runic Dome":17,"Anchor":9,"Snake Skull":11,"Frozen Egg 2":19,"Medical Kit":19,"White Beast Statue":6,"Ring of the Snake":0},{"Runic Dome":8,"Anchor":5,"Snake Skull":6,"Frozen Egg 2":9,"Medical Kit":9,"White Beast Statue":4,"Ring of the Snake":0},{"Runic Dome":38,"Anchor":23,"Snake Skull":27,"Frozen Egg 2":41,"Medical Kit":41,"White Beast Statue":20,"Ring of the Snake":0}],"Ring of the Snake":[26]},"card_choices":[{"not_picked":["Tools of the Trade","Bullet Time"],"picked":"Envenom","floor":0},{"not_picked":["Reflex","PiercingWail"],"picked":"Crippling Poison","floor":1},{"not_picked":["Bane","Caltrops","Sucker Punch"],"picked":"SKIP","floor":2},{"not_picked":["Outmaneuver","Underhanded Strike"],"picked":"PiercingWail","floor":3},{"not_picked":["Sucker Punch","Cloak And Dagger"],"picked":"Skewer","floor":6},{"not_picked":["Flying Knee","Bane"],"picked":"Deadly Poison","floor":8},{"not_picked":["Dagger Spray","PiercingWail"],"picked":"Bouncing Flask","floor":11},{"not_picked":["Finisher","Reflex","Escape Plan"],"picked":"SKIP","floor":14},{"not_picked":["Adrenaline","Storm of Steel"],"picked":"A Thousand Cuts","floor":16},{"not_picked":["Finisher+1","Dagger Spray"],"picked":"Calculated Gamble","floor":18},{"not_picked":["Poisoned Stab+1","Deadly Poison"],"picked":"Concentrate","floor":20},{"not_picked":["Calculated Gamble","Backflip"],"picked":"Bouncing Flask","floor":21},{"not_picked":["Flying Knee+1","Finisher+1"],"picked":"Dodge and Roll","floor":22}],"player_experience":438529,"relics_obtained":[{"floor":6,"key":"White Beast Statue"},{"floor":9,"key":"Anchor"},{"floor":11,"key":"Snake Skull"}],"event_choices":[{"cards_removed":["Strike_G"],"damage_healed":0,"gold_gain":0,"player_choice":"Card Removal","damage_taken":7,"max_hp_gain":0,"max_hp_loss":0,"event_name":"Golden Wing","floor":4,"gold_loss":0},{"damage_healed":0,"gold_gain":0,"player_choice":"Entered Light","damage_taken":14,"max_hp_gain":0,"max_hp_loss":0,"event_name":"Shining Light","floor":5,"gold_loss":0,"cards_upgraded":["Crippling Poison","Strike_G"]},{"damage_healed":0,"gold_gain":100,"player_choice":"Pray","damage_taken":0,"max_hp_gain":0,"max_hp_loss":0,"event_name":"Golden Shrine","floor":13,"gold_loss":0}],"is_beta":false,"boss_relics":[{"not_picked":["Ectoplasm","SacredBark"],"picked":"Runic Dome"}],"items_purged_floors":[],"is_endless":false,"potions_floor_spawned":[1,8,11,14,16,18,20,21,22],"killed_by":"Gremlin Leader","ascension_level":6}}