{"host":"ju1b3c4x8n2jtjm7","time":1614115516,"event":{"mods":["AchievementEnabler","BaseMod","Colored Map","Colored Powertips","DeckTracker","Highlight Path","Minty Spire (QoL Compilation)","Quick Restart","Rare Cards Sparkle","Relic Stats","StSLib"],"gold_per_floor":[118,118,132,82,42,42,52,78,78,78,102,115,40,40,40,137,137,156,174,174,53,72,103,119,145,145,145,145],"floor_reached":27,"language":"ENG","playtime":1682,"items_purged":["Defend_B","Bite"],"score":427,"play_id":"2792ea4f-6df4-4243-8e90-5c21dc17e180","local_time":"20210223222516","is_ascension_mode":true,"campfire_choices":[{"data":"Fission","floor":6.0,"key":"SMITH"},{"data":"Sunder","floor":10.0,"key":"SMITH"},{"data":"Sweeping Beam","floor":15.0,"key":"SMITH"}],"circlet_count":0,"master_deck":["AscendersBane","Defend_B","Zap","Dualcast","Fission+1","Coolheaded","Sunder+1","Self Repair","Sweeping Beam+1","Core Surge","Melter","Electrodynamics","Defragment","Genetic Algorithm","Bite","Bite","Bite","Bite","White Noise","Auto Shields","Multi-Cast","Aggregate"],"relics":["Cracked Core","HornCleat","Vajra","Potion Belt","Smiling Mask","Empty Cage","Orichalcum","Shuriken","White Beast Statue"],"acts_visited":["Exordium","TheCity"],"potions_floor_usage":[27,27],"damage_taken":[{"damage":3.0,"enemies":"2 Louse","floor":1.0,"turns":2.0},{"damage":5.0,"enemies":"Jaw Worm","floor":3.0,"turns":3.0},{"damage":6.0,"enemies":"Cultist","floor":7.0,"turns":3.0},{"damage":3.0,"enemies":"3 Sentries","floor":8.0,"turns":6.0},{"damage":2.0,"enemies":"2 Fungi Beasts","floor":12.0,"turns":2.0},{"damage":20.0,"enemies":"Slime Boss","floor":16.0,"turns":9.0},{"damage":0.0,"enemies":"2 Thieves","floor":18.0,"turns":1.0},{"damage":24.0,"enemies":"3 Byrds","floor":19.0,"turns":4.0},{"damage":12.0,"enemies":"Snecko","floor":22.0,"turns":5.0},{"damage":25.0,"enemies":"Gremlin Leader","floor":23.0,"turns":8.0},{"damage":0.0,"enemies":"3 Cultists","floor":24.0,"turns":3.0},{"damage":36.0,"enemies":"Slavers","floor":25.0,"turns":4.0},{"damage":35,"enemies":"Book of Stabbing","floor":27,"turns":5}],"seed_played":"-3952855317348132501","potions_obtained":[{"floor":1.0,"key":"DuplicationPotion"},{"floor":7.0,"key":"Swift Potion"},{"floor":8.0,"key":"Swift Potion"},{"floor":18.0,"key":"LiquidMemories"},{"floor":23.0,"key":"Explosive Potion"},{"floor":24.0,"key":"FocusPotion"},{"floor":25.0,"key":"SkillPotion"}],"is_trial":false,"path_per_floor":["M","?","M","?","$","R","M","E","T","R","T","M","$","?","R","B",null,"M","M","?","$","M","E","M","E","T","E"],"character_chosen":"DEFECT","items_purchased":["Self Repair","White Noise"],"campfire_rested":0,"item_purchase_floors":[5,21],"current_hp_per_floor":[65,70,65,65,65,65,66,70,70,70,70,75,75,72,72,59,75,75,58,56,56,56,56,56,26,26,0,0],"gold":145,"neow_bonus":"ONE_RANDOM_RARE_CARD","is_daily":false,"chose_seed":false,"campfire_upgraded":3,"win_rate":0.0,"timestamp":1614115516,"path_taken":["M","?","M","?","$","R","M","E","T","R","?","?","$","?","R","BOSS","M","M","?","$","M","E","M","E","T","E"],"items_purchased_type":["Card","Card"],"build_version":"2020-12-22","purchased_purges":2,"victory":false,"max_hp_per_floor":[75,80,80,80,80,80,80,80,80,80,80,80,80,80,80,80,80,80,80,56,56,56,56,56,56,56,56,56],"relic_stats":{"counters":[13,55],"Shuriken":[0],"Orichalcum":[24],"Smiling Mask":50,"obtain_stats":[{"Potion Belt":11,"HornCleat":8,"Shuriken":25,"Vajra":9,"Orichalcum":23,"Cracked Core":0,"Smiling Mask":14,"Empty Cage":17,"White Beast Statue":26},{"Potion Belt":4,"HornCleat":4,"Shuriken":12,"Vajra":4,"Orichalcum":10,"Cracked Core":0,"Smiling Mask":5,"Empty Cage":6,"White Beast Statue":12},{"Potion Belt":14,"HornCleat":14,"Shuriken":50,"Vajra":14,"Orichalcum":43,"Cracked Core":0,"Smiling Mask":16,"Empty Cage":25,"White Beast Statue":50}]},"card_choices":[{"not_picked":["Storm","Stack"],"picked":"Coolheaded","floor":1.0},{"not_picked":["Undo","Hologram"],"picked":"Sunder","floor":3.0},{"not_picked":["Aggregate","White Noise"],"picked":"Sweeping Beam","floor":7.0},{"not_picked":["Redo","Coolheaded"],"picked":"Core Surge","floor":8.0},{"not_picked":["Stack","Reprogram"],"picked":"Melter","floor":12.0},{"not_picked":["Multi-Cast","Machine Learning"],"picked":"Electrodynamics","floor":16.0},{"not_picked":["Melter","Leap"],"picked":"Defragment","floor":18.0},{"not_picked":["Darkness","Reprogram"],"picked":"Genetic Algorithm","floor":19.0},{"not_picked":["Sunder+1","Gash"],"picked":"Auto Shields","floor":22.0},{"not_picked":["Hologram","Redo+1"],"picked":"Multi-Cast","floor":23.0},{"not_picked":["Leap","Redo","Streamline+1"],"picked":"SKIP","floor":24.0},{"not_picked":["Compile Driver","Loop"],"picked":"Aggregate","floor":25.0}],"player_experience":501415,"relics_obtained":[{"floor":8.0,"key":"HornCleat"},{"floor":9.0,"key":"Vajra"},{"floor":11.0,"key":"Potion Belt"},{"floor":23.0,"key":"Orichalcum"},{"floor":25.0,"key":"Shuriken"},{"floor":26.0,"key":"White Beast Statue"}],"event_choices":[{"damage_healed":0.0,"max_hp_gain":5.0,"max_hp_loss":0.0,"gold_gain":0.0,"event_name":"Big Fish","player_choice":"Donut","floor":2.0,"gold_loss":0.0,"damage_taken":0.0},{"cards_removed":["Strike_B"],"damage_healed":0.0,"max_hp_gain":0.0,"max_hp_loss":0.0,"gold_gain":0.0,"event_name":"The Cleric","player_choice":"Card Removal","floor":4.0,"gold_loss":50.0,"damage_taken":0.0},{"damage_healed":0.0,"max_hp_gain":0.0,"max_hp_loss":0.0,"gold_gain":0.0,"event_name":"Scrap Ooze","player_choice":"Success","floor":14.0,"gold_loss":0.0,"damage_taken":3.0,"relics_obtained":["Smiling Mask"]},{"damage_healed":0.0,"max_hp_gain":0.0,"max_hp_loss":24.0,"gold_gain":0.0,"event_name":"Vampires","player_choice":"Became a vampire","floor":20.0,"gold_loss":0.0,"damage_taken":0.0,"cards_obtained":["Bite","Bite","Bite","Bite","Bite"]}],"is_beta":false,"boss_relics":[{"not_picked":["Calling Bell","Runic Dome"],"picked":"Empty Cage"}],"items_purged_floors":[13,21],"is_endless":false,"potions_floor_spawned":[1,7,8,18,23,24,25],"killed_by":"Book of Stabbing","ascension_level":12}}