{"host":"dvpvhz1t6etneyb3","time":1614116765,"event":{"mods":["AchievementEnabler","BaseMod","Colored Map","Highlight Path","Minty Spire (QoL Compilation)","Permanent Neow","Quick Restart"],"gold_per_floor":[20,20,32,42,62,89,89,89,89,103,130,130,150,181,181,252,252,267,267,73,84,9,9,9,38,38,38,2,32,45,62,62,62,62],"floor_reached":33,"language":"ENG","playtime":1329,"items_purged":["Strike_G"],"score":635,"play_id":"90286313-0d8a-4bf8-bb51-3e4ca2a0432a","local_time":"20210223164605","is_ascension_mode":true,"campfire_choices":[{"data":"Envenom","floor":7.0,"key":"SMITH"},{"floor":12.0,"key":"REST"},{"data":"Blade Dance","floor":15.0,"key":"SMITH"},{"floor":23.0,"key":"RECALL"},{"floor":27.0,"key":"REST"},{"floor":32,"key":"REST"}],"circlet_count":0,"master_deck":["AscendersBane","Strike_G","Strike_G","Strike_G","Strike_G","Defend_G","Defend_G","Defend_G","Defend_G","Defend_G","Survivor","Neutralize+1","Quick Slash","Deadly Poison","Leg Sweep","Envenom+1","Bane","Noxious Fumes","Blade Dance+1","Corpse Explosion","Infinite Blades","Sadistic Nature","Catalyst","Dodge and Roll"],"relics":["Ring of the Snake","Calipers","Strawberry","CultistMask","Snake Skull","Singing Bowl","Darkstone Periapt","Fusion Hammer","Blood Vial","Kunai","Ginger"],"acts_visited":["Exordium","TheCity"],"potions_floor_usage":[33],"damage_taken":[{"damage":7.0,"enemies":"Jaw Worm","floor":1.0,"turns":6.0},{"damage":1.0,"enemies":"Small Slimes","floor":3.0,"turns":4.0},{"damage":0.0,"enemies":"Cultist","floor":4.0,"turns":4.0},{"damage":2.0,"enemies":"Exordium Thugs","floor":5.0,"turns":5.0},{"damage":5.0,"enemies":"Lagavulin","floor":6.0,"turns":8.0},{"damage":10.0,"enemies":"Large Slime","floor":10.0,"turns":4.0},{"damage":22.0,"enemies":"3 Sentries","floor":11.0,"turns":7.0},{"damage":3.0,"enemies":"Blue Slaver","floor":13.0,"turns":3.0},{"damage":15.0,"enemies":"Lagavulin","floor":14.0,"turns":5.0},{"damage":19.0,"enemies":"Hexaghost","floor":16.0,"turns":9.0},{"damage":8.0,"enemies":"Chosen","floor":18.0,"turns":4.0},{"damage":0.0,"enemies":"3 Byrds","floor":21.0,"turns":4.0},{"damage":15.0,"enemies":"Gremlin Leader","floor":25.0,"turns":5.0},{"damage":10.0,"enemies":"Slavers","floor":29.0,"turns":3.0},{"damage":21,"enemies":"Snecko","floor":30,"turns":5},{"damage":22,"enemies":"Snake Plant","floor":31,"turns":4},{"damage":36,"enemies":"Collector","floor":33,"turns":3}],"seed_played":"6313723813616568945","potions_obtained":[{"floor":1.0,"key":"FearPotion"},{"floor":4.0,"key":"ColorlessPotion"},{"floor":6.0,"key":"Fruit Juice"},{"floor":11.0,"key":"Swift Potion"},{"floor":16.0,"key":"GhostInAJar"},{"floor":21.0,"key":"EssenceOfSteel"},{"floor":25.0,"key":"BlessingOfTheForge"},{"floor":30,"key":"BlessingOfTheForge"}],"is_trial":false,"path_per_floor":["M","?","M","M","M","E","R","?","T","M","E","R","M","E","R","B",null,"M","?","$","M","$","R","?","E","T","R","$","E","M","M","R","B"],"character_chosen":"THE_SILENT","items_purchased":["Sadistic Nature","Catalyst"],"campfire_rested":3,"item_purchase_floors":[20,28],"current_hp_per_floor":[52,52,51,51,49,51,51,51,51,41,24,47,44,31,31,12,63,57,57,57,59,59,59,35,22,22,49,49,41,24,6,34,0,0],"gold":62,"neow_bonus":"ONE_RARE_RELIC","is_daily":false,"chose_seed":false,"campfire_upgraded":2,"win_rate":0.0,"timestamp":1614116765,"path_taken":["M","?","M","M","M","E","R","?","T","?","E","R","M","E","R","BOSS","M","?","$","M","?","R","?","E","T","R","$","E","M","M","R","BOSS"],"items_purchased_type":["Card","Card"],"build_version":"2020-12-22","purchased_purges":1,"victory":false,"max_hp_per_floor":[66,66,66,66,66,73,73,73,73,73,78,78,78,80,80,80,80,82,82,82,84,84,84,89,91,91,91,91,91,93,95,95,95,95],"card_choices":[{"not_picked":["Escape Plan","Backflip","Setup"],"picked":"SKIP","floor":1.0},{"not_picked":["Bane","Outmaneuver"],"picked":"Quick Slash","floor":3.0},{"not_picked":["Quick Slash","Deflect"],"picked":"Deadly Poison","floor":4.0},{"not_picked":["Endless Agony","Deflect"],"picked":"Leg Sweep","floor":5.0},{"not_picked":["Dagger Spray","Blur"],"picked":"Envenom","floor":6.0},{"not_picked":["Dagger Spray","Sucker Punch"],"picked":"Bane","floor":10.0},{"not_picked":["Acrobatics","Cloak And Dagger"],"picked":"Noxious Fumes","floor":11.0},{"not_picked":["Deadly Poison","Terror"],"picked":"Blade Dance","floor":13.0},{"not_picked":["Backflip","PiercingWail","Unload"],"picked":"Singing Bowl","floor":14.0},{"not_picked":["Burst","Die Die Die"],"picked":"Corpse Explosion","floor":16.0},{"not_picked":["Flying Knee","Slice","Blade Dance"],"picked":"Singing Bowl","floor":18.0},{"not_picked":["Setup","Quick Slash","Dodge and Roll"],"picked":"Singing Bowl","floor":21.0},{"not_picked":["Predator","Distraction","Poisoned Stab"],"picked":"Singing Bowl","floor":25.0},{"not_picked":["Escape Plan","Quick Slash"],"picked":"Dodge and Roll","floor":29.0},{"not_picked":["Flying Knee","Phantasmal Killer","Catalyst"],"picked":"Singing Bowl","floor":30},{"not_picked":["Poisoned Stab","Underhanded Strike","Riddle With Holes"],"picked":"Singing Bowl","floor":31}],"player_experience":2221061,"relics_obtained":[{"floor":6.0,"key":"Strawberry"},{"floor":9.0,"key":"Snake Skull"},{"floor":11.0,"key":"Singing Bowl"},{"floor":14.0,"key":"Darkstone Periapt"},{"floor":25.0,"key":"Blood Vial"},{"floor":26.0,"key":"Kunai"},{"floor":29.0,"key":"Ginger"}],"event_choices":[{"damage_healed":0.0,"max_hp_gain":0.0,"max_hp_loss":0.0,"gold_gain":0.0,"event_name":"Living Wall","player_choice":"Grow","floor":2.0,"gold_loss":0.0,"damage_taken":0.0,"cards_upgraded":["Neutralize"]},{"damage_healed":0.0,"max_hp_gain":0.0,"max_hp_loss":0.0,"gold_gain":0.0,"event_name":"FaceTrader","player_choice":"Trade","floor":8.0,"gold_loss":0.0,"damage_taken":0.0,"relics_obtained":["CultistMask"]},{"damage_healed":0.0,"max_hp_gain":0.0,"max_hp_loss":0.0,"gold_gain":0.0,"event_name":"Match and Keep!","player_choice":"1 cards matched","floor":19.0,"gold_loss":0.0,"damage_taken":0.0,"cards_obtained":["Infinite Blades"]},{"damage_healed":0.0,"max_hp_gain":5.0,"max_hp_loss":0.0,"gold_gain":0.0,"event_name":"Forgotten Altar","player_choice":"Shed Blood","floor":24.0,"gold_loss":0.0,"damage_taken":29.0}],"is_beta":false,"boss_relics":[{"not_picked":["Empty Cage","Ring of the Serpent"],"picked":"Fusion Hammer"}],"items_purged_floors":[22],"is_endless":false,"potions_floor_spawned":[1,4,6,11,16,21,25,30],"killed_by":"Collector","ascension_level":20}}