{"host":"h49usdrjeju7gyhi","time":1614057527,"event":{"mods":["Act Like it!","BaseMod","Minty Spire (QoL Compilation)","Ruina","StSLib","The Animator"],"gold_per_floor":[110,110,129,54,0,0,28,28,28,28,44,44,44,73,73,148,148,163,88,100,100,100,100,111,111,111],"floor_reached":25,"language":"ENG","playtime":1120,"items_purged":["animator:Defend"],"score":448,"play_id":"c7f88037-816a-41f4-a5e1-cf8cffa589fe","local_time":"20210223001847","is_ascension_mode":true,"campfire_choices":[{"data":"animator:DolaStephanie","floor":6,"key":"SMITH"},{"data":"animator:Yuuichirou","floor":10,"key":"SMITH"},{"floor":12,"key":"REST"},{"data":"animator:Kaijin","floor":15,"key":"SMITH"},{"data":"animator:Albedo","floor":23,"key":"SMITH"}],"circlet_count":0,"master_deck":["AscendersBane","animator:Strike_TenSura","animator:Defend_TenSura","animator:Defend+1","animator:Defend+1","animator:Benimaru","animator:Shuna+1","animator:DolaStephanie+1","animator:Yuuichirou+1","animator:Mikaela+1","animator:Kaijin+1","animator:Albedo+1","animator:Mikaela+1"],"relics":["animator:LivingPicture","animator:TheMissingPiece","animator:PurgingStone","NeowsBlessing","War Paint","Letter Opener","Cursed Key"],"acts_visited":["Exordium","Exordium"],"potions_floor_usage":[18,25,25],"damage_taken":[{"damage":0,"enemies":"Jaw Worm","floor":1,"turns":1},{"damage":0,"enemies":"Small Slimes","floor":3,"turns":1},{"damage":0,"enemies":"3 Sentries","floor":7,"turns":1},{"damage":0,"enemies":"2 Louse","floor":11,"turns":2},{"damage":0,"enemies":"Large Slime","floor":14,"turns":5},{"damage":9,"enemies":"Hexaghost","floor":16,"turns":9},{"damage":1,"enemies":"ruina:BadWolf","floor":18,"turns":3},{"damage":0,"enemies":"ruina:2_Scarecrows","floor":20,"turns":6},{"damage":0,"enemies":"ruina:KingOfGreed","floor":24,"turns":6},{"damage":55,"enemies":"ruina:Mountain","floor":25,"turns":5}],"seed_played":"8015331111099834137","potions_obtained":[{"floor":11,"key":"ColorlessPotion"},{"floor":18,"key":"FearPotion"}],"is_trial":false,"path_per_floor":["M","?","M","?","$","R","E","?","T","R","M","R","?","M","R","B",null,"M","$","M","?","$","R","M","E"],"character_chosen":"THE_ANIMATOR","items_purchased":["Fire Potion"],"campfire_rested":1,"item_purchase_floors":[5],"current_hp_per_floor":[54,47,47,47,47,47,47,29,29,29,29,47,60,60,60,51,58,57,57,57,48,48,48,48,0,0],"gold":111,"neow_bonus":"THREE_ENEMY_KILL","is_daily":false,"chose_seed":false,"campfire_upgraded":4,"win_rate":0.0,"timestamp":1614057527,"path_taken":["M","?","M","?","?","R","E","?","T","R","M","R","?","M","R","BOSS","M","?","M","?","$","R","?","E"],"items_purchased_type":["Potion"],"build_version":"2020-12-22","purchased_purges":1,"victory":false,"max_hp_per_floor":[60,60,60,60,60,60,60,60,60,60,60,60,60,60,60,60,60,60,60,60,60,60,60,60,60,60],"card_choices":[{"not_picked":["animator:Shuna","animator:TukaLunaMarceau"],"picked":"animator:DolaStephanie","floor":1},{"not_picked":["animator:Ciel","animator:CrowleyEusford"],"picked":"animator:Yuuichirou","floor":3},{"not_picked":["animator:ElricAlphonse","animator:Shinoa"],"picked":"animator:Mikaela","floor":7},{"not_picked":["animator:CrowleyEusford","animator:Yuuichirou"],"picked":"animator:HiiragiShinya","floor":11},{"not_picked":["animator:Ara","animator:Raven"],"picked":"animator:Kaijin","floor":14},{"not_picked":["animator:ChaikaTrabant","animator:AcuraShin"],"picked":"animator:Albedo","floor":16},{"not_picked":["animator:YuiTsuruno","animator:Togame","animator:Add"],"picked":"SKIP","floor":18},{"not_picked":["animator:Raven","animator:Ciel","animator:Aqua"],"picked":"SKIP","floor":20}],"player_experience":1602090,"relics_obtained":[{"floor":7,"key":"War Paint"},{"floor":9,"key":"Letter Opener"}],"event_choices":[{"cards_removed":["animator:Strike"],"damage_healed":0,"gold_gain":0,"player_choice":"Card Removal","damage_taken":7,"max_hp_gain":0,"max_hp_loss":0,"event_name":"Golden Wing","floor":2,"gold_loss":0},{"cards_removed":["animator:Strike"],"damage_healed":0,"gold_gain":0,"player_choice":"Card Removal","damage_taken":0,"max_hp_gain":0,"max_hp_loss":0,"event_name":"The Cleric","floor":4,"gold_loss":75},{"damage_healed":0,"gold_gain":0,"player_choice":"Entered Light","damage_taken":18,"max_hp_gain":0,"max_hp_loss":0,"event_name":"Shining Light","floor":8,"gold_loss":0,"cards_upgraded":["animator:Defend","animator:Mikaela"]},{"cards_removed":["animator:HiiragiShinya"],"damage_healed":13,"gold_gain":0,"player_choice":"Offered Uncommon","damage_taken":0,"max_hp_gain":0,"max_hp_loss":0,"event_name":"Bonfire Elementals","floor":13,"gold_loss":0}],"is_beta":false,"boss_relics":[{"not_picked":["Calling Bell","Ectoplasm"],"picked":"Cursed Key"}],"items_purged_floors":[19],"is_endless":false,"potions_floor_spawned":[11,14,18,20],"killed_by":"ruina:Mountain","ascension_level":20}}