{"host":"hqxy2g3i5ker09hc","time":1614043259,"event":{"mods":["2.2 Compatiblity","AlwaysNeverKeys","Aspiration","BaseMod","Beaked The Cultist","Better Match","Better Note","Better Sensory Stone","Better Silent Start","Better Third Choice","Better-Laid Plans","Conspire","Downfall","GifTheSpireLib","Gold Saver","Hubris","Ironclad Rager","Kalas","Marked Mod","Melee Mod","Minty Spire (QoL Compilation)","MostiFishMod","Nova Terra(??·??)","Permanent Neow","Pikachu Mod","Quarter Circle Forward PUNCH!","Quick Restart","Railgun Mod","Replay The Spire","SIMod","SOS???????","Shop Mod","Small Relic Pack","Spikes Relics","StSLib","Stuff the Spire","The Animator","The Bug Knight","The Forsaken","The Wild Card"],"gold_per_floor":[290,308,308,322,341,341,291,291,345,345,345,356,29,47,47,144,144,157,232,0,23,23,23,143,153,179,179,249,249,264,308,308,418,418,452,452,487,487,502,659,425,425,425,82,98,222,222,238,238,238,238,238,86,254,254],"floor_reached":56,"language":"ENG","playtime":2446,"items_purged":["Regret","meleeMod_Jab","meleeMod_Shield"],"score":1390,"play_id":"90a7df0f-cbc2-46de-9229-a04ce6db047c","local_time":"20210223022059","is_ascension_mode":false,"campfire_choices":[{"data":"meleeMod_RaptorBoost","floor":6.0,"key":"SMITH"},{"data":"MostiFishMod:SparklingWater","floor":8.0,"key":"SMITH"},{"data":"meleeMod_UnclePunch","floor":11.0,"key":"SMITH"},{"data":"meleeMod_Taunt","floor":15.0,"key":"SMITH"},{"data":"meleeMod_MindReader","floor":23.0,"key":"SMITH"},{"data":"meleeMod_BMoveSpecialist","floor":27.0,"key":"SMITH"},{"floor":32.0,"key":"REST"},{"floor":47,"key":"REST"},{"data":"Secret Technique","floor":49,"key":"SMITH"},{"data":"meleeMod_LoseStock","floor":52,"key":"SMITH"}],"circlet_count":0,"master_deck":["meleeMod_Jab","meleeMod_Jab","meleeMod_Jab","meleeMod_Shield","meleeMod_Shield","meleeMod_Shield","meleeMod_NeutralAir","meleeMod_BackAir","MostiFishMod:Neptune","MostiFishMod:TheEndOfMoonlight","MostiFishMod:SparklingWater+1","MostiFishMod:FantasySummer","MostiFishMod:NightSea","meleeMod_DropZone","meleeMod_RaptorBoost+1","meleeMod_SDRemix","meleeMod_UnclePunch+1","conspire:SpireCoStock","meleeMod_BabActivated","meleeMod_BlueFalcon+1","meleeMod_BlueFalcon","meleeMod_BMoveSpecialist+1","meleeMod_Taunt+1","meleeMod_MindReader+1","meleeMod_Randall+1","meleeMod_EdgeGuard+1","meleeMod_LoseStock+1","meleeMod_WaveLand+1","meleeMod_BlueFalcon","Secret Technique+1","ReplayUltimateDefense"],"relics":["meleeMod_TeamBeerMang0","DaveBox","aspiration:Nostalgia","Guardian:ModeShifter","MoonlightInvasionPlan","SynthV:TestCard","StuffTheSpire:TintedRock","Orichalcum","Membership Card","MiniBlackHole","FeatherPendant","Strange Spoon","StuffTheSpire:DarkSteelAnvil","theForsaken:Gavel","hubris:ToyBattleship","StuffTheSpire:OldFever","Onion Ring","SlaversCollar","theForsaken:Lifeblossom","Bottled Lightning","hubris:SlimyHat","Juzu Bracelet","Guide Book","ZombieTooth","aspiration:HummingbirdHeart","qcfpunch:Handcuffs"],"acts_visited":["Exordium","TheCity","TheBeyond","TheEnding"],"potions_floor_usage":[39,55],"damage_taken":[{"damage":0.0,"enemies":"conspire:RoseBush","floor":1.0,"turns":1.0},{"damage":0.0,"enemies":"2 Louse","floor":2.0,"turns":1.0},{"damage":4.0,"enemies":"Jaw Worm","floor":4.0,"turns":3.0},{"damage":0.0,"enemies":"2 Fungi Beasts","floor":5.0,"turns":2.0},{"damage":0.0,"enemies":"Blue Slaver","floor":12.0,"turns":1.0},{"damage":14.0,"enemies":"Exordium Thugs","floor":14.0,"turns":2.0},{"damage":26.0,"enemies":"The Guardian","floor":16.0,"turns":5.0},{"damage":0.0,"enemies":"Spheric Guardian","floor":18.0,"turns":1.0},{"damage":0.0,"enemies":"Slavers","floor":24.0,"turns":2.0},{"damage":0.0,"enemies":"Chosen","floor":25.0,"turns":1.0},{"damage":2.0,"enemies":"Centurion and Healer","floor":30.0,"turns":4.0},{"damage":40.0,"enemies":"Shelled Parasite and Fungi","floor":31.0,"turns":6.0},{"damage":13.0,"enemies":"Collector","floor":33.0,"turns":2.0},{"damage":27.0,"enemies":"Orb Walker","floor":35.0,"turns":4.0},{"damage":3.0,"enemies":"3 Darklings","floor":37.0,"turns":3.0},{"damage":0,"enemies":"Transient","floor":39,"turns":5},{"damage":13,"enemies":"Reptomancer","floor":40,"turns":3},{"damage":0,"enemies":"Maw","floor":45,"turns":5},{"damage":14,"enemies":"beaked:SuperParasite","floor":46,"turns":5},{"damage":0,"enemies":"Writhing Mass","floor":48,"turns":2},{"damage":53,"enemies":"conspire:OrnateMirror","floor":50,"turns":4},{"damage":6,"enemies":"Shield and Spear","floor":54,"turns":3},{"damage":49,"enemies":"The Heart","floor":55,"turns":7}],"seed_played":"9037775755577792646","potions_obtained":[{"floor":2.0,"key":"Adrenaline Potion"},{"floor":5.0,"key":"Adrenaline Potion"},{"floor":16.0,"key":"Strength Potion"},{"floor":22.0,"key":"Elixir"},{"floor":22.0,"key":"SmokeBomb"},{"floor":40,"key":"Block Potion"}],"is_trial":false,"path_per_floor":["M","M","?","M","M","R","?","R","T","?","R","M","$","M","R","B",null,"M","?","$","T","?","R","E","M","T","R","T","?","M","M","R","B",null,"M","?","M","?","M","E","$","?","T","$","M","E","R","M","R","B",null,"R","$","E","B",null],"character_chosen":"FALCON","items_purchased":["Membership Card","MiniBlackHole","meleeMod_BlueFalcon","meleeMod_BMoveSpecialist","Strange Spoon","StuffTheSpire:DarkSteelAnvil","Bottled Lightning","meleeMod_BlueFalcon","Juzu Bracelet","Guide Book","ZombieTooth","ReplayUltimateDefense"],"campfire_rested":2,"item_purchase_floors":[13,13,13,13,20,20,41,41,44,44,44,53],"current_hp_per_floor":[85,85,85,81,81,81,81,81,81,84,84,84,84,70,70,44,88,88,80,80,80,80,80,80,80,80,80,80,80,78,38,64,51,88,61,61,58,58,58,45,45,45,45,45,51,43,69,72,72,25,88,88,88,84,41],"gold":254,"neow_bonus":"NOSTALGIA","is_daily":false,"chose_seed":false,"campfire_upgraded":8,"win_rate":0.0,"timestamp":1614043259,"path_taken":["M","M","?","M","M","R","?","R","T","?","R","M","$","M","R","BOSS","M","?","$","?","?","R","E","?","T","R","?","?","M","?","R","BOSS","M","?","M","?","M","E","$","?","T","?","M","E","R","M","R","BOSS","R","$","E","BOSS"],"items_purchased_type":["Relic","Relic","Card","Card","Relic","Relic","Relic","Card","Relic","Relic","Relic","Card"],"build_version":"2020-12-22","purchased_purges":3,"victory":true,"max_hp_per_floor":[85,85,85,85,85,85,85,85,85,88,88,88,88,88,88,88,88,88,88,88,88,88,88,88,88,88,88,88,88,88,88,88,88,88,88,88,88,88,88,88,88,88,88,88,88,88,88,88,88,88,88,88,88,88,88],"card_choices":[{"not_picked":["meleeMod_DashDance","meleeMod_BackAir"],"picked":"meleeMod_DropZone","floor":1.0},{"not_picked":["meleeMod_UpSmash","meleeMod_DashDance","meleeMod_SuperSpicyCurry","meleeMod_UpTilt"],"picked":"meleeMod_RaptorBoost","floor":2.0},{"not_picked":["meleeMod_SuperSpicyCurry","meleeMod_FalconKick","meleeMod_Wildfire","meleeMod_Grab"],"picked":"meleeMod_SDRemix","floor":4.0},{"not_picked":["meleeMod_ForwardTilt","meleeMod_DownSmash","meleeMod_CommandGrab","meleeMod_ShieldPoke"],"picked":"meleeMod_UnclePunch","floor":5.0},{"not_picked":["meleeMod_ShieldDrop","meleeMod_Cautious","meleeMod_TeamAttackOn","meleeMod_FalconKick"],"picked":"meleeMod_BabActivated","floor":12.0},{"not_picked":["meleeMod_DownTilt","meleeMod_DownSmash","meleeMod_WeTechThose","meleeMod_Knee"],"picked":"meleeMod_Taunt","floor":14.0},{"not_picked":["meleeMod_Roll","meleeMod_EdgeCancel","meleeMod_SomebodyClipThat","meleeMod_LoseStock"],"picked":"meleeMod_MindReader","floor":16.0},{"not_picked":["meleeMod_RaptorBoost","meleeMod_NoDI+1","meleeMod_HaxDash","meleeMod_CommandGrab","meleeMod_SweetSpot"],"picked":"SKIP","floor":18.0},{"not_picked":["meleeMod_SweetSpot","meleeMod_BMoveSpecialist","meleeMod_BackAir","meleeMod_Pause+1"],"picked":"meleeMod_Randall+1","floor":24.0},{"not_picked":["meleeMod_WeTechThose","meleeMod_GetUpAttack","meleeMod_SuperSpicyCurry","meleeMod_ForwardTilt","meleeMod_ShieldPoke"],"picked":"SKIP","floor":25.0},{"not_picked":["meleeMod_NeutralAir","meleeMod_SweetSpot","meleeMod_SoftKnee+1","meleeMod_DownTilt","meleeMod_Fishing"],"picked":"SKIP","floor":30.0},{"not_picked":["meleeMod_CommandGrab","meleeMod_WallJump+1","meleeMod_SweetSpot","meleeMod_Fishing+1"],"picked":"meleeMod_EdgeGuard","floor":31.0},{"not_picked":["meleeMod_SomebodyClipThat","meleeMod_UCF","meleeMod_Roll","meleeMod_WeTechThose"],"picked":"meleeMod_LoseStock","floor":33.0},{"not_picked":["meleeMod_BackAir+1","meleeMod_ForwardTilt","meleeMod_PowerShield","meleeMod_UpAir","meleeMod_DownTilt"],"picked":"SKIP","floor":35.0},{"not_picked":["meleeMod_Taunt","meleeMod_EdgeGuard","meleeMod_TeamAttackOn+1","meleeMod_NeutralAir"],"picked":"meleeMod_WaveLand+1","floor":37.0},{"not_picked":["meleeMod_ForwardTilt+1","meleeMod_SoftKnee","meleeMod_Gentleman+1","meleeMod_Cautious","meleeMod_Fishing"],"picked":"SKIP","floor":39},{"not_picked":["meleeMod_RapidJabs+1","meleeMod_Moonwalking","meleeMod_Taunt+1","meleeMod_FalconPunch","meleeMod_HomieStock"],"picked":"SKIP","floor":40},{"not_picked":["MostiFishMod:ButterFly","Swift Strike","PanicButton","Mind Blast"],"picked":"Secret Technique","floor":42},{"not_picked":["meleeMod_SoftKnee","meleeMod_CommandGrab+1","meleeMod_RaptorBoost","meleeMod_Pause","meleeMod_Taunt+1"],"picked":"SKIP","floor":45},{"not_picked":["meleeMod_Taunt","meleeMod_L_Cancel","meleeMod_DashDance+1","meleeMod_Knee","meleeMod_CrouchCancel+1"],"picked":"SKIP","floor":46},{"not_picked":["meleeMod_Fishing","meleeMod_Moonwalking","meleeMod_DownTilt+1","meleeMod_UpAir+1","meleeMod_Wildfire+1"],"picked":"SKIP","floor":48},{"not_picked":["meleeMod_SuperMushroom+1","meleeMod_WaveLand","meleeMod_AirDodge+1","meleeMod_NippleSpike","meleeMod_SoftKnee"],"picked":"SKIP","floor":54}],"player_experience":688855,"relics_obtained":[{"floor":1.0,"key":"SynthV:TestCard"},{"floor":9.0,"key":"Orichalcum"},{"floor":21.0,"key":"theForsaken:Gavel"},{"floor":24.0,"key":"hubris:ToyBattleship"},{"floor":26.0,"key":"StuffTheSpire:OldFever"},{"floor":28.0,"key":"Onion Ring"},{"floor":40,"key":"theForsaken:Lifeblossom"},{"floor":43,"key":"hubris:SlimyHat"},{"floor":46,"key":"aspiration:HummingbirdHeart"},{"floor":54,"key":"qcfpunch:Handcuffs"}],"event_choices":[{"damage_healed":0.0,"max_hp_gain":0.0,"max_hp_loss":0.0,"gold_gain":0.0,"event_name":"Big Fish","player_choice":"Box","floor":3.0,"gold_loss":0.0,"damage_taken":0.0,"relics_obtained":["StuffTheSpire:TintedRock"],"cards_obtained":["Regret"]},{"damage_healed":0.0,"max_hp_gain":0.0,"max_hp_loss":0.0,"gold_gain":0.0,"event_name":"conspire:Investor","player_choice":"Invest 1","floor":7.0,"gold_loss":0.0,"damage_taken":0.0},{"damage_healed":0.0,"max_hp_gain":0.0,"max_hp_loss":0.0,"gold_gain":75.0,"event_name":"FaceTrader","player_choice":"Touch","floor":19.0,"gold_loss":0.0,"damage_taken":8.0},{"damage_healed":0.0,"max_hp_gain":0.0,"max_hp_loss":0.0,"gold_gain":0.0,"event_name":"Lab","player_choice":"Got Potions","floor":22.0,"gold_loss":0.0,"damage_taken":0.0},{"damage_healed":0.0,"max_hp_gain":0.0,"max_hp_loss":0.0,"gold_gain":0.0,"event_name":"N\u0027loth","player_choice":"Ignored","floor":29.0,"gold_loss":0.0,"damage_taken":0.0},{"damage_healed":0.0,"max_hp_gain":0.0,"max_hp_loss":0.0,"gold_gain":0.0,"event_name":"Tomb of Lord Red Mask","player_choice":"Ignored","floor":38.0,"gold_loss":0.0,"damage_taken":0.0},{"damage_healed":0,"gold_gain":3,"player_choice":"1","damage_taken":0,"max_hp_gain":0,"max_hp_loss":0,"event_name":"betterStone:BetterStone","floor":42,"gold_loss":0}],"is_beta":false,"boss_relics":[{"not_picked":["qcfpunch:Killian_Engine_Alpha","Ring of Chaos"],"picked":"FeatherPendant"},{"not_picked":["hubris:BlackHole","conspire:RoyalGoblet"],"picked":"SlaversCollar"}],"items_purged_floors":[41,44,53],"is_endless":false,"potions_floor_spawned":[2,5,12,16,18,31,33,35,40],"ascension_level":0}}