{"host":"0kk91h4bq4kgfj0u","time":1614060083,"event":{"mods":["BaseMod","Bestiary","Block Reminder","Colored Map","Colored Powertips","Curses Come First","Highlight Path","Minty Spire (QoL Compilation)","Relic Stats","StSLib"],"gold_per_floor":[144,189,234,279,324,414,406,508,520,622,90,135,135,135,135,444,444,498,543,297,212,266,365,365,464,464,473,10,100,100,190,190,499,499,544,544,544,598,213,603,693,702,727,877,877,922,119,209,209,209],"floor_reached":51,"language":"ENG","playtime":1578,"items_purged":[],"score":1029,"play_id":"9bbf63b5-2d71-4c23-b0fa-386121bb4a86","local_time":"20210223010123","daily_mods":["Draft","Flight","Midas"],"is_ascension_mode":false,"campfire_choices":[{"floor":13,"key":"REST"},{"floor":15,"key":"REST"},{"floor":24,"key":"REST"},{"floor":30,"key":"REST"},{"floor":32,"key":"REST"},{"floor":42,"key":"REST"},{"data":"1","floor":45,"key":"LIFT"},{"data":"2","floor":49,"key":"LIFT"}],"circlet_count":0,"master_deck":["Spot Weakness","Battle Trance+1","Iron Wave","Flame Barrier+1","Heavy Blade","Wild Strike","Flex","Body Slam","Rampage+1","Reckless Charge","Cleave","Anger+1","Iron Wave","Uppercut","Headbutt","Shrug It Off","Flex","Fire Breathing","Thunderclap+1","Spot Weakness","Anger+1","Demon Form","Power Through","Searing Blow+1","Infernal Blade","Armaments+1","Reaper+1","Writhe","Carnage+1","Limit Break+1","Pommel Strike+1","Inflame","Clothesline+1","Infernal Blade+1","Apotheosis+1","Cleave+1","Dropkick+1"],"relics":["Burning Blood","MawBank","InkBottle","Centennial Puzzle","Molten Egg 2","Ginger","CeramicFish","Ancient Tea Set","Calipers","Akabeko","Bird Faced Urn","Toxic Egg 2","Dream Catcher","Pantograph","Happy Flower","War Paint","Singing Bowl","Black Star","Vajra","Whetstone","Red Skull","Old Coin","Anchor","Gremlin Horn","Orichalcum","Girya","Toy Ornithopter","FossilizedHelix","Orrery","Eternal Feather","Art of War"],"acts_visited":["Exordium","TheCity","TheBeyond"],"potions_floor_usage":[40,41,41,50],"damage_taken":[{"damage":0,"enemies":"Jaw Worm","floor":1,"turns":3},{"damage":0,"enemies":"Cultist","floor":2,"turns":2},{"damage":0,"enemies":"2 Louse","floor":3,"turns":2},{"damage":0,"enemies":"Looter","floor":4,"turns":2},{"damage":3,"enemies":"Large Slime","floor":5,"turns":4},{"damage":23,"enemies":"Gremlin Nob","floor":6,"turns":5},{"damage":11,"enemies":"3 Sentries","floor":8,"turns":6},{"damage":23,"enemies":"Lagavulin","floor":10,"turns":4},{"damage":13,"enemies":"Exordium Thugs","floor":12,"turns":2},{"damage":46,"enemies":"Hexaghost","floor":16,"turns":6},{"damage":2,"enemies":"Chosen","floor":18,"turns":3},{"damage":18,"enemies":"Shell Parasite","floor":19,"turns":3},{"damage":13,"enemies":"Centurion and Healer","floor":22,"turns":5},{"damage":23,"enemies":"Gremlin Leader","floor":23,"turns":5},{"damage":9,"enemies":"Slavers","floor":25,"turns":4},{"damage":45,"enemies":"Book of Stabbing","floor":29,"turns":5},{"damage":22,"enemies":"Slavers","floor":31,"turns":4},{"damage":29,"enemies":"Collector","floor":33,"turns":6},{"damage":15,"enemies":"Orb Walker","floor":35,"turns":3},{"damage":22,"enemies":"3 Darklings","floor":38,"turns":3},{"damage":49,"enemies":"Reptomancer","floor":40,"turns":6},{"damage":45,"enemies":"Nemesis","floor":41,"turns":5},{"damage":3,"enemies":"Mind Bloom Boss Battle","floor":44,"turns":3},{"damage":16,"enemies":"Writhing Mass","floor":46,"turns":4},{"damage":0,"enemies":"Giant Head","floor":48,"turns":6},{"damage":7,"enemies":"Awakened One","floor":50,"turns":4}],"seed_played":"-7386017133472573341","potions_obtained":[{"floor":1,"key":"DistilledChaos"},{"floor":2,"key":"Dexterity Potion"},{"floor":5,"key":"EntropicBrew"},{"floor":7,"key":"Fire Potion"},{"floor":23,"key":"Energy Potion"},{"floor":33,"key":"PowerPotion"},{"floor":44,"key":"SpeedPotion"}],"is_trial":false,"path_per_floor":["M","M","M","M","M","E","?","E","T","E","$","M","R","?","R","B",null,"M","M","$","?","M","E","R","E","T","?","$","E","R","E","R","B",null,"M","?","?","M","$","E","E","R","T","?","R","M","$","E","R","B",null],"character_chosen":"IRONCLAD","items_purchased":["Ginger","Spot Weakness","Anger+1","CeramicFish","Ancient Tea Set","Power Through","Searing Blow+1","Pantograph","Happy Flower","Carnage+1","Vajra","Whetstone","Inflame","Clothesline+1","Apotheosis+1","Toy Ornithopter","FossilizedHelix","Strength Potion","Orrery"],"campfire_rested":6,"item_purchase_floors":[11,11,11,11,20,20,20,28,28,28,39,39,39,39,47,47,47,47,47],"current_hp_per_floor":[80,80,80,80,80,63,63,58,58,41,41,34,58,58,80,40,80,80,68,68,68,61,44,68,65,65,65,65,26,50,66,84,61,84,77,77,77,61,61,41,16,43,43,75,75,69,75,85,102,102],"gold":209,"neow_bonus":"","is_daily":true,"chose_seed":false,"campfire_upgraded":0,"win_rate":0.0,"timestamp":1614060083,"path_taken":["M","M","M","M","M","E","?","E","T","E","$","?","R","?","R","BOSS","M","M","$","?","M","E","R","E","T","?","$","E","R","E","R","BOSS","M","?","?","M","$","E","E","R","T","?","R","M","$","E","R","BOSS"],"items_purchased_type":["Relic","Card","Card","Relic","Relic","Card","Card","Relic","Relic","Card","Relic","Relic","Card","Card","Card","Relic","Relic","Potion","Relic"],"build_version":"2020-12-22","purchased_purges":0,"victory":true,"max_hp_per_floor":[80,80,80,80,80,80,80,80,80,80,80,80,80,80,80,80,80,80,80,80,80,80,80,80,80,80,80,80,80,80,82,84,84,84,86,86,86,86,86,88,90,90,90,92,92,94,100,102,102,102],"relic_stats":{"Happy Flower":[16],"Singing Bowl":22,"Gremlin Horn":[3,3],"counters":[26,105],"CeramicFish":153,"Eternal Feather":17,"Ginger":[12],"Whetstone":["Anger","Rampage"],"War Paint":["Battle Trance","Flame Barrier"],"Orichalcum":[18],"MawBank":60,"Burning Blood":124,"Centennial Puzzle":[54],"Dream Catcher":3,"Bird Faced Urn":[12],"Pantograph":25,"Black Star":3,"Art of War":[0],"obtain_stats":[{"Calipers":21,"Singing Bowl":31,"Gremlin Horn":41,"CeramicFish":11,"Vajra":39,"Ginger":11,"Whetstone":39,"Ancient Tea Set":20,"Burning Blood":0,"Old Coin":40,"Centennial Puzzle":9,"Dream Catcher":27,"Pantograph":28,"Toxic Egg 2":26,"InkBottle":8,"Red Skull":40,"Girya":44,"Happy Flower":28,"Eternal Feather":48,"War Paint":29,"Orichalcum":43,"MawBank":6,"Akabeko":23,"Anchor":41,"Bird Faced Urn":25,"Orrery":47,"Molten Egg 2":10,"Black Star":34,"Art of War":48,"Toy Ornithopter":47,"FossilizedHelix":47},{"Calipers":12,"Singing Bowl":17,"Gremlin Horn":22,"CeramicFish":8,"Vajra":20,"Ginger":8,"Whetstone":20,"Ancient Tea Set":12,"Burning Blood":0,"Old Coin":21,"Centennial Puzzle":7,"Dream Catcher":15,"Pantograph":15,"Toxic Egg 2":15,"InkBottle":7,"Red Skull":21,"Girya":23,"Happy Flower":15,"Eternal Feather":25,"War Paint":16,"Orichalcum":22,"MawBank":6,"Akabeko":14,"Anchor":22,"Bird Faced Urn":15,"Orrery":24,"Molten Egg 2":8,"Black Star":18,"Art of War":25,"Toy Ornithopter":24,"FossilizedHelix":24},{"Calipers":42,"Singing Bowl":65,"Gremlin Horn":88,"CeramicFish":28,"Vajra":77,"Ginger":28,"Whetstone":77,"Ancient Tea Set":42,"Burning Blood":0,"Old Coin":83,"Centennial Puzzle":24,"Dream Catcher":56,"Pantograph":56,"Toxic Egg 2":56,"InkBottle":24,"Red Skull":83,"Girya":91,"Happy Flower":56,"Eternal Feather":101,"War Paint":61,"Orichalcum":88,"MawBank":18,"Akabeko":52,"Anchor":88,"Bird Faced Urn":56,"Orrery":95,"Molten Egg 2":28,"Black Star":71,"Art of War":101,"Toy Ornithopter":95,"FossilizedHelix":95}],"InkBottle":[27],"Toy Ornithopter":0},"card_choices":[{"not_picked":["Entrench","Thunderclap"],"picked":"Spot Weakness","floor":0},{"not_picked":["True Grit","Evolve"],"picked":"Battle Trance","floor":0},{"not_picked":["Body Slam","Armaments"],"picked":"Iron Wave","floor":0},{"not_picked":["Searing Blow","Shrug It Off"],"picked":"Flame Barrier","floor":0},{"not_picked":["Flex","Shockwave"],"picked":"Heavy Blade","floor":0},{"not_picked":["Clash","Heavy Blade"],"picked":"Wild Strike","floor":0},{"not_picked":["Infernal Blade","Thunderclap"],"picked":"Flex","floor":0},{"not_picked":["Heavy Blade","Iron Wave"],"picked":"Body Slam","floor":0},{"not_picked":["True Grit","Pommel Strike"],"picked":"Rampage","floor":0},{"not_picked":["Pummel","Headbutt"],"picked":"Reckless Charge","floor":0},{"not_picked":["Flex","Body Slam"],"picked":"Cleave","floor":0},{"not_picked":["Perfected Strike","Heavy Blade"],"picked":"Anger","floor":0},{"not_picked":["Heavy Blade","Warcry"],"picked":"Iron Wave","floor":0},{"not_picked":["Pommel Strike","Battle Trance"],"picked":"Uppercut","floor":0},{"not_picked":["True Grit","Perfected Strike"],"picked":"Headbutt","floor":0},{"not_picked":["Heavy Blade","Anger","Sword Boomerang"],"picked":"SKIP","floor":1},{"not_picked":["Armaments","Entrench"],"picked":"Shrug It Off","floor":2},{"not_picked":["Rage","Reckless Charge"],"picked":"Flex","floor":3},{"not_picked":["Fiend Fire","Iron Wave","Body Slam"],"picked":"SKIP","floor":4},{"not_picked":["Heavy Blade","Iron Wave","Shrug It Off"],"picked":"SKIP","floor":5},{"not_picked":["Headbutt","Bloodletting","Intimidate"],"picked":"SKIP","floor":6},{"not_picked":["Perfected Strike","Combust"],"picked":"Fire Breathing","floor":8},{"not_picked":["Reckless Charge+1","Warcry"],"picked":"Thunderclap+1","floor":10},{"not_picked":["Warcry","Cleave+1","Sword Boomerang+1"],"picked":"SKIP","floor":12},{"not_picked":["Offering","Barricade"],"picked":"Demon Form","floor":16},{"not_picked":["Thunderclap+1","Heavy Blade+1"],"picked":"Dropkick+1","floor":18},{"not_picked":["Evolve+1","Sword Boomerang+1","Havoc"],"picked":"SKIP","floor":19},{"not_picked":["Pummel+1","Perfected Strike+1"],"picked":"Infernal Blade","floor":22},{"not_picked":["Twin Strike+1","Iron Wave+1"],"picked":"Armaments+1","floor":23},{"not_picked":["Flex","Thunderclap+1"],"picked":"Reaper+1","floor":25},{"not_picked":["Body Slam+1","Cleave+1","Reckless Charge+1"],"picked":"SKIP","floor":29},{"not_picked":["Rage+1","Dropkick+1","Fire Breathing"],"picked":"Singing Bowl","floor":31},{"not_picked":["Warcry+1","Demon Form","Wild Strike+1"],"picked":"Singing Bowl","floor":32},{"not_picked":["Double Tap+1","Bludgeon+1"],"picked":"Limit Break+1","floor":33},{"not_picked":["Power Through+1","Thunderclap+1","True Grit+1"],"picked":"Singing Bowl","floor":35},{"not_picked":["Armaments+1","Havoc+1"],"picked":"Pommel Strike+1","floor":38},{"not_picked":["Flame Barrier+1","Anger+1","Barricade"],"picked":"Singing Bowl","floor":40},{"not_picked":["Thunderclap+1","Blood for Blood+1","Shrug It Off+1"],"picked":"Singing Bowl","floor":41},{"not_picked":["Headbutt+1","Pommel Strike+1"],"picked":"Infernal Blade+1","floor":42},{"not_picked":["Iron Wave+1","Sword Boomerang+1","Hemokinesis+1"],"picked":"Singing Bowl","floor":44},{"not_picked":["Inflame","Sword Boomerang+1","Body Slam+1"],"picked":"Singing Bowl","floor":46},{"not_picked":["Havoc+1","True Grit+1"],"picked":"Cleave+1","floor":47},{"not_picked":["Warcry+1","Impervious+1"],"picked":"Dropkick+1","floor":47},{"not_picked":["Twin Strike+1","Armaments+1","Thunderclap+1"],"picked":"Singing Bowl","floor":47},{"not_picked":["Shrug It Off+1","Wild Strike+1","Heavy Blade+1"],"picked":"Singing Bowl","floor":47},{"not_picked":["Sword Boomerang+1","Iron Wave+1","Headbutt+1"],"picked":"Singing Bowl","floor":47},{"not_picked":["Ghostly Armor+1","Anger+1","Perfected Strike+1"],"picked":"Singing Bowl","floor":48}],"player_experience":912533,"relics_obtained":[{"floor":6,"key":"MawBank"},{"floor":8,"key":"InkBottle"},{"floor":9,"key":"Centennial Puzzle"},{"floor":10,"key":"Molten Egg 2"},{"floor":23,"key":"Akabeko"},{"floor":25,"key":"Bird Faced Urn"},{"floor":26,"key":"Toxic Egg 2"},{"floor":29,"key":"War Paint"},{"floor":31,"key":"Singing Bowl"},{"floor":40,"key":"Red Skull"},{"floor":40,"key":"Old Coin"},{"floor":41,"key":"Anchor"},{"floor":41,"key":"Gremlin Horn"},{"floor":43,"key":"Orichalcum"},{"floor":44,"key":"Girya"},{"floor":48,"key":"Eternal Feather"},{"floor":48,"key":"Art of War"}],"event_choices":[{"damage_healed":0,"gold_gain":0,"player_choice":"Bought 1 Potion","damage_taken":0,"max_hp_gain":0,"max_hp_loss":0,"event_name":"The Woman in Blue","floor":7,"gold_loss":0},{"damage_healed":0,"gold_gain":0,"player_choice":"Leave","damage_taken":0,"max_hp_gain":0,"max_hp_loss":0,"event_name":"The Cleric","floor":14,"gold_loss":0},{"damage_healed":0,"gold_gain":0,"player_choice":"Obtained Relic","damage_taken":0,"relics_obtained":["Calipers"],"max_hp_gain":0,"max_hp_loss":0,"event_name":"Addict","floor":21,"gold_loss":85},{"damage_healed":0,"gold_gain":0,"player_choice":"Opened","damage_taken":0,"relics_obtained":["Dream Catcher"],"max_hp_gain":0,"max_hp_loss":0,"event_name":"The Mausoleum","floor":27,"gold_loss":0,"cards_obtained":["Writhe"]},{"damage_healed":0,"gold_gain":0,"player_choice":"Ignored","damage_taken":0,"max_hp_gain":0,"max_hp_loss":0,"event_name":"Tomb of Lord Red Mask","floor":36,"gold_loss":0},{"cards_removed":["Dropkick"],"damage_healed":0,"gold_gain":0,"player_choice":"Removed Attack","damage_taken":0,"max_hp_gain":0,"max_hp_loss":0,"event_name":"Falling","floor":37,"gold_loss":0},{"damage_healed":0,"gold_gain":0,"player_choice":"Fight","damage_taken":0,"max_hp_gain":0,"max_hp_loss":0,"event_name":"MindBloom","floor":44,"gold_loss":0}],"is_beta":false,"boss_relics":[{"not_picked":["Sozu","Snecko Eye","Astrolabe"]},{"not_picked":["SlaversCollar","Tiny House"],"picked":"Black Star"}],"items_purged_floors":[],"is_endless":false,"potions_floor_spawned":[1,2,5,6,12,18,23,29,33,35,44],"ascension_level":0}}