{"host":"rsokn1b2nrspb1iw","time":1614117752,"event":{"mods":["BaseMod","Better Altar","Better Match","Better Note","Better Sensory Stone","Better Skull","Better Third Choice","Better Vampires","BetterRewards","Block Reminder","Colored Map","Colored Powertips","Curses Come First","Custom Start","GifTheSpireLib","Hermit","Minty Spire (QoL Compilation)","Quick Restart","Rare Cards Sparkle","Relic Stats","Spire Birthday Party","StSLib","Unceasing Turn Reminder"],"gold_per_floor":[117,117,117,128,148,148,180,180,207,207,282,299,309,326,326,423,423,439,455,455,308,327,327,327],"floor_reached":23,"language":"ENG","playtime":628,"items_purged":[],"score":193,"play_id":"57925f52-cb5c-4ddc-b9c6-64ad83ebe313","local_time":"20210223150232","is_ascension_mode":false,"campfire_choices":[{"data":"Demon Form","floor":6,"key":"SMITH"},{"data":"Anger","floor":8,"key":"SMITH"},{"data":"Bash","floor":10,"key":"SMITH"},{"floor":15,"key":"REST"}],"circlet_count":0,"master_deck":["Bash+1","Demon Form+1","Panacea","Anger+1","Spot Weakness","Flex"],"relics":["Burning Blood","Blood Vial","PreservedInsect","Pandora\u0027s Box","Juzu Bracelet"],"acts_visited":["Exordium","TheCity"],"potions_floor_usage":[],"damage_taken":[{"damage":19,"enemies":"Small Slimes","floor":1,"turns":4},{"damage":5,"enemies":"2 Louse","floor":4,"turns":4},{"damage":8,"enemies":"Jaw Worm","floor":5,"turns":4},{"damage":21,"enemies":"Lagavulin","floor":7,"turns":5},{"damage":4,"enemies":"2 Fungi Beasts","floor":12,"turns":3},{"damage":16,"enemies":"Red Slaver","floor":13,"turns":4},{"damage":22,"enemies":"Large Slime","floor":14,"turns":4},{"damage":41,"enemies":"Hexaghost","floor":16,"turns":7},{"damage":10,"enemies":"Spheric Guardian","floor":18,"turns":3},{"damage":28,"enemies":"3 Byrds","floor":19,"turns":4},{"damage":42,"enemies":"Snake Plant","floor":22,"turns":3},{"damage":27,"enemies":"Slavers","floor":23,"turns":1}],"seed_played":"-5470740584427797078","potions_obtained":[{"floor":12,"key":"ColorlessPotion"},{"floor":14,"key":"ColorlessPotion"},{"floor":16,"key":"SneckoOil"}],"is_trial":false,"path_per_floor":["M","?","?","M","M","R","E","R","T","R","?","M","M","M","R","B",null,"M","M","?","$","M","E"],"character_chosen":"IRONCLAD","items_purchased":["Juzu Bracelet"],"campfire_rested":1,"item_purchase_floors":[21],"current_hp_per_floor":[67,67,67,68,66,66,51,51,51,51,40,44,36,22,46,13,80,76,56,56,56,22,0,0],"gold":327,"neow_bonus":"THREE_RARE_CARDS","is_daily":false,"chose_seed":false,"campfire_upgraded":3,"win_rate":0.0,"timestamp":1614117752,"path_taken":["M","?","?","M","M","R","E","R","T","R","?","M","M","M","R","BOSS","M","M","?","$","M","E"],"items_purchased_type":["Relic"],"build_version":"2020-12-22","purchased_purges":0,"victory":false,"max_hp_per_floor":[80,80,80,80,80,80,80,80,80,80,80,80,80,80,80,80,80,80,80,80,80,80,80,80],"relic_stats":{"Blood Vial":14,"counters":[12,46],"Pandora\u0027s Box":["Sentinel","Berserk","Seeing Red","Power Through","Clothesline","Infernal Blade","Feel No Pain","Power Through","Fiend Fire"],"PreservedInsect":40,"Juzu Bracelet":0,"obtain_stats":[{"Blood Vial":7,"Pandora\u0027s Box":17,"PreservedInsect":9,"Juzu Bracelet":21,"Burning Blood":0},{"Blood Vial":4,"Pandora\u0027s Box":8,"PreservedInsect":4,"Juzu Bracelet":10,"Burning Blood":0},{"Blood Vial":17,"Pandora\u0027s Box":35,"PreservedInsect":17,"Juzu Bracelet":42,"Burning Blood":0}],"Burning Blood":66},"card_choices":[{"not_picked":["Offering","Fiend Fire"],"picked":"Demon Form","floor":0},{"not_picked":["Armaments","True Grit","Clothesline"],"picked":"SKIP","floor":1},{"not_picked":["Impatience","Forethought"],"picked":"Panacea","floor":3},{"not_picked":["Shrug It Off","Searing Blow"],"picked":"Anger","floor":4},{"not_picked":["True Grit","Havoc","Shrug It Off"],"picked":"SKIP","floor":5},{"not_picked":["Feel No Pain","Power Through","True Grit"],"picked":"SKIP","floor":7},{"not_picked":["Armaments","Clash","Sword Boomerang"],"picked":"SKIP","floor":12},{"not_picked":["Ghostly Armor","Cleave"],"picked":"Spot Weakness","floor":13},{"not_picked":["Shrug It Off","Cleave","Armaments"],"picked":"SKIP","floor":14},{"not_picked":["Clothesline","Perfected Strike+1","Ghostly Armor+1"],"picked":"SKIP","floor":18},{"not_picked":["True Grit","Searing Blow","Warcry"],"picked":"SKIP","floor":19},{"not_picked":["Headbutt+1","True Grit"],"picked":"Flex","floor":22}],"player_experience":195259,"relics_obtained":[{"floor":7,"key":"Blood Vial"},{"floor":9,"key":"PreservedInsect"}],"event_choices":[{"cards_removed":["Shame"],"damage_healed":0,"gold_gain":0,"player_choice":"Forget","damage_taken":0,"max_hp_gain":0,"max_hp_loss":0,"event_name":"Living Wall","floor":2,"gold_loss":0},{"damage_healed":0,"gold_gain":1,"player_choice":"1","damage_taken":0,"max_hp_gain":0,"max_hp_loss":0,"event_name":"betterStone:BetterStone","floor":3,"gold_loss":0},{"damage_healed":0,"gold_gain":75,"player_choice":"Gold","damage_taken":11,"max_hp_gain":0,"max_hp_loss":0,"event_name":"betterThird:BetterGoop","floor":11,"gold_loss":0},{"damage_healed":0,"gold_gain":0,"player_choice":"Ignored","damage_taken":0,"max_hp_gain":0,"max_hp_loss":0,"event_name":"betterNote:BetterNote","floor":20,"gold_loss":0,"cards_obtained":["Electrodynamics"]}],"is_beta":false,"boss_relics":[{"not_picked":["Tiny House","Velvet Choker"],"picked":"Pandora\u0027s Box"}],"items_purged_floors":[],"is_endless":false,"potions_floor_spawned":[12,14,16],"killed_by":"Slavers","ascension_level":0}}