{"host":"sav7uxregyirlf69","time":1614071024,"event":{"mods":["AchievementEnabler","BaseMod","Colored Map","DeckTracker","Keyboard Shortcuts","Minty Spire (QoL Compilation)","READ ME - Guardian Mod","StSLib","SuperFastMode"],"gold_per_floor":[360,360,380,70,90,90,110,110,110,110,126,143,143,174,174,253,253,266,166,184,195,195,195,231,0,26,26,26],"floor_reached":27,"language":"KOR","playtime":472,"items_purged":["Strike_G","Strike_G"],"score":466,"play_id":"93cbafed-b8d9-473c-8fbb-8b226eda3b55","local_time":"20210223180344","is_ascension_mode":true,"campfire_choices":[{"data":"Neutralize","floor":6.0,"key":"SMITH"},{"data":"Blade Dance","floor":8.0,"key":"SMITH"},{"data":"Eviscerate","floor":13.0,"key":"SMITH"},{"floor":15.0,"key":"REST"},{"floor":23.0,"key":"REST"}],"circlet_count":0,"master_deck":["AscendersBane","Strike_G","Strike_G","Strike_G","Defend_G+1","Defend_G","Defend_G","Defend_G","Defend_G+1","Survivor","Neutralize+1","Blade Dance+1","Escape Plan","Tactician+1","Dagger Spray","Eviscerate+1","Setup+1","Dagger Throw","Calculated Gamble+1","Prepared+1"],"relics":["Ring of the Snake","TheAbacus","Mercury Hourglass","Toxic Egg 2","Sozu","CeramicFish"],"acts_visited":["Exordium","TheCity"],"potions_floor_usage":[],"damage_taken":[{"damage":0.0,"enemies":"2 Louse","floor":1.0,"turns":3.0},{"damage":0.0,"enemies":"Small Slimes","floor":3.0,"turns":4.0},{"damage":1.0,"enemies":"Cultist","floor":5.0,"turns":4.0},{"damage":0.0,"enemies":"2 Fungi Beasts","floor":7.0,"turns":3.0},{"damage":0.0,"enemies":"Exordium Wildlife","floor":11.0,"turns":2.0},{"damage":2.0,"enemies":"Large Slime","floor":12.0,"turns":6.0},{"damage":13.0,"enemies":"Lagavulin","floor":14.0,"turns":5.0},{"damage":39.0,"enemies":"Slime Boss","floor":16.0,"turns":12.0},{"damage":13.0,"enemies":"Spheric Guardian","floor":18.0,"turns":4.0},{"damage":0.0,"enemies":"3 Byrds","floor":20.0,"turns":4.0},{"damage":15.0,"enemies":"Centurion and Healer","floor":21.0,"turns":8.0},{"damage":23.0,"enemies":"Slavers","floor":24.0,"turns":6.0},{"damage":16,"enemies":"Book of Stabbing","floor":27,"turns":1}],"seed_played":"-3727413440485527989","potions_obtained":[{"floor":7.0,"key":"SkillPotion"},{"floor":11.0,"key":"Weak Potion"},{"floor":12.0,"key":"EntropicBrew"}],"is_trial":false,"path_per_floor":["M","?","M","$","M","R","M","R","T","?","M","M","R","E","R","B",null,"M","$","M","M","?","R","E","?","T","E"],"character_chosen":"THE_SILENT","items_purchased":["TheAbacus","Tactician"],"campfire_rested":2,"item_purchase_floors":[4,4],"current_hp_per_floor":[59,41,41,41,40,40,40,40,40,40,40,38,38,25,43,4,46,33,33,33,18,18,36,13,13,13,0,0],"gold":26,"neow_bonus":"TWO_FIFTY_GOLD","is_daily":false,"chose_seed":false,"campfire_upgraded":3,"win_rate":0.0,"timestamp":1614071024,"path_taken":["M","?","M","$","M","R","M","R","T","?","M","?","R","E","R","BOSS","M","$","M","M","?","R","E","?","T","E"],"items_purchased_type":["Relic","Card"],"build_version":"2020-12-22","purchased_purges":2,"victory":false,"max_hp_per_floor":[60,60,60,60,60,60,60,60,60,60,60,60,60,60,60,60,60,60,60,60,60,60,60,60,60,60,60,60],"card_choices":[{"not_picked":["Dagger Throw","PiercingWail"],"picked":"Blade Dance","floor":1.0},{"not_picked":["Acrobatics","Flechettes"],"picked":"Escape Plan","floor":3.0},{"not_picked":["Bane","Concentrate"],"picked":"Dagger Spray","floor":5.0},{"not_picked":["Burst","Outmaneuver","Skewer"],"picked":"SKIP","floor":7.0},{"not_picked":["Outmaneuver","Bouncing Flask","Poisoned Stab"],"picked":"SKIP","floor":11.0},{"not_picked":["Caltrops","Eviscerate","Riddle With Holes"],"picked":"SKIP","floor":12.0},{"not_picked":["Caltrops","Eviscerate","Riddle With Holes"],"picked":"SKIP","floor":12.0},{"not_picked":["Caltrops","Riddle With Holes"],"picked":"Eviscerate","floor":12.0},{"not_picked":["Catalyst+1","Blade Dance+1"],"picked":"Setup+1","floor":14.0},{"not_picked":["Sucker Punch","Flying Knee"],"picked":"Dagger Throw","floor":18.0},{"not_picked":["PiercingWail+1","Tactician+1"],"picked":"Calculated Gamble+1","floor":20.0},{"not_picked":["Outmaneuver+1","Dagger Throw","Dodge and Roll+1"],"picked":"SKIP","floor":21.0},{"not_picked":["Outmaneuver+1","Venomology+1"],"picked":"Prepared+1","floor":24.0}],"player_experience":1674341,"relics_obtained":[{"floor":9.0,"key":"Mercury Hourglass"},{"floor":14.0,"key":"Toxic Egg 2"},{"floor":24.0,"key":"CeramicFish"}],"event_choices":[{"damage_healed":0.0,"max_hp_gain":0.0,"max_hp_loss":0.0,"gold_gain":0.0,"event_name":"Shining Light","player_choice":"Entered Light","floor":2.0,"gold_loss":0.0,"damage_taken":18.0,"cards_upgraded":["Defend_G","Defend_G"]},{"damage_healed":0.0,"max_hp_gain":0.0,"max_hp_loss":0.0,"gold_gain":0.0,"event_name":"Upgrade Shrine","player_choice":"Upgraded","floor":10.0,"gold_loss":0.0,"damage_taken":0.0,"cards_upgraded":["Tactician"]},{"damage_healed":0.0,"max_hp_gain":0.0,"max_hp_loss":0.0,"gold_gain":0.0,"event_name":"Cursed Tome","player_choice":"Ignored","floor":22.0,"gold_loss":0.0,"damage_taken":0.0},{"damage_healed":0,"gold_gain":0,"player_choice":"Paid Fearfully","damage_taken":0,"max_hp_gain":0,"max_hp_loss":0,"event_name":"Masked Bandits","floor":25,"gold_loss":231}],"is_beta":false,"boss_relics":[{"not_picked":["Runic Dome","SacredBark"],"picked":"Sozu"}],"items_purged_floors":[4,19],"is_endless":false,"potions_floor_spawned":[7,11,12,24],"killed_by":"Book of Stabbing","ascension_level":20}}