{"host":"lxu17chzujqn8whl","time":1614116608,"event":{"mods":["BaseMod","Minty Spire (QoL Compilation)","Relic Stats","StSLib"],"gold_per_floor":[116,126,138,152,152,185,185,214,214,231,246,246,263,281,281,383,383,394,309,322,37,54,54,67,80,80,80,108,108,18,37,37,137,137,157,157],"floor_reached":35,"language":"ENG","playtime":1654,"items_purged":[],"score":395,"play_id":"7fc669d1-abff-47e4-8476-36371a1f7125","local_time":"20210223134328","is_ascension_mode":false,"campfire_choices":[{"data":"Self Repair","floor":12,"key":"SMITH"},{"data":"Conserve Battery","floor":15,"key":"SMITH"},{"data":"Rainbow","floor":23,"key":"SMITH"},{"data":"Doom and Gloom","floor":27,"key":"SMITH"},{"data":"Creative AI","floor":29,"key":"SMITH"},{"data":"Self Repair","floor":32,"key":"SMITH"}],"circlet_count":0,"master_deck":["Strike_B","Strike_B","Defend_B","Defend_B","Defend_B","Defend_B","Zap+1","Dualcast","Compile Driver","Glacier","Barrage","Sweeping Beam","Self Repair+1","Chill","Conserve Battery+1","Rainbow+1","Self Repair+1","Doom and Gloom+1","Conserve Battery+1","Creative AI+1","Core Surge+1","Doom and Gloom+1","White Noise+1","Lockon+1"],"relics":["Cracked Core","Meat on the Bone","Bird Faced Urn","Symbiotic Virus","White Beast Statue","Velvet Choker","Letter Opener","Bottled Lightning","StrikeDummy","Molten Egg 2","Astrolabe"],"acts_visited":["Exordium","TheCity","TheBeyond"],"potions_floor_usage":[6,8,11,14,20,25],"damage_taken":[{"damage":0.0,"enemies":"Cultist","floor":1.0,"turns":3.0},{"damage":0.0,"enemies":"Small Slimes","floor":2.0,"turns":3.0},{"damage":0.0,"enemies":"Jaw Worm","floor":3.0,"turns":5.0},{"damage":1.0,"enemies":"Large Slime","floor":4.0,"turns":7.0},{"damage":25,"enemies":"Lagavulin","floor":6,"turns":5},{"damage":32,"enemies":"3 Sentries","floor":8,"turns":6},{"damage":22,"enemies":"Exordium Thugs","floor":10,"turns":4},{"damage":13,"enemies":"Gremlin Gang","floor":11,"turns":3},{"damage":11,"enemies":"Exordium Wildlife","floor":13,"turns":4},{"damage":7,"enemies":"Blue Slaver","floor":14,"turns":2},{"damage":40,"enemies":"Slime Boss","floor":16,"turns":13},{"damage":4,"enemies":"Spheric Guardian","floor":18,"turns":4},{"damage":12,"enemies":"2 Thieves","floor":20,"turns":4},{"damage":22,"enemies":"Centurion and Healer","floor":22,"turns":6},{"damage":25,"enemies":"3 Cultists","floor":24,"turns":7},{"damage":30,"enemies":"Snake Plant","floor":25,"turns":5},{"damage":33,"enemies":"Slavers","floor":28,"turns":6},{"damage":14,"enemies":"Cultist and Chosen","floor":31,"turns":5},{"damage":30,"enemies":"Collector","floor":33,"turns":14},{"damage":10,"enemies":"Orb Walker","floor":35,"turns":4}],"seed_played":"-2378764670907699518","potions_obtained":[{"floor":1.0,"key":"CultistPotion"},{"floor":6,"key":"PotionOfCapacity"},{"floor":10,"key":"Block Potion"},{"floor":11,"key":"Ancient Potion"},{"floor":13,"key":"Fire Potion"},{"floor":14,"key":"Block Potion"},{"floor":16,"key":"SpeedPotion"},{"floor":18,"key":"ColorlessPotion"},{"floor":20,"key":"Energy Potion"},{"floor":22,"key":"FocusPotion"},{"floor":25,"key":"EssenceOfSteel"},{"floor":28,"key":"PowerPotion"}],"is_trial":false,"path_per_floor":["M","M","M","M","T","E","?","E","T","M","M","R","M","M","R","B",null,"M","?","M","$","M","R","M","M","T","R","E","R","?","M","R","B",null,"M"],"character_chosen":"DEFECT","items_purchased":["Bottled Lightning","Hologram"],"campfire_rested":0,"item_purchase_floors":[21,21],"current_hp_per_floor":[82,82,82,81,81,56,56,45,45,53,49,49,59,73,73,66,82,82,82,82,82,82,82,82,82,82,82,80,80,80,82,82,82,82,82,82],"gold":157,"neow_bonus":"TEN_PERCENT_HP_BONUS","is_daily":false,"chose_seed":false,"campfire_upgraded":6,"win_rate":0.0,"timestamp":1614116608,"path_taken":["M","?","?","M","?","E","?","E","T","M","?","R","M","M","R","BOSS","M","?","M","$","M","R","M","M","T","R","E","R","?","M","R","BOSS","M"],"items_purchased_type":["Relic","Card"],"build_version":"2020-12-22","purchased_purges":0,"victory":false,"max_hp_per_floor":[82,82,82,82,82,82,82,82,82,82,82,82,82,82,82,82,82,82,82,82,82,82,82,82,82,82,82,82,82,82,82,82,82,82,82,82],"relic_stats":{"counters":[20,110],"Bird Faced Urn":[76],"Astrolabe":["Doom and Gloom","White Noise","Lockon"],"Letter Opener":[72],"obtain_stats":[{"Bird Faced Urn":6,"Astrolabe":34,"Velvet Choker":17,"Molten Egg 2":28,"Letter Opener":19,"Bottled Lightning":21,"Cracked Core":0,"Symbiotic Virus":8,"StrikeDummy":26,"White Beast Statue":9,"Meat on the Bone":5},{"Bird Faced Urn":5,"Astrolabe":19,"Velvet Choker":11,"Molten Egg 2":17,"Letter Opener":12,"Bottled Lightning":13,"Cracked Core":0,"Symbiotic Virus":6,"StrikeDummy":16,"White Beast Statue":6,"Meat on the Bone":4},{"Bird Faced Urn":23,"Astrolabe":106,"Velvet Choker":55,"Molten Egg 2":87,"Letter Opener":59,"Bottled Lightning":63,"Cracked Core":0,"Symbiotic Virus":29,"StrikeDummy":81,"White Beast Statue":29,"Meat on the Bone":18}],"Meat on the Bone":36},"card_choices":[{"not_picked":["Heatsinks","Undo"],"picked":"Compile Driver","floor":1.0},{"not_picked":["Coolheaded","Streamline"],"picked":"Glacier","floor":2.0},{"not_picked":["Stack","Rebound"],"picked":"Barrage","floor":3.0},{"not_picked":["Storm","Gash"],"picked":"Sweeping Beam","floor":4.0},{"not_picked":["Chaos","Reboot"],"picked":"Self Repair","floor":6},{"not_picked":["Rebound","Sweeping Beam"],"picked":"Self Repair","floor":8},{"not_picked":["Go for the Eyes","Blizzard","Steam"],"picked":"SKIP","floor":10},{"not_picked":["Chaos","Reinforced Body","Gash"],"picked":"SKIP","floor":11},{"not_picked":["Gash","Streamline"],"picked":"Chill","floor":13},{"not_picked":["Gash","Stack"],"picked":"Conserve Battery","floor":14},{"not_picked":["Fission","Reboot"],"picked":"Rainbow","floor":16},{"not_picked":["Cold Snap","FTL"],"picked":"Self Repair+1","floor":18},{"not_picked":["Chill","Storm"],"picked":"Doom and Gloom","floor":20},{"not_picked":["Cold Snap","Leap"],"picked":"Barrage","floor":22},{"not_picked":["Darkness+1","Heatsinks+1"],"picked":"Conserve Battery+1","floor":24},{"not_picked":["Conserve Battery","Rebound","Compile Driver"],"picked":"SKIP","floor":25},{"not_picked":["Hello World","Scrape+1"],"picked":"Creative AI","floor":28},{"not_picked":["Beam Cell+1","Ball Lightning+1","Rebound+1"],"picked":"SKIP","floor":31},{"not_picked":["All For One+1","Biased Cognition"],"picked":"Core Surge+1","floor":33}],"player_experience":729110,"relics_obtained":[{"floor":5.0,"key":"Meat on the Bone"},{"floor":6,"key":"Bird Faced Urn"},{"floor":8,"key":"Symbiotic Virus"},{"floor":9,"key":"White Beast Statue"},{"floor":26,"key":"StrikeDummy"},{"floor":28,"key":"Molten Egg 2"}],"event_choices":[{"cards_removed":["Strike_B"],"damage_healed":0,"gold_gain":0,"player_choice":"Purged","damage_taken":0,"max_hp_gain":0,"max_hp_loss":0,"event_name":"Purifier","floor":7,"gold_loss":0},{"damage_healed":0,"gold_gain":0,"player_choice":"Obtained Relic","damage_taken":0,"relics_obtained":["Letter Opener"],"max_hp_gain":0,"max_hp_loss":0,"event_name":"Addict","floor":19,"gold_loss":85},{"cards_removed":["Barrage"],"damage_healed":0,"gold_gain":0,"player_choice":"Upgrade and Remove","damage_taken":0,"max_hp_gain":0,"max_hp_loss":0,"event_name":"Designer","floor":30,"gold_loss":90,"cards_upgraded":["Zap"]}],"is_beta":false,"boss_relics":[{"not_picked":["Sozu","Ectoplasm"],"picked":"Velvet Choker"},{"not_picked":["Tiny House","Runic Dome"],"picked":"Astrolabe"}],"items_purged_floors":[],"is_endless":false,"potions_floor_spawned":[1,6,10,11,13,14,16,18,20,22,24,25,28,31,33,35],"killed_by":"Orb Walker","ascension_level":0}}