{"host":"9oqmaaz8siap8kj6","time":1614078424,"event":{"mods":["BaseMod","Colored Map","Hermit","Marisa????????","Minty Spire (QoL Compilation)","Replay The Spire","StSLib"],"gold_per_floor":[111,111,111,36,36,72,72,112,163,163,163,202,220,240,240,359,359,373,373],"floor_reached":18,"language":"ENG","playtime":549,"items_purged":["Strike_B"],"score":239,"play_id":"388f7882-1730-4601-b1ac-1f5c10f111b9","local_time":"20210223120704","is_ascension_mode":true,"campfire_choices":[{"floor":10,"key":"REST"},{"data":"Zap","floor":15,"key":"SMITH"}],"circlet_count":0,"master_deck":["Strike_B+1","Strike_B","Defend_B+1","Defend_B","Defend_B","Defend_B","Zap+1","Dualcast","Ball Lightning","Defragment","Ball Lightning","Electrodynamics"],"relics":["Cracked Core","NeowsBlessing","ReplayTheSpireMod:Ring of Addiction","Ring of Fury","Potion Belt","Chameleon Ring","Golden Idol","Ice Cream","Juzu Bracelet","Simple Rune","Replay:Bottled Snecko","Pantograph","Empty Cage"],"acts_visited":["Exordium","TheCity"],"potions_floor_usage":[16,16,16,16],"damage_taken":[{"damage":0,"enemies":"Cultist","floor":1,"turns":1},{"damage":0,"enemies":"Gremlin Nob","floor":6,"turns":1},{"damage":0,"enemies":"Lagavulin","floor":8,"turns":1},{"damage":14,"enemies":"Gremlin Nob","floor":12,"turns":3},{"damage":0,"enemies":"2 Louse","floor":13,"turns":2},{"damage":0,"enemies":"Small Slimes","floor":14,"turns":3},{"damage":11,"enemies":"The Guardian","floor":16,"turns":5},{"damage":20,"enemies":"Spheric Guardian","floor":18,"turns":4}],"seed_played":"-6411984159553235826","potions_obtained":[{"floor":3,"key":"PotionOfCapacity"},{"floor":3,"key":"ColorlessPotion"},{"floor":3,"key":"FocusPotion"},{"floor":7,"key":"PotionOfCapacity"},{"floor":7,"key":"FairyPotion"},{"floor":13,"key":"EssenceOfSteel"}],"is_trial":false,"path_per_floor":["M","$","?","$","?","E","R","E","T","R","T","E","M","M","R","B",null,"M"],"character_chosen":"DEFECT","items_purchased":[],"campfire_rested":1,"item_purchase_floors":[],"current_hp_per_floor":[75,75,75,75,57,57,57,57,57,71,71,57,57,57,57,56,67,47,47],"gold":373,"neow_bonus":"THREE_ENEMY_KILL","is_daily":false,"chose_seed":false,"campfire_upgraded":1,"win_rate":0.0,"timestamp":1614078424,"path_taken":["M","?","?","$","?","E","R","E","T","R","?","E","M","M","R","BOSS","M"],"items_purchased_type":[],"build_version":"2020-12-22","purchased_purges":1,"victory":false,"max_hp_per_floor":[75,75,75,75,75,75,73,73,73,71,71,71,69,69,69,67,67,67,67],"card_choices":[{"not_picked":["Leap","ReplayTheSpireMod:Repulse"],"picked":"Ball Lightning","floor":1},{"not_picked":["ReplayTheSpireMod:Calculation Training","Beam Cell"],"picked":"Defragment","floor":6},{"not_picked":["Compile Driver","Beam Cell","Rebound"],"picked":"SKIP","floor":8},{"not_picked":["ReplayTheSpireMod:Fabricate Wheel","Hologram","Gash"],"picked":"SKIP","floor":12},{"not_picked":["Hologram","Streamline","Beam Cell"],"picked":"SKIP","floor":13},{"not_picked":["Panic Button","Recycle"],"picked":"Ball Lightning","floor":14},{"not_picked":["Meteor Strike","Rainbow"],"picked":"Electrodynamics","floor":16},{"not_picked":["Sweeping Beam","Hologram","Rip and Tear"],"picked":"SKIP","floor":18}],"player_experience":225541,"relics_obtained":[{"floor":3,"key":"ReplayTheSpireMod:Ring of Addiction"},{"floor":3,"key":"Ring of Fury"},{"floor":3,"key":"Potion Belt"},{"floor":3,"key":"Chameleon Ring"},{"floor":6,"key":"Ice Cream"},{"floor":8,"key":"Juzu Bracelet"},{"floor":9,"key":"Simple Rune"},{"floor":11,"key":"Replay:Bottled Snecko"},{"floor":12,"key":"Pantograph"}],"event_choices":[{"damage_healed":0,"gold_gain":0,"player_choice":"Take Damage","damage_taken":18,"relics_obtained":["Golden Idol"],"max_hp_gain":0,"max_hp_loss":0,"event_name":"Golden Idol","floor":5,"gold_loss":0}],"is_beta":false,"boss_relics":[{"not_picked":["Ring of Chaos","Replay:Drink Me"],"picked":"Empty Cage"}],"items_purged_floors":[4],"is_endless":false,"potions_floor_spawned":[12,13],"killed_by":"Spheric Guardian","ascension_level":1}}