{"host":"nnxvcju6x1qybncj","time":1614119776,"event":{"mods":["BaseMod","Block Reminder","Curses Come First","Custom Start","Dark Map","Displayed Cursed Tome","Downfall","Evolution","Jorbs\u0027s Wanderer Trilogy","Minty Spire (QoL Compilation)","Quick Restart","Relic Stats","StSLib"],"gold_per_floor":[118,130,0,0,14,14,41,41,87,102,66,81,81,101,101,175,175,188,208,208,130,130,130,144,144,215,215,229,102,119,169,169,244,244,259,259,19,19,30,30,65,65,65,65,0,0,0,33,33,33,33,33],"floor_reached":51,"language":"ENG","playtime":2425,"items_purged":[],"score":1427,"play_id":"37781d36-aa61-492a-938d-df524b0aaedd","local_time":"20210223233616","is_ascension_mode":true,"campfire_choices":[{"data":"Defragment","floor":6.0,"key":"SMITH"},{"data":"Capacitor","floor":13.0,"key":"SMITH"},{"data":"Hologram","floor":15.0,"key":"SMITH"},{"data":"Consume","floor":23.0,"key":"SMITH"},{"data":"Darkness","floor":25.0,"key":"SMITH"},{"floor":32.0,"key":"REST"},{"floor":40.0,"key":"REST"},{"floor":42.0,"key":"RECALL"},{"data":"Machine Learning","floor":47.0,"key":"SMITH"},{"data":"Capacitor","floor":49,"key":"SMITH"}],"circlet_count":0,"master_deck":["AscendersBane","Cold Snap","Sweeping Beam","Cold Snap","Sweeping Beam","Conserve Battery","Leap","Defend_B","Defend_B","Zap","Dualcast","Compile Driver","Coolheaded","Defragment+1","Go for the Eyes","Barrage","Blizzard","Cold Snap","Capacitor+1","Hologram+1","Biased Cognition","Capacitor+1","Conserve Battery","Consume+1","Darkness+1","Self Repair","Barrage","Coolheaded","Machine Learning+1","Redo+1","Buffer","Bandage Up","Reboot","Buffer","Consume"],"relics":["EVO:Axolotl","Philosopher\u0027s Stone","Tiny Chest","Lantern","Nuclear Battery","Matryoshka","Sozu","Bag of Marbles","Pear","Juzu Bracelet","InkBottle","Bottled Flame","Vajra","Red Mask","Eternal Feather","Gambling Chip"],"acts_visited":["Exordium","TheCity","TheBeyond"],"potions_floor_usage":[48,48],"damage_taken":[{"damage":0.0,"enemies":"Cultist","floor":1.0,"turns":3.0},{"damage":0.0,"enemies":"Small Slimes","floor":2.0,"turns":4.0},{"damage":0.0,"enemies":"Jaw Worm","floor":5.0,"turns":4.0},{"damage":0.0,"enemies":"Lagavulin","floor":7.0,"turns":7.0},{"damage":5.0,"enemies":"Red Slaver","floor":10.0,"turns":5.0},{"damage":0.0,"enemies":"Blue Slaver","floor":12.0,"turns":3.0},{"damage":0.0,"enemies":"Exordium Wildlife","floor":14.0,"turns":6.0},{"damage":1.0,"enemies":"Slime Boss","floor":16.0,"turns":9.0},{"damage":17.0,"enemies":"2 Thieves","floor":18.0,"turns":4.0},{"damage":0.0,"enemies":"Chosen","floor":19.0,"turns":5.0},{"damage":4.0,"enemies":"Snake Plant","floor":24.0,"turns":6.0},{"damage":0.0,"enemies":"Chosen and Byrds","floor":28.0,"turns":9.0},{"damage":0.0,"enemies":"3 Cultists","floor":30.0,"turns":5.0},{"damage":36.0,"enemies":"Automaton","floor":33.0,"turns":13.0},{"damage":21.0,"enemies":"3 Shapes","floor":35.0,"turns":8.0},{"damage":17.0,"enemies":"Orb Walker","floor":39.0,"turns":6.0},{"damage":38.0,"enemies":"Nemesis","floor":41.0,"turns":11.0},{"damage":8,"enemies":"Reptomancer","floor":48,"turns":8},{"damage":16,"enemies":"Time Eater","floor":50,"turns":16},{"damage":87,"enemies":"Awakened One","floor":51,"turns":5}],"seed_played":"946145415594435538","potions_obtained":[{"floor":2.0,"key":"SteroidPotion"},{"floor":5.0,"key":"SkillPotion"},{"floor":10.0,"key":"BlessingOfTheForge"},{"floor":12.0,"key":"Swift Potion"},{"floor":19.0,"key":"BlessingOfTheForge"}],"is_trial":false,"path_per_floor":["M","M","$","?","M","R","E","$","T","M","$","M","R","M","R","B",null,"M","M","?","$","T","R","M","R","T","?","M","$","M","?","R","B",null,"M","T","$","?","M","R","E","R","T","?","?","T","R","E","R","B","B"],"character_chosen":"DEFECT","items_purchased":["Defragment","Go for the Eyes","Capacitor","Consume","Self Repair","Barrage","Juzu Bracelet","Buffer"],"campfire_rested":2,"item_purchase_floors":[3,3,11,21,29,29,37,37],"current_hp_per_floor":[64,64,64,64,64,64,64,64,64,59,59,59,59,59,59,58,68,51,51,51,51,51,51,47,47,47,47,47,47,54,47,68,39,63,49,59,59,59,53,77,43,43,43,43,43,43,61,67,81,76,0,0],"gold":33,"neow_bonus":"BOSS_RELIC","is_daily":false,"chose_seed":false,"campfire_upgraded":7,"win_rate":0.0,"timestamp":1614119776,"path_taken":["M","?","$","?","M","R","E","?","T","M","$","?","R","M","R","BOSS","M","M","?","$","?","R","?","R","T","?","M","$","M","?","R","BOSS","M","?","$","?","M","R","E","R","T","?","?","?","R","E","R","BOSS","BOSS"],"items_purchased_type":["Card","Card","Card","Card","Card","Card","Relic","Card"],"build_version":"2020-12-22","purchased_purges":0,"victory":false,"max_hp_per_floor":[71,71,71,71,71,71,71,71,71,71,71,71,71,71,71,71,71,71,71,71,71,71,71,71,71,71,71,71,71,71,71,71,71,71,71,81,81,81,81,81,81,81,81,81,81,81,81,81,81,81,81,81],"relic_stats":{"Sozu":2,"counters":[20,137],"Gambling Chip":[3],"Tiny Chest":3,"Eternal Feather":32,"Juzu Bracelet":1,"obtain_stats":[{"Lantern":9,"Pear":36,"Vajra":43,"Eternal Feather":46,"Juzu Bracelet":37,"EVO:Axolotl":0,"Nuclear Battery":17,"Sozu":34,"Bottled Flame":43,"Matryoshka":26,"Gambling Chip":48,"Philosopher\u0027s Stone":0,"Tiny Chest":7,"Bag of Marbles":36,"Red Mask":45,"Cracked Core":0,"InkBottle":41},{"Lantern":4,"Pear":15,"Vajra":17,"Eternal Feather":17,"Juzu Bracelet":15,"EVO:Axolotl":0,"Nuclear Battery":8,"Sozu":14,"Bottled Flame":17,"Matryoshka":11,"Gambling Chip":18,"Philosopher\u0027s Stone":0,"Tiny Chest":4,"Bag of Marbles":15,"Red Mask":17,"Cracked Core":0,"InkBottle":17},{"Lantern":18,"Pear":91,"Vajra":108,"Eternal Feather":108,"Juzu Bracelet":91,"EVO:Axolotl":0,"Nuclear Battery":41,"Sozu":83,"Bottled Flame":108,"Matryoshka":56,"Gambling Chip":116,"Philosopher\u0027s Stone":0,"Tiny Chest":18,"Bag of Marbles":91,"Red Mask":108,"Cracked Core":0,"InkBottle":108}],"InkBottle":[11]},"card_choices":[{"not_picked":["Hologram","Double Energy"],"picked":"Compile Driver","floor":1.0},{"not_picked":["Ball Lightning","Redo"],"picked":"Coolheaded","floor":2.0},{"not_picked":["Sweeping Beam","Scrape"],"picked":"Barrage","floor":5.0},{"not_picked":["Ball Lightning","Steam"],"picked":"Blizzard","floor":7.0},{"not_picked":["Compile Driver","Hologram"],"picked":"Cold Snap","floor":10.0},{"not_picked":["Barrage","Compile Driver"],"picked":"Hologram","floor":12.0},{"not_picked":["Redo","Doom and Gloom"],"picked":"Biased Cognition","floor":14.0},{"not_picked":["Fission","Hyperbeam"],"picked":"Biased Cognition","floor":16.0},{"not_picked":["Force Field","Conserve Battery+1"],"picked":"Capacitor","floor":18.0},{"not_picked":["Go for the Eyes","Redo"],"picked":"Conserve Battery","floor":19.0},{"not_picked":["Auto Shields","Compile Driver"],"picked":"Darkness","floor":24.0},{"not_picked":["Beam Cell","Go for the Eyes+1","Gash"],"picked":"SKIP","floor":28.0},{"not_picked":["Stack","Redo"],"picked":"Coolheaded","floor":30.0},{"not_picked":["Seek","Creative AI"],"picked":"Machine Learning","floor":33.0},{"not_picked":["Rip and Tear","Compile Driver"],"picked":"Redo+1","floor":35.0},{"not_picked":["Deep Breath","Discovery"],"picked":"Bandage Up","floor":38.0},{"not_picked":["Ball Lightning+1","Static Discharge","Cold Snap"],"picked":"SKIP","floor":39.0},{"not_picked":["Aggregate","Genetic Algorithm+1"],"picked":"Reboot","floor":41.0},{"not_picked":["Coolheaded","BootSequence"],"picked":"Consume","floor":48}],"player_experience":723509,"relics_obtained":[{"floor":7.0,"key":"Tiny Chest"},{"floor":9.0,"key":"Lantern"},{"floor":26.0,"key":"Matryoshka"},{"floor":36.0,"key":"Bag of Marbles"},{"floor":36.0,"key":"Pear"},{"floor":41.0,"key":"InkBottle"},{"floor":43.0,"key":"Bottled Flame"},{"floor":43.0,"key":"Vajra"},{"floor":46.0,"key":"Eternal Feather"},{"floor":48,"key":"Gambling Chip"}],"event_choices":[{"damage_healed":0.0,"max_hp_gain":0.0,"max_hp_loss":0.0,"gold_gain":0.0,"event_name":"Liars Game","player_choice":"Ignored","floor":4.0,"gold_loss":0.0,"damage_taken":0.0},{"damage_healed":0.0,"max_hp_gain":0.0,"max_hp_loss":0.0,"gold_gain":0.0,"event_name":"The Mausoleum","player_choice":"Ignored","floor":27.0,"gold_loss":0.0,"damage_taken":0.0},{"damage_healed":0.0,"max_hp_gain":0.0,"max_hp_loss":0.0,"gold_gain":50.0,"event_name":"FaceTrader","player_choice":"Touch","floor":31.0,"gold_loss":0.0,"damage_taken":7.0},{"damage_healed":0.0,"max_hp_gain":0.0,"max_hp_loss":0.0,"gold_gain":0.0,"event_name":"SensoryStone","player_choice":"Memory 1","floor":38.0,"gold_loss":0.0,"damage_taken":0.0},{"damage_healed":0.0,"max_hp_gain":0.0,"max_hp_loss":0.0,"gold_gain":0.0,"cards_transformed":["Biased Cognition"],"event_name":"Transmorgrifier","player_choice":"Transformed","floor":44.0,"gold_loss":0.0,"damage_taken":0.0,"cards_obtained":["Buffer"]},{"damage_healed":0.0,"max_hp_gain":0.0,"max_hp_loss":0.0,"gold_gain":0.0,"event_name":"Tomb of Lord Red Mask","player_choice":"Paid","floor":45.0,"gold_loss":65.0,"damage_taken":0.0,"relics_obtained":["Red Mask"]}],"is_beta":false,"boss_relics":[{"not_picked":["Coffee Dripper","Ectoplasm"],"picked":"Nuclear Battery"},{"not_picked":["SlaversCollar","Empty Cage"],"picked":"Sozu"}],"items_purged_floors":[],"is_endless":false,"potions_floor_spawned":[2,5,10,12,19,30,35,48],"killed_by":"Awakened One","ascension_level":20}}