{"host":"y2bqfd80u7hqgj5z","time":1614043771,"event":{"mods":["AchievementEnabler","Act Like it!","Arknights","BaseMod","BetterRewards","CapriCore","Colored Map","Colored Powertips","Data Control","DeckTracker","Dio Mod","Downfall","Friendly Minions","Good Game Mod","HololiveMod","Koishi","Marisa????????","Minty Spire (QoL Compilation)","Permanent Neow","RRrroohrrRGHHhhh!!","Rare Cards Sparkle","Reimu??????","Remilia??????","Replay The Spire","RumiaBox-????????","Shop Mod","Spikes Relics","StSLib","SuperFastMode","The Administrix","The Immortal","The Servant 0.9.4","The Wild Card","Together in Spire","Transform Curses","Youmu??????"],"gold_per_floor":[119,134,148,61,78,78,38,72,72,84,84,58,58,70,70,174,9999,10014,10014,10014,8620,8635,8669,8682,8710,8733,8744,8844,8877,8877,8912,8912,9012,9012,9026,9006,7835,7849,7864,7864,7890,7890,7890,7909,7909,7909,7909,7005,7005,7005,7005,7005,5990,6094,6094],"floor_reached":56,"language":"ENG","playtime":4316,"items_purged":["Spreading Infection"],"score":1703,"play_id":"bc41be82-0e57-40c1-bbd9-7f30298929eb","local_time":"20210222192931","is_ascension_mode":false,"campfire_choices":[{"floor":6,"key":"RECALL"},{"floor":11,"key":"REST"},{"data":"Guardian:BronzeOrb","floor":13,"key":"SMITH"},{"data":"JA","floor":15,"key":"SMITH"},{"data":"Guardian:BaubleBeam","floor":30,"key":"SMITH"},{"data":"Guardian:Suspension","floor":32,"key":"SMITH"},{"data":"Guardian:FierceBash","floor":40,"key":"SMITH"},{"data":"Survey Options","floor":42,"key":"SMITH"},{"data":"Guardian:Clone","floor":45,"key":"SMITH"},{"data":"Metamorphosis","floor":47,"key":"SMITH"},{"data":"Thinking Ahead","floor":49,"key":"SMITH"},{"data":"Guardian:MultiBeam","floor":52,"key":"SMITH"}],"circlet_count":0,"master_deck":["Guardian:Strike_Guardian","Guardian:Strike_Guardian","Guardian:Strike_Guardian","Guardian:Strike_Guardian+1","Guardian:Defend_Guardian","Guardian:Defend_Guardian","Guardian:Defend_Guardian","Guardian:Defend_Guardian","Guardian:CurlUp","Guardian:TwinSlam","ats:Armor Crushing Shot+1","Koishi:HauntingSlash","Guardian:AncientConstruct","Guardian:BronzeOrb+1","Guardian:Incinerate","Guardian:SentryBeam","Guardian:ChargeCore","Guardian:Suspension+1","Guardian:CrystalBeam","Guardian:RevengeProtocol","Guardian:BaubleBeam+1","ReplayTheSpireMod:Private Reserves","Guardian:BodySlam","Guardian:Recover","Guardian:Recover","Guardian:Repulse","Feint","Guardian:BronzeOrb","Guardian:PrismaticBeam","Guardian:PiercingHide","Guardian:ShieldSpikes","Guardian:FierceBash+1","Guardian:ConstructionForm","Guardian:GatlingBeam","Guardian:MultiBeam+1","Guardian:ArmoredProtocol+1","Guardian:Recover","Metamorphosis+1","Survey Options+1","Guardian:RollAttack","Guardian:TimeCapacitor+1","downfall:Icky","Guardian:Clone+1","Hololive_FlyingPonyTail","Thinking Ahead+1","Guardian:Reroute","Guardian:CrystalBeam","Guardian:PiercingHide","Guardian:Planning+1","Guardian:AncientConstruct+1","Pot Of Greed","Pot Of Greed","Pot Of Greed","Pot Of Greed","Pot Of Greed","Poisoned Strike","Replay:Bootleg Shield Generator","Guardian:Reroute","Guardian:CrystalBeam","Guardian:Suspension","Guardian:Preprogram","Guardian:SpikerProtocol+1","Guardian:Gem_Fragmented"],"relics":["Guardian:ModeShifter","REME:ComplimentaryCards","Mercury Hourglass","ats:Originium","Whetstone","Replay:Wanted Poster","Letter Opener","Toy Ornithopter","Chemical X","MerchantsRug","Meat on the Bone","Rawhide","Nunchaku","downfall:ExtraCursedKey","Bottled Flame","Frozen Egg 2","Replay:Drink Me","Replay:Rubber Ducky","Durian","Lee\u0027s Waffle","Art of War","WizardHat","Ccalipers","Bronze Scales","rorgmod:Ceramic Fish","ClockworkSouvenir","Grinning Jar","RoseTintedShades"],"acts_visited":["Exordium","TheCity","TheBeyond","TheEnding"],"potions_floor_usage":[16,16,22,23,29,35,50,55,55],"damage_taken":[{"damage":6,"enemies":"Jaw Worm","floor":1,"turns":4},{"damage":6,"enemies":"Cultist","floor":2,"turns":4},{"damage":8,"enemies":"Small Slimes","floor":3,"turns":4},{"damage":7,"enemies":"3 Louse","floor":5,"turns":3},{"damage":22,"enemies":"3 Sentries","floor":8,"turns":8},{"damage":5,"enemies":"Exordium Thugs","floor":10,"turns":4},{"damage":0,"enemies":"Large Slime","floor":14,"turns":2},{"damage":59,"enemies":"The Guardian","floor":16,"turns":8},{"damage":3,"enemies":"Shell Parasite","floor":18,"turns":3},{"damage":3,"enemies":"3 Byrds","floor":22,"turns":3},{"damage":5,"enemies":"Replay:Snechameleon","floor":23,"turns":5},{"damage":10,"enemies":"3 Cultists","floor":24,"turns":4},{"damage":35,"enemies":"Book of Stabbing","floor":25,"turns":6},{"damage":7,"enemies":"Chosen and Byrds","floor":27,"turns":5},{"damage":29,"enemies":"Gremlin Leader","floor":29,"turns":7},{"damage":3,"enemies":"Replay:Snechameleon","floor":31,"turns":3},{"damage":0,"enemies":"Pondfish","floor":33,"turns":7},{"damage":5,"enemies":"3 Shapes","floor":35,"turns":2},{"damage":0,"enemies":"Orb Walker","floor":38,"turns":1},{"damage":0,"enemies":"Jaw Worm Horde","floor":39,"turns":3},{"damage":0,"enemies":"R_Hoarder","floor":41,"turns":4},{"damage":0,"enemies":"Maw","floor":44,"turns":4},{"damage":8,"enemies":"Awakened One","floor":50,"turns":8},{"damage":0,"enemies":"Shield and Spear","floor":54,"turns":4},{"damage":66,"enemies":"The Heart","floor":55,"turns":6}],"seed_played":"6591622687589052248","potions_obtained":[{"floor":3,"key":"FairyPotion"},{"floor":8,"key":"Ancient Potion"},{"floor":10,"key":"Guardian:StasisDiscoveryPotion"},{"floor":16,"key":"LiquidBronze"},{"floor":22,"key":"EssenceOfSteel"},{"floor":25,"key":"LiquidMemories"},{"floor":33,"key":"Elixir"},{"floor":35,"key":"Fruit Juice"},{"floor":36,"key":"CultistPotion"}],"is_trial":false,"path_per_floor":["M","M","M","?","M","R","$","E","T","M","R","$","R","M","R","B",null,"M","?","?","$","M","E","M","E","T","M","?","E","R","E","R","B",null,"M","?","$","M","M","R","E","R","T","M","R","?","R","$","R","B",null,"R","$","E","B",null],"character_chosen":"GUARDIAN","items_purchased":["Guardian:Gem_Fragmented","Guardian:Suspension","Guardian:BaubleBeam","ReplayTheSpireMod:Private Reserves","Guardian:BodySlam","Guardian:Gem_Lightblue","Guardian:Recover","Guardian:Repulse","Feint","Letter Opener","Toy Ornithopter","Chemical X","Venom Potion","MerchantsRug","Guardian:MultiBeam","Guardian:ArmoredProtocol+1","Guardian:Gem_Green","Guardian:Recover","Metamorphosis","Survey Options","Guardian:RollAttack","Replay:Rubber Ducky","Durian","Lee\u0027s Waffle","Thinking Ahead","Ccalipers","Bronze Scales","Guardian:Reroute","Guardian:CrystalBeam","Guardian:PiercingHide","Guardian:Planning+1","Guardian:AncientConstruct+1","rorgmod:Ceramic Fish","ClockworkSouvenir","Grinning Jar","Poisoned Strike","Replay:Bootleg Shield Generator","Guardian:Reroute","Guardian:CrystalBeam","Guardian:Suspension","Guardian:Preprogram","Guardian:SpikerProtocol+1","Dexterity Potion"],"campfire_rested":1,"item_purchase_floors":[7,12,21,21,21,21,21,21,21,21,21,21,21,21,37,37,37,37,37,37,37,37,37,37,48,48,48,48,48,48,48,48,53,53,53,53,53,53,53,53,53,53,53],"current_hp_per_floor":[75,70,63,63,56,56,56,34,34,30,54,54,54,54,54,70,80,77,77,77,77,77,76,66,43,43,49,54,42,42,51,51,52,64,69,69,81,81,81,81,81,81,81,81,81,81,81,81,81,75,81,81,81,81,28],"gold":6094,"neow_bonus":"THREE_RARE_CARDS","is_daily":false,"chose_seed":false,"campfire_upgraded":10,"win_rate":0.0,"timestamp":1614043771,"path_taken":["M","M","M","?","M","R","?","E","T","?","R","$","R","M","R","BOSS","M","?","?","$","M","E","M","E","T","?","?","E","R","E","R","BOSS","M","?","$","?","M","R","E","R","T","M","R","?","R","?","R","BOSS","R","$","E","BOSS"],"items_purchased_type":["Card","Card","Card","Card","Card","Card","Card","Card","Card","Relic","Relic","Relic","Potion","Relic","Card","Card","Card","Card","Card","Card","Card","Relic","Relic","Relic","Card","Relic","Relic","Card","Card","Card","Card","Card","Relic","Relic","Relic","Card","Card","Card","Card","Card","Card","Card","Potion"],"build_version":"2020-12-22","purchased_purges":1,"victory":true,"max_hp_per_floor":[80,80,80,80,80,80,80,80,80,80,80,80,80,80,80,80,80,80,80,80,80,80,80,80,80,80,80,85,85,85,85,85,85,64,69,69,81,81,81,81,81,81,81,81,81,81,81,81,81,81,81,81,81,81,81],"card_choices":[{"not_picked":["Guardian:TimeSifter","Guardian:GatlingBeam"],"picked":"Guardian:AncientConstruct","floor":0},{"not_picked":["Guardian:VentSteam","Guardian:WalkerClaw"],"picked":"Guardian:Gem_Green","floor":1},{"not_picked":["Guardian:PrimingBeam","Guardian:WalkerClaw"],"picked":"Guardian:Gem_Red","floor":2},{"not_picked":["Guardian:Gem_Cyan","Guardian:VentSteam"],"picked":"Guardian:BronzeOrb","floor":3},{"not_picked":["Guardian:SpikerProtocol","Guardian:ShieldSpikes"],"picked":"Guardian:Incinerate","floor":5},{"not_picked":["Guardian:DecasProtection","Guardian:Gem_Purple"],"picked":"Guardian:SentryBeam","floor":8},{"not_picked":["Guardian:BronzeArmor","Guardian:SentryBeam"],"picked":"Guardian:ChargeCore","floor":10},{"not_picked":["Guardian:VentSteam","Guardian:Incinerate"],"picked":"Guardian:CrystalBeam","floor":14},{"not_picked":["Guardian:AncientConstruct","Guardian:ExploitGems"],"picked":"Guardian:Gem_Synthetic","floor":16},{"not_picked":["Guardian:Incinerate","Guardian:Gem_Red"],"picked":"Guardian:Gem_Purple","floor":18},{"not_picked":["Guardian:CrystalBeam","Guardian:WalkerClaw+1"],"picked":"Guardian:BronzeOrb","floor":22},{"not_picked":["Guardian:Repulse","Guardian:TemporalShield"],"picked":"Guardian:Gem_Lightblue","floor":23},{"not_picked":["Guardian:Incinerate","Guardian:BodySlam+1"],"picked":"Guardian:PrismaticBeam","floor":24},{"not_picked":["Guardian:GuardianWhirl","Guardian:RollAttack"],"picked":"Guardian:PiercingHide","floor":25},{"not_picked":["Guardian:Preprogram","Guardian:ShieldCharger+1"],"picked":"Guardian:ShieldSpikes","floor":27},{"not_picked":["Guardian:Gem_Yellow","Guardian:BronzeOrb"],"picked":"Guardian:ConstructionForm","floor":29},{"not_picked":["Guardian:BronzeArmor","Guardian:Gem_Red"],"picked":"Guardian:Gem_Yellow","floor":31},{"not_picked":["Guardian:HyperBeam_Guardian","Guardian:StasisField"],"picked":"Guardian:GatlingBeam","floor":33},{"not_picked":["Guardian:TemporalStrike+1","Guardian:FloatingOrbs+1"],"picked":"Guardian:Gem_Red","floor":35},{"not_picked":["Guardian:TemporalShield+1","Guardian:TemporalStrike+1"],"picked":"Guardian:Gem_Yellow","floor":38},{"not_picked":["Guardian:CrystalBeam+1","Guardian:TemporalStrike+1"],"picked":"Guardian:TimeCapacitor+1","floor":39},{"not_picked":["Guardian:PolyBeam","Guardian:VentSteam"],"picked":"Guardian:Gem_Green","floor":41},{"not_picked":["Guardian:Gem_Red","Guardian:DecasProtection"],"picked":"Guardian:Clone","floor":44},{"not_picked":["Guardian:Harden+1","Guardian:Recover+1"],"picked":"Guardian:Gem_Fragmented","floor":54}],"player_experience":113696,"relics_obtained":[{"floor":8,"key":"ats:Originium"},{"floor":8,"key":"Whetstone"},{"floor":23,"key":"ats:Originium"},{"floor":23,"key":"Meat on the Bone"},{"floor":25,"key":"ats:Originium"},{"floor":25,"key":"Rawhide"},{"floor":26,"key":"Nunchaku"},{"floor":29,"key":"ats:Originium"},{"floor":29,"key":"Bottled Flame"},{"floor":31,"key":"Frozen Egg 2"},{"floor":41,"key":"Art of War"},{"floor":43,"key":"WizardHat"},{"floor":54,"key":"RoseTintedShades"}],"event_choices":[{"damage_healed":0,"gold_gain":0,"player_choice":"Paid Gold","damage_taken":0,"relics_obtained":["Mercury Hourglass"],"max_hp_gain":0,"max_hp_loss":0,"event_name":"WeMeetAgain","floor":4,"gold_loss":87},{"damage_healed":0,"gold_gain":0,"player_choice":"Ignored","damage_taken":0,"max_hp_gain":0,"max_hp_loss":0,"event_name":"Beggar","floor":19,"gold_loss":0},{"damage_healed":0,"gold_gain":0,"player_choice":"2 cards matched","damage_taken":0,"max_hp_gain":0,"max_hp_loss":0,"event_name":"Match and Keep!","floor":20,"gold_loss":0,"cards_obtained":["Guardian:Gem_Red","Guardian:RevengeProtocol"]},{"damage_healed":0,"gold_gain":0,"player_choice":"Bought 1 Potion","damage_taken":0,"max_hp_gain":0,"max_hp_loss":0,"event_name":"The Woman in Blue","floor":36,"gold_loss":0},{"cards_removed":["JA"],"damage_healed":0,"gold_gain":0,"player_choice":"Took Card","damage_taken":0,"max_hp_gain":0,"max_hp_loss":0,"event_name":"NoteForYourself","floor":46,"gold_loss":0,"cards_obtained":["Hololive_FlyingPonyTail"]}],"is_beta":false,"boss_relics":[{"not_picked":["Runic Pyramid","Pandora\u0027s Box"],"picked":"Replay:Wanted Poster"},{"not_picked":["Coffee Dripper","ReplayTheSpireMod:DimensionalGlitch"],"picked":"Replay:Drink Me"}],"items_purged_floors":[48],"is_endless":false,"potions_floor_spawned":[3,8,10,14,16,22,25,27,33,35,44],"ascension_level":0}}