{"host":"edm4685et2490z3f","time":1614088195,"event":{"mods":["BaseMod","Colored Map","Colored Powertips","Downfall","Marisa£®ÏF”Í°°ƒß¿Ì…≥£©","Minty Spire (QoL Compilation)","Replay The Spire","Shop Mod","StSLib","The Administrix","The Servant 0.9.4","UnlockEverythingMod","[IsaacMod]“‘»ˆº‚À˛"],"gold_per_floor":[119,132,142,242,257,365,365,381,381,3,3,3,3,18,18,122,122,157,170,273,273,273],"floor_reached":20,"language":"ZHS","playtime":1387,"items_purged":["downfall:Bewildered"],"score":219,"play_id":"774a4268-ba71-40c5-8b3c-0c41826d870d","local_time":"20210223214955","daily_mods":["Draft","Uncertain Future","downfall:Hexed"],"is_ascension_mode":false,"campfire_choices":[{"floor":7,"key":"REST"},{"floor":12,"key":"RECALL"},{"data":"BloodyBrimstone","floor":15,"key":"SMITH"}],"circlet_count":0,"master_deck":["BloodyBrimstone+1","champ:PerfectedStrike","champ:GutPunch","champ:AdrenalArmor","champ:PreciseThrust","champ:SetATrap","champ:FocusedDefense","champ:FalseCounter","champ:Parry","champ:GutPunch","champ:IronFortress","champ:EnGarde","champ:CrookedStrike","champ:StanceDance","champ:FanOfKnives","champ:PerfectedStrike","champ:Endure","champ:BerserkersShout","champ:GutPunch","champ:BringItOn","champ:Improvising","champ:Circumvent","champ:FaceSlap","champ:PreciseThrust+1","champ:FlashCut","champ:SwordThrow","champ:FancyFootwork","champ:RapidStrikes","champ:Shatter","champ:UltimateStance"],"relics":["HushsDoor","Velvet Choker","Champion Belt","Happy Flower","BloodDonationBag","PillsDrop","MerchantsRug","ReplayTheSpireMod:CursedCoin","Akabeko","BelialBook","m_IronCrown","ChampionBelt","SlaversCollar","GuppysHead","FossilizedHelix","Sling"],"acts_visited":["Exordium","TheCity"],"potions_floor_usage":[4,6,6],"damage_taken":[{"damage":10,"enemies":"Small Slimes","floor":1,"turns":3},{"damage":0,"enemies":"Cultist","floor":2,"turns":2},{"damage":3,"enemies":"Jaw Worm","floor":3,"turns":4},{"damage":26,"enemies":"Jaw Worm","floor":4,"turns":4},{"damage":0,"enemies":"Red Slaver","floor":5,"turns":2},{"damage":38,"enemies":"Lagavulin","floor":6,"turns":5},{"damage":10,"enemies":"Large Slime","floor":8,"turns":3},{"damage":3,"enemies":"Looter","floor":14,"turns":2},{"damage":29,"enemies":"Fading Forest","floor":16,"turns":11},{"damage":53,"enemies":"Slavers","floor":18,"turns":4},{"damage":0,"enemies":"Spheric Guardian","floor":19,"turns":2}],"seed_played":"783532540369979320","potions_obtained":[{"floor":2,"key":"Fire Potion"},{"floor":3,"key":"Regen Potion"},{"floor":5,"key":"Guardian:BlockOnCardUsePotion"},{"floor":14,"key":"Elixir"},{"floor":16,"key":"Fire Potion"}],"is_trial":true,"path_per_floor":["M","M","M","?","M","E","R","M","T","$","?","R","?","M","R","B",null,"M","M","$"],"character_chosen":"THE_CHAMP","items_purchased":["MerchantsRug","champ:PreciseThrust+1","ReplayTheSpireMod:CursedCoin","Akabeko","BelialBook","champ:FancyFootwork","GuppysHead","champ:UltimateStance","Sling"],"campfire_rested":1,"item_purchase_floors":[10,10,10,10,10,17,17,20,20],"current_hp_per_floor":[90,90,87,71,71,37,63,63,63,53,81,81,81,84,84,73,68,49,60,0,0,0],"gold":273,"neow_bonus":"","is_daily":false,"chose_seed":false,"campfire_upgraded":1,"win_rate":0.0,"timestamp":1614088195,"path_taken":["M","M","M","?","M","E","R","M","T","$","?","R","?","M","R","BOSS","M","M","$"],"items_purchased_type":["Relic","Card","Relic","Relic","Relic","Card","Relic","Card","Relic"],"build_version":"2020-12-22","purchased_purges":1,"victory":false,"max_hp_per_floor":[90,90,90,90,87,87,87,84,84,84,84,84,84,84,84,81,68,68,68,68,68,68],"card_choices":[{"not_picked":[],"picked":"BloodyBrimstone","floor":0},{"not_picked":["champ:PreciseThrust","champ:BringItOn"],"picked":"champ:PerfectedStrike","floor":0},{"not_picked":["champ:BringItOn","champ:RisingSlash"],"picked":"champ:GutPunch","floor":0},{"not_picked":["champ:StanceDance","champ:HeartStrike"],"picked":"champ:AdrenalArmor","floor":0},{"not_picked":["champ:GutPunch","champ:Endure"],"picked":"champ:PreciseThrust","floor":0},{"not_picked":["champ:Lariat","champ:Backstep"],"picked":"champ:SetATrap","floor":0},{"not_picked":["champ:TornadoPunch","champ:PerfectedStrike"],"picked":"champ:FocusedDefense","floor":0},{"not_picked":["champ:SwordThrow","champ:FaceSlap"],"picked":"champ:FalseCounter","floor":0},{"not_picked":["champ:GutPunch","champ:FlashCut"],"picked":"champ:Parry","floor":0},{"not_picked":["champ:Endure","champ:EnGarde"],"picked":"champ:GutPunch","floor":0},{"not_picked":["champ:DefensiveShout","champ:FocusedDefense"],"picked":"champ:IronFortress","floor":0},{"not_picked":["champ:Shatter","champ:SetATrap"],"picked":"champ:EnGarde","floor":0},{"not_picked":["champ:EndlessRage","champ:PreciseThrust"],"picked":"champ:CrookedStrike","floor":0},{"not_picked":["champ:EnGarde","champ:ArenaPreparation"],"picked":"champ:StanceDance","floor":0},{"not_picked":["champ:Lariat","champ:EnGarde"],"picked":"champ:FanOfKnives","floor":0},{"not_picked":["champ:ArenaPreparation","champ:CrownThrow"],"picked":"champ:PerfectedStrike","floor":0},{"not_picked":["champ:FlashCut","champ:GutPunch"],"picked":"champ:Endure","floor":1},{"not_picked":["champ:Shatter","champ:PreciseThrust"],"picked":"champ:BerserkersShout","floor":2},{"not_picked":["champ:AdrenalArmor","champ:ArenaPreparation"],"picked":"champ:GutPunch","floor":3},{"not_picked":["champ:AdrenalArmor","champ:TornadoPunch"],"picked":"champ:BringItOn","floor":4},{"not_picked":["champ:PreciseThrust","champ:PerfectedStrike"],"picked":"champ:Improvising","floor":5},{"not_picked":["champ:DefensiveShout","champ:PerfectedStrike"],"picked":"champ:Circumvent","floor":6},{"not_picked":["champ:FanOfKnives","champ:CrownThrow"],"picked":"champ:FaceSlap","floor":8},{"not_picked":["Heavy Blade","champ:RapidStrikes"],"picked":"champ:FlashCut","floor":14},{"not_picked":["Feed","champ:Improvising"],"picked":"champ:SwordThrow","floor":16},{"not_picked":["champ:FocusedDefense","champ:GutPunch"],"picked":"champ:RapidStrikes","floor":18},{"not_picked":["champ:CalledShot","champ:StanceDance"],"picked":"champ:Shatter","floor":19}],"player_experience":50257,"relics_obtained":[{"floor":4,"key":"Champion Belt"},{"floor":6,"key":"Happy Flower"},{"floor":9,"key":"PillsDrop"},{"floor":18,"key":"FossilizedHelix"}],"event_choices":[{"damage_healed":28,"gold_gain":0,"player_choice":"Banana","damage_taken":0,"max_hp_gain":0,"max_hp_loss":0,"event_name":"Big Fish","floor":11,"gold_loss":0}],"is_beta":false,"boss_relics":[{"not_picked":["Coffee Dripper","Busted Crown"],"picked":"Replay:Grab Bag"},{"not_picked":["Sozu","Fusion Hammer"],"picked":"ChampionBelt"},{"not_picked":["ChewingGum","Runic Dome"],"picked":"SlaversCollar"},{"not_picked":[]}],"items_purged_floors":[10],"is_endless":false,"potions_floor_spawned":[2,3,5,14,16],"ascension_level":20}}