{"host":"03jd0k347uuzjnun","time":1614085273,"event":{"mods":["BaseMod","Bestiary","Minty Spire (QoL Compilation)","Permanent Neow","Quick Restart","Random Character Button","Relic Stats"],"gold_per_floor":[215,229,247,262,29,64,64,92,92,92,111,124,142,171,171,171,171],"floor_reached":16,"language":"ENG","playtime":977,"items_purged":["Strike_B"],"score":248,"play_id":"d89adbc9-7280-41be-abe2-fa1e72e691cc","local_time":"20210223140113","is_ascension_mode":true,"campfire_choices":[{"floor":7,"key":"REST"},{"data":"Defragment","floor":15,"key":"SMITH"}],"circlet_count":0,"master_deck":["AscendersBane","Strike_B","Strike_B","Strike_B","Defend_B","Defend_B","Defend_B","Defend_B","Zap","Dualcast","Defragment+1","Reinforced Body","Defragment","BootSequence","Cold Snap","Hologram","Sunder","Storm","Glacier"],"relics":["Cracked Core","ClockworkSouvenir","Blood Vial","Symbiotic Virus","Mummified Hand","InkBottle"],"acts_visited":["Exordium"],"potions_floor_usage":[2,6],"damage_taken":[{"damage":4,"enemies":"Jaw Worm","floor":1,"turns":4},{"damage":1,"enemies":"Cultist","floor":2,"turns":3},{"damage":6,"enemies":"Small Slimes","floor":3,"turns":5},{"damage":3,"enemies":"Blue Slaver","floor":4,"turns":6},{"damage":37,"enemies":"Gremlin Nob","floor":6,"turns":5},{"damage":15,"enemies":"Lagavulin","floor":8,"turns":9},{"damage":3,"enemies":"Lots of Slimes","floor":11,"turns":4},{"damage":4,"enemies":"3 Louse","floor":12,"turns":3},{"damage":0,"enemies":"Looter","floor":13,"turns":2},{"damage":15,"enemies":"3 Sentries","floor":14,"turns":5},{"damage":35,"enemies":"Hexaghost","floor":16,"turns":14}],"seed_played":"6547531561395333625","potions_obtained":[{"floor":1,"key":"Energy Potion"},{"floor":2,"key":"Swift Potion"},{"floor":6,"key":"FearPotion"},{"floor":8,"key":"FairyPotion"},{"floor":10,"key":"Energy Potion"}],"is_trial":false,"path_per_floor":["M","M","M","M","$","E","R","E","T","?","M","M","M","E","R","B"],"character_chosen":"DEFECT","items_purchased":["ClockworkSouvenir"],"campfire_rested":1,"item_purchase_floors":[5],"current_hp_per_floor":[60,59,53,50,50,13,34,21,21,21,20,18,20,7,7,0,0],"gold":171,"neow_bonus":"HUNDRED_GOLD","is_daily":false,"chose_seed":false,"campfire_upgraded":1,"win_rate":0.0,"timestamp":1614085273,"path_taken":["M","M","M","M","$","E","R","E","T","?","M","?","M","E","R","BOSS"],"items_purchased_type":["Relic"],"build_version":"2020-12-22","purchased_purges":1,"victory":false,"max_hp_per_floor":[71,71,71,71,71,71,71,71,71,71,71,71,71,71,71,71,71],"relic_stats":{"Blood Vial":12,"counters":[11,60],"Mummified Hand":[11],"obtain_stats":[{"Blood Vial":6,"Mummified Hand":9,"Cracked Core":0,"Symbiotic Virus":8,"InkBottle":14,"ClockworkSouvenir":5},{"Blood Vial":5,"Mummified Hand":6,"Cracked Core":0,"Symbiotic Virus":6,"InkBottle":10,"ClockworkSouvenir":4},{"Blood Vial":23,"Mummified Hand":32,"Cracked Core":0,"Symbiotic Virus":32,"InkBottle":46,"ClockworkSouvenir":18}],"InkBottle":[3]},"card_choices":[{"not_picked":["Heatsinks","Sweeping Beam"],"picked":"Defragment","floor":1},{"not_picked":["Hologram","White Noise"],"picked":"Reinforced Body","floor":2},{"not_picked":["Storm","Heatsinks"],"picked":"Defragment","floor":3},{"not_picked":["Stack","Leap"],"picked":"BootSequence","floor":4},{"not_picked":["Hologram","Streamline"],"picked":"Cold Snap","floor":6},{"not_picked":["Rip and Tear","Hello World"],"picked":"Hologram","floor":8},{"not_picked":["Go for the Eyes","Hyperbeam","Steam"],"picked":"SKIP","floor":11},{"not_picked":["Streamline","Melter"],"picked":"Sunder","floor":12},{"not_picked":["Melter","Hologram"],"picked":"Storm","floor":13},{"not_picked":["Beam Cell","Steam"],"picked":"Glacier","floor":14}],"player_experience":1443254,"relics_obtained":[{"floor":6,"key":"Blood Vial"},{"floor":8,"key":"Symbiotic Virus"},{"floor":9,"key":"Mummified Hand"},{"floor":14,"key":"InkBottle"}],"event_choices":[{"damage_healed":0,"gold_gain":0,"player_choice":"Got Potions","damage_taken":0,"max_hp_gain":0,"max_hp_loss":0,"event_name":"Lab","floor":10,"gold_loss":0}],"is_beta":false,"boss_relics":[],"items_purged_floors":[5],"is_endless":false,"potions_floor_spawned":[1,2,6,8,12],"killed_by":"Hexaghost","ascension_level":20}}