{"host":"quiy8wyoisq1qqtn","time":1614091061,"event":{"mods":["BaseMod","Downfall","Minty Spire (QoL Compilation)","StSLib"],"gold_per_floor":[99,99,99,118,134,234,302,321,335,23,36,66,66,66,80,184,184,184,184,184,184,195,86,86,86,86,103,103,103,122,150,160,264,264,264,284,295,305,324,424,424,439,467,481,530,97,97,110,127,127],"floor_reached":51,"language":"ZHS","playtime":2930,"items_purged":["Normality","Slimebound:AcidTongue"],"score":841,"play_id":"460de40f-d248-4756-8b62-cd99e96515c4","local_time":"20210223223741","is_ascension_mode":false,"campfire_choices":[{"data":"Slimebound:Split","floor":1.0,"key":"SMITH"},{"data":"Slimebound:DuplicatedForm","floor":13.0,"key":"PURGE"},{"data":"Trip","floor":18.0,"key":"PURGE"},{"floor":25.0,"key":"REST"},{"floor":29.0,"key":"REST"},{"data":"Slimebound:RallyTheTroops","floor":35.0,"key":"PURGE"},{"data":"Slimebound:TongueLash","floor":47,"key":"PURGE"}],"circlet_count":0,"master_deck":["Slimebound:Tackle","Slimebound:Defend_Slimebound","Slimebound:Defend_Slimebound","Slimebound:Defend_Slimebound","Slimebound:Defend_Slimebound","Slimebound:Split+1","Slimebound:CorrosiveSpit","Slimebound:Schlurp","Slimebound:Split","Slimebound:SplitMire","Slimebound:HauntingLick","Slimebound:OneTwoCombo+1","Slimebound:SplitAcid","Slimebound:SlimeTap","Slimebound:Gluttony+1","Slimebound:SlimeBarrage","Slimebound:SplitAcid","Slimebound:ProtectTheBoss+1","Slimebound:SelfFormingGoo+1","Slimebound:ForwardTackle+1","Slimebound:DivideAndConquer","Slimebound:RejuvenatingLick+1","Slimebound:SplitBruiser","expansioncontent:PolyBeam","Slimebound:SamplingLick+1","Slimebound:MassRepurpose","Slimebound:ProtectTheBoss+1","Slimebound:Prepare","Slimebound:SamplingLick+1","Slimebound:SpikyOuterGoop+1","Slimebound:SplitMire","Slimebound:SplitAcid+1"],"relics":["Slimebound:AbsorbEndCombat","Slimebound:ScrapOozeRelic","downfall:GremlinSack","Frozen Egg 2","Runic Pyramid","Slimebound:MaxSlimesRelic","Bag of Preparation","Busted Crown","downfall:GremlinWheel","Thread and Needle","Pocketwatch","Incense Burner","Pen Nib","Lee\u0027s Waffle","Bird Faced Urn"],"acts_visited":["Exordium","TheCity","TheBeyond"],"potions_floor_usage":[44,50],"damage_taken":[{"damage":0.0,"enemies":"2 Louse","floor":4.0,"turns":3.0},{"damage":5.0,"enemies":"Small Slimes","floor":5.0,"turns":4.0},{"damage":26.0,"enemies":"Small Slimes","floor":6.0,"turns":4.0},{"damage":0.0,"enemies":"Cultist","floor":8.0,"turns":3.0},{"damage":17.0,"enemies":"Gremlin Gang","floor":9.0,"turns":4.0},{"damage":0.0,"enemies":"downfall:FleeingMerchant","floor":10.0,"turns":4.0},{"damage":13.0,"enemies":"2 Fungi Beasts","floor":11.0,"turns":3.0},{"damage":0.0,"enemies":"Large Slime","floor":15.0,"turns":3.0},{"damage":27.0,"enemies":"DF_ARCHETYPE_STREAMLINE","floor":16.0,"turns":6.0},{"damage":0.0,"enemies":"Chosen","floor":19.0,"turns":1.0},{"damage":28.0,"enemies":"downfall:LooterAlt2","floor":22.0,"turns":3.0},{"damage":18.0,"enemies":"downfall:FleeingMerchant","floor":23.0,"turns":4.0},{"damage":6.0,"enemies":"downfall:FleeingMerchant","floor":26.0,"turns":5.0},{"damage":15.0,"enemies":"3 Cultists","floor":27.0,"turns":3.0},{"damage":0.0,"enemies":"Cultist and Chosen","floor":30.0,"turns":3.0},{"damage":21.0,"enemies":"Book of Stabbing","floor":31.0,"turns":3.0},{"damage":16.0,"enemies":"Snake Plant","floor":32.0,"turns":3.0},{"damage":0.0,"enemies":"WA_ARCHETYPE_CALM","floor":33.0,"turns":5.0},{"damage":18.0,"enemies":"3 Darklings","floor":36.0,"turns":3.0},{"damage":1.0,"enemies":"Orb Walker","floor":37.0,"turns":3.0},{"damage":0.0,"enemies":"Writhing Mass","floor":38.0,"turns":4.0},{"damage":4.0,"enemies":"Maw","floor":39.0,"turns":5.0},{"damage":0.0,"enemies":"Maw","floor":40.0,"turns":2.0},{"damage":0.0,"enemies":"Spire Growth","floor":42.0,"turns":4.0},{"damage":0.0,"enemies":"Reptomancer","floor":43.0,"turns":6.0},{"damage":10,"enemies":"Jaw Worm Horde","floor":44,"turns":3},{"damage":18,"enemies":"2 Orb Walkers","floor":45,"turns":3},{"damage":0,"enemies":"downfall:FleeingMerchant","floor":46,"turns":2},{"damage":0,"enemies":"Sphere and 2 Shapes","floor":48,"turns":4},{"damage":0,"enemies":"Maw","floor":49,"turns":5},{"damage":0,"enemies":"IC_BLOCK_ARCHETYPE","floor":50,"turns":7}],"seed_played":"2911300413739243466","potions_obtained":[{"floor":4.0,"key":"SteroidPotion"},{"floor":5.0,"key":"Fire Potion"},{"floor":11.0,"key":"CultistPotion"},{"floor":16.0,"key":"Dexterity Potion"},{"floor":22.0,"key":"CultistPotion"},{"floor":31.0,"key":"GamblersBrew"},{"floor":33.0,"key":"Ancient Potion"},{"floor":37.0,"key":"DuplicationPotion"},{"floor":38.0,"key":"EntropicBrew"},{"floor":44,"key":"Energy Potion"},{"floor":48,"key":"FairyPotion"}],"is_trial":false,"path_per_floor":["R","?","?","M","M","?","T","M","M","$","M","?","R","?","M","B",null,"R","M","?","?","M","$","T","R","?","M","?","R","M","E","M","B",null,"R","M","M","M","M","?","T","M","E","M","?","$","R","M","M","B",null],"character_chosen":"SLIMEBOUND","items_purchased":["Slimebound:SlimeTap","Slimebound:Gluttony+1","Slimebound:SlimeBarrage","expansioncontent:PolyBeam","Pen Nib","Fire Potion","Lee\u0027s Waffle","Bird Faced Urn"],"campfire_rested":2,"item_purchase_floors":[10,10,10,23,46,46,46,46],"current_hp_per_floor":[65,65,65,65,62,40,40,44,33,41,30,30,30,30,34,15,65,65,65,65,65,39,29,29,48,50,35,35,54,56,39,27,35,65,65,55,58,64,61,65,65,65,65,63,51,72,72,72,72,72],"gold":127,"neow_bonus":"RANDOM_COMMON_RELIC","is_daily":false,"chose_seed":false,"campfire_upgraded":1,"win_rate":0.0,"timestamp":1614091061,"path_taken":["R","?","?","M","M","?","T","?","M","$","?","?","R","?","M","BOSS","R","M","?","?","?","$","T","R","?","M","?","R","?","E","M","BOSS","R","M","M","M","?","?","T","?","E","M","?","?","R","M","M","BOSS"],"items_purchased_type":["Card","Card","Card","Card","Relic","Potion","Relic","Relic"],"build_version":"2020-12-22","purchased_purges":2,"victory":true,"max_hp_per_floor":[65,65,65,65,65,65,65,65,65,65,65,65,65,65,65,65,65,65,65,65,65,65,65,65,65,65,65,65,65,65,65,65,65,65,65,65,65,65,65,65,65,65,65,65,65,72,72,72,72,72],"card_choices":[{"not_picked":["Slimebound:ItLooksTasty","Slimebound:HauntingLick"],"picked":"Slimebound:AcidTongue","floor":4.0},{"not_picked":["Slimebound:FinishingTackle","Slimebound:LeechEnergy"],"picked":"Slimebound:Schlurp","floor":5.0},{"not_picked":["Slimebound:RollThrough","Slimebound:LivingWall"],"picked":"Slimebound:HauntingLick","floor":6.0},{"not_picked":["Slimebound:HauntingLick","Slimebound:ItLooksTasty"],"picked":"Slimebound:OneTwoCombo","floor":8.0},{"not_picked":["Slimebound:FinishingTackle","Slimebound:DivideAndConquer"],"picked":"Slimebound:SplitAcid","floor":9.0},{"not_picked":["Slimebound:SlimeSpikes","Slimebound:LeechingTouch","Slimebound:ItLooksTasty"],"picked":"SKIP","floor":10.0},{"not_picked":["Slimebound:SplitBruiser","Slimebound:Nibble"],"picked":"Slimebound:SplitAcid","floor":11.0},{"not_picked":["Slimebound:LeechingTouch","Slimebound:SplitBruiser"],"picked":"Slimebound:ProtectTheBoss+1","floor":15.0},{"not_picked":["Slimebound:PrepareCrush","Slimebound:FirmFortitude"],"picked":"Slimebound:SelfFormingGoo+1","floor":16.0},{"not_picked":["Slimebound:GrowthPunch","Slimebound:TongueLash"],"picked":"Slimebound:ForwardTackle+1","floor":19.0},{"not_picked":["Slimebound:LivingWall","Slimebound:GoopTackle"],"picked":"Slimebound:RejuvenatingLick+1","floor":22.0},{"not_picked":["Slimebound:HauntingLick","Slimebound:LivingWall"],"picked":"Slimebound:SplitBruiser","floor":23.0},{"not_picked":["Slimebound:SplitBruiser","Slimebound:LeechEnergy"],"picked":"Slimebound:SamplingLick+1","floor":27.0},{"not_picked":["Slimebound:SplitLeeching","Slimebound:SpikyOuterGoop+1"],"picked":"Slimebound:MassRepurpose","floor":30.0},{"not_picked":["Slimebound:HauntingLick+1","Slimebound:TongueLash+1"],"picked":"Slimebound:ProtectTheBoss+1","floor":31.0},{"not_picked":["Slimebound:RollThrough","Slimebound:Schlurp"],"picked":"Slimebound:Prepare","floor":32.0},{"not_picked":["Slimebound:FirmFortitude","Slimebound:SlimeSlap"],"picked":"Slimebound:RallyTheTroops","floor":33.0},{"not_picked":["Slimebound:LeechEnergy+1"],"picked":"SKIP","floor":36.0},{"not_picked":[],"picked":"Slimebound:SamplingLick+1","floor":37.0},{"not_picked":["Slimebound:GoopSpray"],"picked":"SKIP","floor":38.0},{"not_picked":[],"picked":"Slimebound:SpikyOuterGoop+1","floor":39.0},{"not_picked":["Slimebound:GrowthPunch"],"picked":"SKIP","floor":42.0},{"not_picked":["Slimebound:LeechingTouch"],"picked":"SKIP","floor":43.0},{"not_picked":[],"picked":"Slimebound:SplitMire","floor":44},{"not_picked":["Slimebound:Equalize"],"picked":"SKIP","floor":46},{"not_picked":["Slimebound:GoopSpray"],"picked":"SKIP","floor":48},{"not_picked":[],"picked":"Slimebound:SplitAcid+1","floor":49}],"player_experience":462767,"relics_obtained":[{"floor":6.0,"key":"downfall:GremlinSack"},{"floor":7.0,"key":"Frozen Egg 2"},{"floor":24.0,"key":"Slimebound:MaxSlimesRelic"},{"floor":31.0,"key":"Bag of Preparation"},{"floor":40.0,"key":"downfall:GremlinWheel"},{"floor":41.0,"key":"Thread and Needle"},{"floor":43.0,"key":"Pocketwatch"},{"floor":45,"key":"Incense Burner"}],"event_choices":[{"cards_removed":["Slimebound:Strike_Slimebound"],"damage_healed":0.0,"max_hp_gain":0.0,"max_hp_loss":0.0,"gold_gain":0.0,"event_name":"The Cleric","player_choice":"Card Removal","floor":2.0,"gold_loss":0.0,"damage_taken":0.0},{"damage_healed":0.0,"max_hp_gain":0.0,"max_hp_loss":0.0,"gold_gain":0.0,"event_name":"The Library","player_choice":"Read","floor":20.0,"gold_loss":0.0,"damage_taken":0.0,"cards_obtained":["Slimebound:DivideAndConquer"]},{"damage_healed":0.0,"max_hp_gain":0.0,"max_hp_loss":0.0,"gold_gain":0.0,"event_name":"Accursed Blacksmith","player_choice":"Forge","floor":21.0,"gold_loss":0.0,"damage_taken":0.0,"cards_upgraded":["Slimebound:OneTwoCombo"]},{"damage_healed":0,"gold_gain":0,"player_choice":"Fight","damage_taken":0,"max_hp_gain":0,"max_hp_loss":0,"event_name":"Mysterious Sphere","floor":45,"gold_loss":0}],"is_beta":false,"boss_relics":[{"not_picked":["Snecko Eye","Sozu"],"picked":"Runic Pyramid"},{"not_picked":["bronze:MakeshiftBattery","Slimebound:TarBlob"],"picked":"Busted Crown"}],"items_purged_floors":[10,46],"is_endless":false,"potions_floor_spawned":[4,5,11,16,22,26,31,33,37,38,43,44,48,49],"ascension_level":0}}