{"host":"iv24d026eac8pm4e","time":1614106168,"event":{"mods":["BaseMod","Minty Spire (QoL Compilation)"],"gold_per_floor":[119,15,15,29,29,29,63,28,28,28,28,44,67,82,82,178,178,199,224,224,245,263,306,306,306,306,306,64,80,124,140,140,233,233,254,270,270,283,303,343,343,374,374,374,374],"floor_reached":44,"language":"ENG","playtime":2662,"items_purged":["Strike_G"],"score":1141,"play_id":"6ba5fcc3-8719-4bae-a843-cc18f014b9e5","local_time":"20210223104928","is_ascension_mode":true,"campfire_choices":[{"data":"Footwork","floor":6,"key":"SMITH"},{"data":"Neutralize","floor":11,"key":"SMITH"},{"data":"Bouncing Flask","floor":15,"key":"SMITH"},{"data":"Envenom","floor":25,"key":"SMITH"},{"data":"Adrenaline","floor":32,"key":"SMITH"},{"floor":41,"key":"RECALL"}],"circlet_count":0,"master_deck":["AscendersBane","Strike_G","Strike_G","Defend_G","Defend_G","Defend_G","Defend_G+1","Defend_G+1","Survivor","Neutralize+1","Dagger Spray+1","Dagger Throw","Footwork+1","Skewer+1","Bouncing Flask+1","Backflip","Die Die Die","CurseOfTheBell","Deflect+1","Prepared+1","Riddle With Holes","Adrenaline+1","Reflex","Blur","Envenom+1","Writhe","Necronomicurse","Footwork","Panache","Underhanded Strike","Noxious Fumes","Caltrops","Venomology","PiercingWail","PiercingWail","Adrenaline"],"relics":["Ring of the Snake","NeowsBlessing","Mercury Hourglass","Golden Idol","Meat on the Bone","Bottled Flame","Anchor","Calling Bell","Dead Branch","War Paint","Sundial","Darkstone Periapt","Question Card","The Courier","Necronomicon","Bronze Scales","Runic Pyramid","Pen Nib","Prayer Wheel"],"acts_visited":["Exordium","TheCity","TheBeyond"],"potions_floor_usage":[16,18,21,23,33,35,36,38,39,39,40,42,44,44,44],"damage_taken":[{"damage":0,"enemies":"Cultist","floor":1,"turns":1},{"damage":0,"enemies":"Small Slimes","floor":4,"turns":1},{"damage":0,"enemies":"3 Sentries","floor":7,"turns":1},{"damage":0,"enemies":"Jaw Worm","floor":12,"turns":3},{"damage":10,"enemies":"Exordium Wildlife","floor":14,"turns":3},{"damage":1,"enemies":"Hexaghost","floor":16,"turns":7},{"damage":1,"enemies":"2 Thieves","floor":18,"turns":2},{"damage":0,"enemies":"3 Byrds","floor":19,"turns":4},{"damage":13,"enemies":"Sentry and Sphere","floor":21,"turns":7},{"damage":7,"enemies":"Cultist and Chosen","floor":22,"turns":5},{"damage":17,"enemies":"Book of Stabbing","floor":23,"turns":7},{"damage":0,"enemies":"Snecko","floor":29,"turns":4},{"damage":0,"enemies":"Gremlin Leader","floor":30,"turns":7},{"damage":0,"enemies":"Shelled Parasite and Fungi","floor":31,"turns":3},{"damage":32,"enemies":"Collector","floor":33,"turns":10},{"damage":5,"enemies":"3 Shapes","floor":35,"turns":6},{"damage":6,"enemies":"3 Darklings","floor":36,"turns":3},{"damage":0,"enemies":"Maw","floor":38,"turns":7},{"damage":0,"enemies":"Sphere and 2 Shapes","floor":39,"turns":8},{"damage":22,"enemies":"Nemesis","floor":40,"turns":9},{"damage":34,"enemies":"Reptomancer","floor":42,"turns":8},{"damage":72,"enemies":"Giant Head","floor":44,"turns":6}],"seed_played":"-2468273191145041770","potions_obtained":[{"floor":1,"key":"LiquidMemories"},{"floor":7,"key":"AttackPotion"},{"floor":16,"key":"AttackPotion"},{"floor":19,"key":"DistilledChaos"},{"floor":22,"key":"EssenceOfSteel"},{"floor":29,"key":"SkillPotion"},{"floor":33,"key":"SteroidPotion"},{"floor":36,"key":"GamblersBrew"},{"floor":42,"key":"LiquidMemories"}],"is_trial":false,"path_per_floor":["M","$","T","M","?","R","E","?","T","?","R","M","T","M","R","B",null,"M","M","?","M","M","E","?","R","T","?","$","M","E","M","R","B",null,"M","M","?","M","M","E","R","E","T","E"],"character_chosen":"THE_SILENT","items_purchased":["Dagger Throw","Footwork","Panache"],"campfire_rested":0,"item_purchase_floors":[2,28,28],"current_hp_per_floor":[59,59,59,59,36,36,36,52,52,32,32,44,44,34,34,45,61,60,60,60,47,40,35,41,41,41,26,26,38,50,50,50,30,66,61,55,55,55,55,45,45,23,23,0,0],"gold":374,"neow_bonus":"THREE_ENEMY_KILL","is_daily":false,"chose_seed":false,"campfire_upgraded":5,"win_rate":0.0,"timestamp":1614106168,"path_taken":["M","$","?","M","?","R","E","?","T","?","R","?","?","M","R","BOSS","M","M","?","M","M","E","?","R","T","?","$","M","E","M","R","BOSS","M","M","?","?","M","E","R","E","T","E"],"items_purchased_type":["Card","Card","Card"],"build_version":"2020-12-22","purchased_purges":1,"victory":false,"max_hp_per_floor":[66,66,66,66,66,66,66,66,66,66,66,66,66,66,66,66,66,66,66,66,66,66,66,72,72,72,78,78,78,78,78,78,78,78,78,78,78,78,78,78,78,78,78,78,78],"card_choices":[{"not_picked":["Reflex","Dodge and Roll"],"picked":"Dagger Spray","floor":1},{"not_picked":["Dagger Throw","Quick Slash"],"picked":"Footwork","floor":4},{"not_picked":["Flying Knee","Night Terror"],"picked":"Skewer","floor":7},{"not_picked":["Eviscerate","Acrobatics"],"picked":"Bouncing Flask","floor":12},{"not_picked":["Sucker Punch","Prepared"],"picked":"Backflip","floor":14},{"not_picked":["Grand Finale","Doppelganger"],"picked":"Die Die Die","floor":16},{"not_picked":["Deadly Poison","Flying Knee"],"picked":"Deflect+1","floor":18},{"not_picked":["Eviscerate","Bane"],"picked":"Prepared","floor":19},{"not_picked":["Caltrops","Slice"],"picked":"Reflex","floor":21},{"not_picked":["Reflex","Finisher"],"picked":"Blur","floor":22},{"not_picked":["Backflip","Prepared"],"picked":"Envenom","floor":23},{"not_picked":["All Out Attack","Masterful Stab","Concentrate"],"picked":"Underhanded Strike","floor":29},{"not_picked":["Escape Plan","Dagger Throw","Bane"],"picked":"Noxious Fumes","floor":30},{"not_picked":["Masterful Stab","Underhanded Strike","Endless Agony"],"picked":"Caltrops","floor":31},{"not_picked":["Night Terror","A Thousand Cuts","Die Die Die"],"picked":"Venomology","floor":33},{"not_picked":["Deflect","Slice","Backflip","Terror"],"picked":"SKIP","floor":35},{"not_picked":["Sucker Punch+1","Escape Plan","Dagger Spray"],"picked":"PiercingWail","floor":36},{"not_picked":["Deflect","Dodge and Roll","Quick Slash+1"],"picked":"PiercingWail","floor":38},{"not_picked":["Deadly Poison","Dagger Spray","Deflect","Skewer+1"],"picked":"SKIP","floor":39},{"not_picked":["Dagger Spray","Dodge and Roll","Cloak And Dagger","Deflect"],"picked":"SKIP","floor":40},{"not_picked":["Terror+1","Caltrops+1","Bouncing Flask"],"picked":"Adrenaline","floor":42}],"player_experience":2605182,"relics_obtained":[{"floor":3,"key":"Mercury Hourglass"},{"floor":7,"key":"Meat on the Bone"},{"floor":9,"key":"Bottled Flame"},{"floor":13,"key":"Anchor"},{"floor":17,"key":"Dead Branch"},{"floor":17,"key":"War Paint"},{"floor":17,"key":"Sundial"},{"floor":23,"key":"Darkstone Periapt"},{"floor":26,"key":"The Courier"},{"floor":27,"key":"Necronomicon"},{"floor":30,"key":"Bronze Scales"},{"floor":40,"key":"Pen Nib"},{"floor":42,"key":"Prayer Wheel"}],"event_choices":[{"damage_healed":0,"gold_gain":0,"player_choice":"Take Damage","damage_taken":23,"relics_obtained":["Golden Idol"],"max_hp_gain":0,"max_hp_loss":0,"event_name":"Golden Idol","floor":5,"gold_loss":0},{"damage_healed":16,"gold_gain":0,"player_choice":"Healed","damage_taken":0,"max_hp_gain":0,"max_hp_loss":0,"event_name":"The Cleric","floor":8,"gold_loss":35},{"damage_healed":0,"gold_gain":0,"player_choice":"Entered Light","damage_taken":20,"max_hp_gain":0,"max_hp_loss":0,"event_name":"Shining Light","floor":10,"gold_loss":0,"cards_upgraded":["Dagger Spray","Skewer"]},{"damage_healed":0,"gold_gain":0,"cards_transformed":["Strike_G","Strike_G"],"player_choice":"Became Test Subject","damage_taken":0,"max_hp_gain":0,"max_hp_loss":0,"event_name":"Drug Dealer","floor":20,"gold_loss":0,"cards_obtained":["Riddle With Holes","Adrenaline"]},{"damage_healed":0,"gold_gain":0,"player_choice":"Opened","damage_taken":0,"relics_obtained":["Question Card"],"max_hp_gain":0,"max_hp_loss":0,"event_name":"The Mausoleum","floor":24,"gold_loss":0,"cards_obtained":["Writhe"]},{"damage_healed":0,"gold_gain":0,"player_choice":"Obtained Book","damage_taken":21,"max_hp_gain":0,"max_hp_loss":0,"event_name":"Cursed Tome","floor":27,"gold_loss":0},{"damage_healed":0,"gold_gain":0,"player_choice":"Upgraded","damage_taken":0,"max_hp_gain":0,"max_hp_loss":0,"event_name":"Upgrade Shrine","floor":37,"gold_loss":0,"cards_upgraded":["Prepared"]}],"is_beta":false,"boss_relics":[{"not_picked":["Tiny House","Runic Dome"],"picked":"Calling Bell"},{"not_picked":["Astrolabe","SacredBark"],"picked":"Runic Pyramid"}],"items_purged_floors":[2],"is_endless":false,"potions_floor_spawned":[1,7,16,19,22,29,30,33,36,38,42],"killed_by":"Giant Head","ascension_level":20}}