{"host":"8f5cu9y0fpol72qs","time":1614050319,"event":{"mods":["AlwaysNeverKeys","BaseMod","Colored Map","Colored Powertips","Curses Come First","Highlight Path","Key Reminder","Minty Spire (QoL Compilation)","StSLib"],"gold_per_floor":[17,35,46,66,116,116,149,149,173,200,210,223,241,271,271,271,271],"floor_reached":16,"language":"ENG","playtime":867,"items_purged":[],"score":248,"play_id":"80078eab-5374-4321-9b2b-939d3350155e","local_time":"20210222191839","is_ascension_mode":true,"campfire_choices":[{"data":"Neutralize","floor":6,"key":"SMITH"},{"floor":8,"key":"REST"},{"data":"Phantasmal Killer","floor":15,"key":"SMITH"}],"circlet_count":0,"master_deck":["AscendersBane","Strike_G","Strike_G","Strike_G","Strike_G","Strike_G","Defend_G","Defend_G","Defend_G","Defend_G","Defend_G","Survivor","Neutralize+1","Predator","Cloak And Dagger","All Out Attack","Dagger Throw","Leg Sweep","Skewer","Dash","Phantasmal Killer+1"],"relics":["Ring of the Snake","Smiling Mask","Vajra","Dream Catcher","Nunchaku"],"acts_visited":["Exordium"],"potions_floor_usage":[4,10,14,16],"damage_taken":[{"damage":10,"enemies":"Cultist","floor":1,"turns":5},{"damage":0,"enemies":"Jaw Worm","floor":2,"turns":4},{"damage":7,"enemies":"Small Slimes","floor":3,"turns":3},{"damage":0,"enemies":"Gremlin Gang","floor":4,"turns":2},{"damage":27,"enemies":"3 Sentries","floor":7,"turns":9},{"damage":8,"enemies":"Gremlin Nob","floor":10,"turns":3},{"damage":1,"enemies":"Blue Slaver","floor":11,"turns":3},{"damage":0,"enemies":"Large Slime","floor":12,"turns":4},{"damage":0,"enemies":"Looter","floor":13,"turns":3},{"damage":11,"enemies":"Lagavulin","floor":14,"turns":7},{"damage":33,"enemies":"Hexaghost","floor":16,"turns":9}],"seed_played":"-6580593000408391726","potions_obtained":[{"floor":2,"key":"FearPotion"},{"floor":3,"key":"Explosive Potion"},{"floor":4,"key":"SmokeBomb"},{"floor":12,"key":"Energy Potion"},{"floor":13,"key":"LiquidMemories"}],"is_trial":false,"path_per_floor":["M","M","M","M","?","R","E","R","T","E","M","M","M","E","R","B"],"character_chosen":"THE_SILENT","items_purchased":[],"campfire_rested":1,"item_purchase_floors":[],"current_hp_per_floor":[61,61,54,54,54,54,27,50,50,42,41,41,41,30,30,0,0],"gold":271,"neow_bonus":"TWENTY_PERCENT_HP_BONUS","is_daily":false,"chose_seed":false,"campfire_upgraded":2,"win_rate":0.0,"timestamp":1614050319,"path_taken":["M","M","M","M","?","R","E","R","T","E","M","M","M","E","R","BOSS"],"items_purchased_type":[],"build_version":"2020-12-22","purchased_purges":0,"victory":false,"max_hp_per_floor":[78,78,78,78,78,78,78,78,78,78,78,78,78,78,78,78,78],"card_choices":[{"not_picked":["Dagger Throw","PiercingWail"],"picked":"Predator","floor":1},{"not_picked":["Finisher","Outmaneuver"],"picked":"Cloak And Dagger","floor":2},{"not_picked":["Finisher","Dodge and Roll"],"picked":"All Out Attack","floor":3},{"not_picked":["Predator","Underhanded Strike"],"picked":"Dagger Throw","floor":4},{"not_picked":["Unload","Concentrate"],"picked":"Leg Sweep","floor":7},{"not_picked":["Flying Knee","Dagger Throw"],"picked":"Skewer","floor":10},{"not_picked":["Infinite Blades","Eviscerate","Masterful Stab"],"picked":"SKIP","floor":11},{"not_picked":["Dodge and Roll","Sucker Punch"],"picked":"Dash","floor":12},{"not_picked":["Prepared","Sucker Punch","Dagger Throw"],"picked":"SKIP","floor":13},{"not_picked":["Dagger Throw","PiercingWail"],"picked":"Phantasmal Killer","floor":14}],"player_experience":1125925,"relics_obtained":[{"floor":7,"key":"Smiling Mask"},{"floor":9,"key":"Vajra"},{"floor":10,"key":"Dream Catcher"},{"floor":14,"key":"Nunchaku"}],"event_choices":[{"damage_healed":0,"gold_gain":50,"player_choice":"Pray","damage_taken":0,"max_hp_gain":0,"max_hp_loss":0,"event_name":"Golden Shrine","floor":5,"gold_loss":0}],"is_beta":false,"boss_relics":[],"items_purged_floors":[],"is_endless":false,"potions_floor_spawned":[2,3,4,12,13],"killed_by":"Hexaghost","ascension_level":20}}