{"host":"ajak9mjnql5yolum","time":1614112152,"event":{"mods":["BaseMod","Better Match","Better Note","Block Reminder","Colored Powertips","Fox Events","Minty Spire (QoL Compilation)","Shop Mod","StSLib"],"gold_per_floor":[144,189,169,19,64,154,166,178,190,277,25,25,200,11,11,311,311,356,316,361,361,361,451,451,451,451,496,18,63,63,153,153,453,453,498,498,648,648,8,8,53,78,78,78,78,123,51,51,51,51],"floor_reached":51,"language":"ENG","playtime":2146,"items_purged":["Doubt","Pain"],"score":875,"play_id":"bbcb6483-0f11-4967-b028-aab1931a1ce9","local_time":"20210223142912","daily_mods":["Draft","Flight","Midas"],"is_ascension_mode":false,"campfire_choices":[{"floor":12,"key":"REST"},{"floor":15,"key":"REST"},{"floor":24,"key":"REST"},{"floor":25,"key":"REST"},{"floor":30,"key":"REST"},{"floor":32,"key":"REST"},{"floor":40,"key":"REST"},{"floor":45,"key":"REST"},{"floor":49,"key":"REST"}],"circlet_count":0,"master_deck":["Thunderclap","Armaments","Heavy Blade","Infernal Blade","Iron Wave","Pommel Strike","Pummel","Cleave+1","Anger","Iron Wave+1","Uppercut+1","Perfected Strike","Anger","Armaments","Flex","Spot Weakness","Hemokinesis","Offering","Shrug It Off+1","Rampage+1","Warcry+1","Heavy Blade+1","Evolve+1","Seeing Red","Reckless Charge+1","Anger+1","Carnage+1","Jack Of All Trades","Uppercut+1","Demon Form","Heavy Blade+1","Feed+1","Thunderclap+1","Armaments+1","Enlightenment+1","Inflame","Anger+1","Iron Wave+1","Infernal Blade+1","Iron Wave+1","Inflame","Dual Wield+1","Body Slam+1","Parasite","Twin Strike+1","Immolate+1"],"relics":["Burning Blood","Strange Spoon","Centennial Puzzle","ClockworkSouvenir","MerchantsRug","InkBottle","Molten Egg 2","FossilizedHelix","Toxic Egg 2","SlaversCollar","Calipers","WarpedTongs","Vajra","Akabeko","Singing Bowl"],"acts_visited":["Exordium","TheCity","TheBeyond"],"potions_floor_usage":[16,18,23,31,33,33,33,46,50,50,50],"damage_taken":[{"damage":0.0,"enemies":"Jaw Worm","floor":1.0,"turns":2.0},{"damage":1,"enemies":"Cultist","floor":2,"turns":3},{"damage":0,"enemies":"2 Louse","floor":5,"turns":2},{"damage":16,"enemies":"Gremlin Nob","floor":6,"turns":3},{"damage":28,"enemies":"Hexaghost","floor":16,"turns":5},{"damage":0,"enemies":"Chosen","floor":18,"turns":4},{"damage":20,"enemies":"Shell Parasite","floor":20,"turns":4},{"damage":29,"enemies":"Gremlin Leader","floor":23,"turns":3},{"damage":19,"enemies":"Centurion and Healer","floor":27,"turns":6},{"damage":13,"enemies":"Shelled Parasite and Fungi","floor":29,"turns":4},{"damage":6,"enemies":"Slavers","floor":31,"turns":3},{"damage":70,"enemies":"Collector","floor":33,"turns":7},{"damage":15,"enemies":"Orb Walker","floor":35,"turns":2},{"damage":36,"enemies":"Mind Bloom Boss Battle","floor":37,"turns":4},{"damage":16,"enemies":"3 Darklings","floor":41,"turns":4},{"damage":10,"enemies":"Writhing Mass","floor":46,"turns":3},{"damage":75,"enemies":"Awakened One","floor":50,"turns":6}],"seed_played":"-7386017133472573341","potions_obtained":[{"floor":1.0,"key":"DistilledChaos"},{"floor":2,"key":"Dexterity Potion"},{"floor":3,"key":"Dexterity Potion"},{"floor":18,"key":"Fruit Juice"},{"floor":23,"key":"Fruit Juice"},{"floor":29,"key":"Energy Potion"},{"floor":31,"key":"Weak Potion"},{"floor":33,"key":"ColorlessPotion"},{"floor":37,"key":"SkillPotion"},{"floor":46,"key":"SteroidPotion"}],"is_trial":false,"path_per_floor":["M","M","?","$","M","E","?","?","T","?","$","R","?","$","R","B",null,"M","?","M","?","?","E","R","R","T","M","$","M","R","E","R","B",null,"M","?","?","?","$","R","M","T","T","?","R","M","$","?","R","B",null],"character_chosen":"IRONCLAD","items_purchased":["Strange Spoon","ClockworkSouvenir","Searing Blow","Hemokinesis","MerchantsRug","FossilizedHelix","Carnage+1","Jack Of All Trades","Uppercut+1","Enlightenment+1","Vajra","Inflame","Orrery","BloodPotion","Dual Wield+1","Immolate+1"],"campfire_rested":9,"item_purchase_floors":[4,11,11,11,14,28,28,28,28,39,39,39,39,39,39,47],"current_hp_per_floor":[80,80,80,80,80,70,54,59,59,48,48,73,73,73,85,63,85,90,90,76,76,76,58,86,95,95,82,82,75,95,95,95,31,95,86,86,56,56,56,84,74,74,74,74,95,91,91,95,95,45],"gold":51,"neow_bonus":"","is_daily":true,"chose_seed":false,"campfire_upgraded":0,"win_rate":0.0,"timestamp":1614112152,"path_taken":["M","M","?","$","?","E","?","?","T","?","?","R","?","?","R","BOSS","M","?","?","?","?","E","R","R","T","?","$","M","R","E","R","BOSS","M","?","?","?","$","R","?","?","T","?","R","?","$","?","R","BOSS"],"items_purchased_type":["Relic","Relic","Card","Card","Relic","Relic","Card","Card","Card","Card","Relic","Card","Relic","Potion","Card","Card"],"build_version":"2020-12-22","purchased_purges":2,"victory":true,"max_hp_per_floor":[80,80,80,80,80,80,80,85,85,85,85,85,85,85,85,85,85,90,90,90,90,90,95,95,95,95,95,95,95,95,95,95,95,95,95,95,95,95,95,95,95,95,95,95,95,95,95,95,95,95],"card_choices":[{"not_picked":["Entrench","Spot Weakness"],"picked":"Thunderclap","floor":0.0},{"not_picked":["True Grit","Evolve"],"picked":"Battle Trance","floor":0.0},{"not_picked":["Body Slam","Iron Wave"],"picked":"Armaments","floor":0.0},{"not_picked":["Searing Blow","Flame Barrier"],"picked":"Shrug It Off","floor":0.0},{"not_picked":["Flex","Shockwave"],"picked":"Heavy Blade","floor":0.0},{"not_picked":["Clash","Heavy Blade"],"picked":"Wild Strike","floor":0.0},{"not_picked":["Flex","Thunderclap"],"picked":"Infernal Blade","floor":0.0},{"not_picked":["Heavy Blade","Body Slam"],"picked":"Iron Wave","floor":0.0},{"not_picked":["True Grit","Rampage"],"picked":"Pommel Strike","floor":0.0},{"not_picked":["Reckless Charge","Headbutt"],"picked":"Pummel","floor":0.0},{"not_picked":["Flex","Body Slam"],"picked":"Cleave","floor":0.0},{"not_picked":["Perfected Strike","Heavy Blade"],"picked":"Anger","floor":0.0},{"not_picked":["Heavy Blade","Warcry"],"picked":"Iron Wave","floor":0.0},{"not_picked":["Pommel Strike","Battle Trance"],"picked":"Uppercut","floor":0.0},{"not_picked":["True Grit","Headbutt"],"picked":"Perfected Strike","floor":0.0},{"not_picked":["Heavy Blade","Sword Boomerang"],"picked":"Anger","floor":1.0},{"not_picked":["Entrench","Shrug It Off"],"picked":"Armaments","floor":2},{"not_picked":["True Grit","Battle Trance"],"picked":"Flex","floor":5},{"not_picked":["Shrug It Off","Perfected Strike"],"picked":"Spot Weakness","floor":6},{"not_picked":["Reaper","Exhume"],"picked":"Offering","floor":16},{"not_picked":["Thunderclap","Dropkick"],"picked":"Heavy Blade","floor":18},{"not_picked":["Sword Boomerang","Havoc"],"picked":"Evolve+1","floor":20},{"not_picked":["Body Slam","Cleave"],"picked":"Reckless Charge+1","floor":23},{"not_picked":["Flex","Perfected Strike+1"],"picked":"Anger+1","floor":27},{"not_picked":["Wild Strike+1","Sentinel"],"picked":"Demon Form","floor":29},{"not_picked":["Headbutt+1","Sword Boomerang+1"],"picked":"Heavy Blade+1","floor":31},{"not_picked":["Brutality","Limit Break+1"],"picked":"Feed+1","floor":33},{"not_picked":["Power Through+1","True Grit+1"],"picked":"Thunderclap+1","floor":35},{"not_picked":["Pommel Strike+1","Havoc+1"],"picked":"Armaments+1","floor":37},{"not_picked":["Flame Barrier+1","Barricade"],"picked":"Anger+1","floor":39},{"not_picked":["Thunderclap+1","Shrug It Off+1"],"picked":"Iron Wave+1","floor":39},{"not_picked":["Headbutt+1","Pommel Strike+1"],"picked":"Infernal Blade+1","floor":39},{"not_picked":["Sword Boomerang+1","Hemokinesis+1"],"picked":"Iron Wave+1","floor":39},{"not_picked":["Sword Boomerang+1","Body Slam+1"],"picked":"Inflame","floor":39},{"not_picked":["Battle Trance+1","Hemokinesis+1"],"picked":"Body Slam+1","floor":41},{"not_picked":["Headbutt+1","Pommel Strike+1"],"picked":"Twin Strike+1","floor":46}],"player_experience":432503,"relics_obtained":[{"floor":6,"key":"MawBank"},{"floor":9,"key":"Centennial Puzzle"},{"floor":23,"key":"InkBottle"},{"floor":26,"key":"Molten Egg 2"},{"floor":31,"key":"Toxic Egg 2"},{"floor":37,"key":"Calipers"},{"floor":42,"key":"Akabeko"},{"floor":43,"key":"Singing Bowl"}],"event_choices":[{"damage_healed":0,"gold_gain":0,"player_choice":"Bought 1 Potion","damage_taken":0,"max_hp_gain":0,"max_hp_loss":0,"event_name":"The Woman in Blue","floor":3,"gold_loss":0},{"damage_healed":0,"gold_gain":0,"player_choice":"Entered Light","damage_taken":16,"max_hp_gain":0,"max_hp_loss":0,"event_name":"Shining Light","floor":7,"gold_loss":0,"cards_upgraded":["Uppercut","Iron Wave"]},{"damage_healed":0,"gold_gain":0,"player_choice":"Donut","damage_taken":0,"max_hp_gain":5,"max_hp_loss":0,"event_name":"Big Fish","floor":8,"gold_loss":0},{"damage_healed":0,"gold_gain":75,"player_choice":"Gather Gold","damage_taken":11,"max_hp_gain":0,"max_hp_loss":0,"event_name":"World of Goop","floor":10,"gold_loss":0},{"damage_healed":0,"gold_gain":175,"player_choice":"AGREE","damage_taken":0,"max_hp_gain":0,"max_hp_loss":0,"event_name":"Liars Game","floor":13,"gold_loss":0,"cards_obtained":["Doubt"]},{"damage_healed":0,"gold_gain":0,"player_choice":"Upgraded Two","damage_taken":0,"max_hp_gain":0,"max_hp_loss":0,"event_name":"Designer","floor":19,"gold_loss":40,"cards_upgraded":["Cleave","Heavy Blade"]},{"damage_healed":0,"gold_gain":0,"player_choice":"Read","damage_taken":0,"max_hp_gain":0,"max_hp_loss":0,"event_name":"The Library","floor":21,"gold_loss":0,"cards_obtained":["Seeing Red"]},{"damage_healed":0,"gold_gain":0,"player_choice":"Ignored","damage_taken":0,"max_hp_gain":0,"max_hp_loss":0,"event_name":"Transmorgrifier","floor":22,"gold_loss":0},{"damage_healed":0,"gold_gain":0,"player_choice":"Ignored","damage_taken":0,"max_hp_gain":0,"max_hp_loss":0,"event_name":"Tomb of Lord Red Mask","floor":36,"gold_loss":0},{"damage_healed":0,"gold_gain":0,"player_choice":"Fight","damage_taken":0,"max_hp_gain":0,"max_hp_loss":0,"event_name":"MindBloom","floor":37,"gold_loss":0},{"damage_healed":0,"gold_gain":0,"player_choice":"Rummage","damage_taken":0,"relics_obtained":["WarpedTongs"],"max_hp_gain":0,"max_hp_loss":0,"event_name":"Accursed Blacksmith","floor":38,"gold_loss":0,"cards_obtained":["Pain"]},{"cards_removed":["Shrug It Off"],"damage_healed":0,"gold_gain":0,"player_choice":"Removed Skill","damage_taken":0,"max_hp_gain":0,"max_hp_loss":0,"event_name":"Falling","floor":44,"gold_loss":0}],"is_beta":false,"boss_relics":[{"not_picked":["Sozu","Snecko Eye"],"picked":"Astrolabe"},{"not_picked":["Black Star","Tiny House"],"picked":"SlaversCollar"}],"items_purged_floors":[14,39],"is_endless":false,"potions_floor_spawned":[1,2,18,23,29,31,33,37,46],"ascension_level":0}}