{"host":"mp4nw1ahnxiisuiw","time":1614098990,"event":{"mods":["AchievementEnabler","BaseMod","Better Note","Block Reminder","Colored Map","Colored Powertips","Curses Come First","DeckTracker","Dio Mod","Hero for Fun","Highlight Path","Koishi","Marisa????????","Minty Spire (QoL Compilation)","Permanent Neow","Quick Restart","Rare Cards Sparkle","Relic Sorter","Relic Stats","Remilia??????","Small Relic Pack","Spikes Relics","StSLib","Td1madao Mod","The Animator","The Bug Knight","Waifu the Spire"],"gold_per_floor":[12,12,23,23,123,123,123,140,164,219,234,95,95,152,152,249,274,292,292,309,322,334,391,2281,2292,2617,2767,2818,2835,2885,2905,2905,3005,3030,3050,2280,2295,2305,1325,1325,1325],"floor_reached":40,"language":"ENG","playtime":722,"items_purged":["Toss_Stone+1","Yawn"],"score":858,"play_id":"f23f3399-c7a1-4288-a147-d42e1d127f85","local_time":"20210223174950","is_ascension_mode":false,"campfire_choices":[{"floor":6,"key":"RECALL"},{"data":"Retrieval Recycling","floor":13,"key":"SMITH"},{"data":"animator:Gilgamesh+2","floor":15,"key":"SMITH"},{"floor":32,"key":"REST"}],"circlet_count":0,"master_deck":["Slap+1","Do_Nothing+1","Hop","relicPack:TruthCard","animator:Gilgamesh+11","Hyperbeam","Retrieval Recycling+1","Terrifying_Presence","Ignore","Hip_Strike","Side_Hop","Oh","Wear_Disguise","Ignore","Yawn+1","Consecutive_Normal_Punch+1","Normal_Punch+1","Wear_Disguise","Discovery","Good Instincts","Enlightenment","Mind Blast","Sharp Hide","Jack Of All Trades","Finesse","Good Instincts","Flash of Steel","Madness","Swift Strike","Yawn","Terrifying_Presence","Normal_Punch","Side_Hop+1","Serious_Side_Hops","BlessedFruit","BlessedFruit","Hop","Finesse","Assess","Feint","Serious_Punch"],"relics":["Astrolabe","relicPack:EdsArm","SuspiciousGoo","Ice Cream","Pandora\u0027s Box","Nunchaku","Old Coin","ZombieTooth","HollowMod:LifeEnderRelic","Regal Pillow","Dream Catcher","relicPack:ShieldShield","relicPack:DarknessArmor","HeavenlyBonsai","Boot","Medical Kit","HornCleat"],"acts_visited":["Exordium","TheCity","TheBeyond"],"potions_floor_usage":[],"damage_taken":[{"damage":0,"enemies":"Cultist","floor":1,"turns":1},{"damage":0,"enemies":"Small Slimes","floor":3,"turns":2},{"damage":0,"enemies":"Jaw Worm","floor":8,"turns":1},{"damage":0,"enemies":"Gremlin Nob","floor":10,"turns":1},{"damage":0,"enemies":"Red Slaver","floor":11,"turns":1},{"damage":0,"enemies":"Lagavulin","floor":14,"turns":1},{"damage":0,"enemies":"Slime Boss","floor":16,"turns":1},{"damage":0,"enemies":"Spheric Guardian","floor":18,"turns":1},{"damage":0,"enemies":"Centurion and Healer","floor":20,"turns":1},{"damage":0,"enemies":"3 Cultists","floor":21,"turns":2},{"damage":0,"enemies":"Sentry and Sphere","floor":22,"turns":1},{"damage":0,"enemies":"Book of Stabbing","floor":23,"turns":1},{"damage":0,"enemies":"Shelled Parasite and Fungi","floor":25,"turns":2},{"damage":0,"enemies":"Colosseum Slavers","floor":27,"turns":1},{"damage":0,"enemies":"Colosseum Nobs","floor":27,"turns":1},{"damage":0,"enemies":"Gremlin Leader","floor":28,"turns":2},{"damage":0,"enemies":"Snake Plant","floor":29,"turns":1},{"damage":0,"enemies":"HollowMod:Nosk","floor":30,"turns":1},{"damage":0,"enemies":"Centurion and Healer","floor":31,"turns":1},{"damage":0,"enemies":"Champ","floor":33,"turns":1},{"damage":0,"enemies":"3 Darklings","floor":35,"turns":2},{"damage":0,"enemies":"3 Shapes","floor":37,"turns":2},{"damage":0,"enemies":"Maw","floor":38,"turns":2},{"damage":0,"enemies":"Giant Head","floor":40,"turns":2}],"seed_played":"-9181285988640980675","potions_obtained":[{"floor":1,"key":"FairyPotion"},{"floor":3,"key":"SteroidPotion"},{"floor":22,"key":"SteroidPotion"},{"floor":38,"key":"BlessingOfTheForge"}],"is_trial":false,"path_per_floor":["M","?","M","?","?","R","$","M","T","E","M","$","R","E","R","B",null,"M","?","M","M","M","E","?","M","T","?","E","M","E","M","R","B",null,"M","$","M","M","$","E"],"character_chosen":"OPM","items_purchased":["Hip_Strike","relicPack:DarknessArmor","HeavenlyBonsai","Hop","Finesse","Boot","Medical Kit","HornCleat","Assess","Feint","Serious_Punch"],"campfire_rested":1,"item_purchase_floors":[12,36,36,36,36,39,39,39,39,39,39],"current_hp_per_floor":[999,999,999,994,994,994,994,994,994,994,997,997,997,1000,1000,1003,1003,1006,1006,1009,1009,1012,1015,1015,1015,1015,1021,1021,1024,1027,1030,1030,1033,1033,1033,1033,1034,1035,1035,1036,1036],"gold":1325,"neow_bonus":"BOSS_RELIC","is_daily":false,"chose_seed":false,"campfire_upgraded":2,"win_rate":0.0,"timestamp":1614098990,"path_taken":["M","?","M","?","?","R","$","M","T","E","?","?","R","E","R","BOSS","M","?","M","M","M","E","?","?","T","?","E","M","E","M","R","BOSS","M","$","M","M","$","E"],"items_purchased_type":["Card","Relic","Relic","Card","Card","Relic","Relic","Relic","Card","Card","Card"],"build_version":"2020-12-22","purchased_purges":2,"victory":false,"max_hp_per_floor":[999,999,999,994,994,994,994,994,994,994,997,997,997,1000,1000,1003,1003,1006,1006,1009,1009,1012,1015,1015,1015,1015,1021,1021,1024,1027,1030,1030,1033,1033,1033,1033,1034,1035,1035,1036,1036],"relic_stats":{"Nunchaku":[2],"Regal Pillow":0,"Dream Catcher":1,"counters":[24,32],"Astrolabe":["Slap","Do_Nothing","Toss_Stone"],"Pandora\u0027s Box":["Wear_Disguise","Ignore"],"Boot":[0],"Medical Kit":[0],"obtain_stats":[{"Ice Cream":14,"Regal Pillow":28,"HollowMod:LifeEnderRelic":27,"Astrolabe":0,"SuspiciousGoo":10,"relicPack:ShieldShield":34,"relicPack:DarknessArmor":36,"Cape":0,"HeavenlyBonsai":36,"Boot":39,"Medical Kit":39,"Old Coin":26,"relicPack:EdsArm":4,"Nunchaku":23,"ZombieTooth":27,"Dream Catcher":30,"HornCleat":39,"Pandora\u0027s Box":17},{"Ice Cream":6,"Regal Pillow":16,"HollowMod:LifeEnderRelic":15,"Astrolabe":0,"SuspiciousGoo":4,"relicPack:ShieldShield":20,"relicPack:DarknessArmor":21,"Cape":0,"HeavenlyBonsai":21,"Boot":23,"Medical Kit":23,"Old Coin":13,"relicPack:EdsArm":2,"Nunchaku":12,"ZombieTooth":15,"Dream Catcher":18,"HornCleat":23,"Pandora\u0027s Box":7},{"Ice Cream":7,"Regal Pillow":20,"HollowMod:LifeEnderRelic":18,"Astrolabe":0,"SuspiciousGoo":5,"relicPack:ShieldShield":24,"relicPack:DarknessArmor":26,"Cape":0,"HeavenlyBonsai":26,"Boot":30,"Medical Kit":30,"Old Coin":16,"relicPack:EdsArm":3,"Nunchaku":14,"ZombieTooth":18,"Dream Catcher":22,"HornCleat":30,"Pandora\u0027s Box":8}]},"card_choices":[{"not_picked":["Side_Hop","Consecutive_Normal_Punch"],"picked":"Yawn","floor":1},{"not_picked":["Consecutive_Normal_Punch","Normal_Punch"],"picked":"Hop","floor":3},{"not_picked":["Hop","Side_Hop"],"picked":"Yawn","floor":8},{"not_picked":["Yawn","Wear_Disguise"],"picked":"Terrifying_Presence","floor":10},{"not_picked":["Wear_Disguise","Slap"],"picked":"Ignore","floor":11},{"not_picked":["Slap","Toss_Stone"],"picked":"Side_Hop","floor":14},{"not_picked":["Serious_Punch","Hip_Strike"],"picked":"Oh","floor":16},{"not_picked":["Wear_Disguise","Do_Nothing"],"picked":"Yawn+1","floor":18},{"not_picked":["Hop","Ignore"],"picked":"Consecutive_Normal_Punch+1","floor":20},{"not_picked":["Wear_Disguise","Ignore","Yawn"],"picked":"SKIP","floor":21},{"not_picked":["Hop","Wear_Disguise+1"],"picked":"Normal_Punch+1","floor":22},{"not_picked":["Hop+1","Ignore"],"picked":"Wear_Disguise","floor":23},{"not_picked":["Normal_Punch","Side_Hop","Ignore"],"picked":"SKIP","floor":25},{"not_picked":["Side_Hop+1","Consecutive_Normal_Punch"],"picked":"Yawn","floor":27},{"not_picked":["Side_Hop","Wear_Disguise","Normal_Punch"],"picked":"SKIP","floor":28},{"not_picked":["Hop+1","Do_Nothing","Side_Hop"],"picked":"SKIP","floor":29},{"not_picked":["Yawn","Side_Hop+1"],"picked":"Terrifying_Presence","floor":30},{"not_picked":["Ignore","Hop"],"picked":"Normal_Punch","floor":31},{"not_picked":["Consecutive_Normal_Punch","Normal_Punch+1"],"picked":"Side_Hop+1","floor":32},{"not_picked":["Serious_Punch","Oh"],"picked":"Serious_Side_Hops","floor":33},{"not_picked":["Wear_Disguise+1","Yawn","Consecutive_Normal_Punch+1"],"picked":"SKIP","floor":35},{"not_picked":["Normal_Punch","Consecutive_Normal_Punch","Toss_Stone"],"picked":"SKIP","floor":37},{"not_picked":["Yawn+1","Side_Hop","Slap+1"],"picked":"SKIP","floor":38}],"player_experience":107775,"relics_obtained":[{"floor":10,"key":"SuspiciousGoo"},{"floor":14,"key":"Ice Cream"},{"floor":23,"key":"Nunchaku"},{"floor":26,"key":"Old Coin"},{"floor":27,"key":"ZombieTooth"},{"floor":27,"key":"HollowMod:LifeEnderRelic"},{"floor":28,"key":"Regal Pillow"},{"floor":30,"key":"Dream Catcher"}],"event_choices":[{"damage_healed":0,"gold_gain":0,"player_choice":"Entered Light","damage_taken":200,"max_hp_gain":0,"max_hp_loss":0,"event_name":"Shining Light","floor":2,"gold_loss":0,"cards_upgraded":["Defend_Y","Yawn"]},{"damage_healed":0,"gold_gain":100,"player_choice":"Pray","damage_taken":0,"max_hp_gain":0,"max_hp_loss":0,"event_name":"Golden Shrine","floor":5,"gold_loss":0},{"cards_removed":["Ignore"],"damage_healed":0,"gold_gain":0,"player_choice":"Give","damage_taken":0,"max_hp_gain":0,"max_hp_loss":0,"event_name":"betterNote:BetterNote","floor":19,"gold_loss":0,"cards_obtained":["Strike_P"]},{"damage_healed":0,"gold_gain":1890,"player_choice":"CARD CARD CARD CARD CARD CARD CARD CARD CARD CARD CARD GOLD GOLD GOLD GOLD GOLD GOLD GOLD GOLD GOLD GOLD GOLD GOLD GOLD GOLD GOLD GOLD GOLD GOLD GOLD GOLD GOLD ","damage_taken":463,"max_hp_gain":0,"max_hp_loss":0,"event_name":"Knowing Skull","floor":24,"potions_obtained":[],"gold_loss":0,"cards_obtained":["Discovery","Good Instincts","Enlightenment","Mind Blast","Sharp Hide","Jack Of All Trades","Finesse","Good Instincts","Flash of Steel","Madness","Swift Strike"]},{"damage_healed":0,"gold_gain":0,"player_choice":"Fight","damage_taken":0,"max_hp_gain":0,"max_hp_loss":0,"event_name":"Colosseum","floor":27,"gold_loss":0},{"damage_healed":0,"gold_gain":0,"player_choice":"Fought Nobs","damage_taken":0,"max_hp_gain":0,"max_hp_loss":0,"event_name":"Colosseum","floor":27,"gold_loss":0}],"is_beta":false,"boss_relics":[{"not_picked":["Runic Pyramid","Tiny House"],"picked":"Pandora\u0027s Box"},{"not_picked":["Coffee Dripper","Snecko Eye"],"picked":"relicPack:ShieldShield"}],"items_purged_floors":[36,39],"is_endless":false,"potions_floor_spawned":[1,3,22,23,25,27,27,29,31,37,38],"killed_by":"Giant Head","ascension_level":0}}