{"host":"yp3213dt42p7qr93","time":1614088508,"event":{"mods":["AchievementEnabler","BaseMod","Minty Spire (QoL Compilation)","Relic Stats"],"gold_per_floor":[113,188,204,219,5,5,32,7,34,48,48,75,95,115,115,216,216,230,250,261,261,23,58,58,58,58,8,8,8],"floor_reached":28,"language":"ENG","playtime":1604,"items_purged":["Strike_G","Strike_G"],"score":298,"play_id":"f902b1c2-4d48-44af-bcfd-ffaea4d04eb8","local_time":"20210223085508","is_ascension_mode":true,"campfire_choices":[{"data":"Dagger Spray","floor":6.0,"key":"SMITH"},{"data":"Finisher","floor":11.0,"key":"SMITH"},{"data":"Sucker Punch","floor":15.0,"key":"SMITH"},{"floor":24.0,"key":"REST"}],"circlet_count":0,"master_deck":["Strike_G","Strike_G","Strike_G","Defend_G","Defend_G","Defend_G","Defend_G","Defend_G","Survivor","Neutralize","Sucker Punch+1","Dagger Spray+1","Backstab","Finisher+1","Calculated Gamble","Crippling Poison","Tools of the Trade","Bouncing Flask+1","Noxious Fumes+1","Apotheosis","Die Die Die"],"relics":["Velvet Choker","Membership Card","Vajra","Blood Vial","Runic Pyramid","Gambling Chip","Pen Nib","Centennial Puzzle"],"acts_visited":[],"potions_floor_usage":[28],"damage_taken":[{"damage":3.0,"enemies":"2 Louse","floor":1.0,"turns":3.0},{"damage":2.0,"enemies":"Jaw Worm","floor":3.0,"turns":3.0},{"damage":0.0,"enemies":"Cultist","floor":4.0,"turns":4.0},{"damage":26.0,"enemies":"Gremlin Nob","floor":7.0,"turns":5.0},{"damage":2.0,"enemies":"Exordium Wildlife","floor":10.0,"turns":2.0},{"damage":5.0,"enemies":"3 Sentries","floor":12.0,"turns":3.0},{"damage":0.0,"enemies":"3 Louse","floor":13.0,"turns":2.0},{"damage":0.0,"enemies":"Red Slaver","floor":14.0,"turns":2.0},{"damage":22.0,"enemies":"The Guardian","floor":16.0,"turns":12.0},{"damage":12.0,"enemies":"2 Thieves","floor":18.0,"turns":4.0},{"damage":4.0,"enemies":"3 Byrds","floor":19.0,"turns":4.0},{"damage":45.0,"enemies":"Shelled Parasite and Fungi","floor":20.0,"turns":4.0},{"damage":14.0,"enemies":"Book of Stabbing","floor":23.0,"turns":5.0},{"damage":16,"enemies":"Sentry and Sphere","floor":28,"turns":3}],"seed_played":"-743737861544040618","potions_obtained":[{"floor":7.0,"key":"AttackPotion"},{"floor":10.0,"key":"CunningPotion"},{"floor":12.0,"key":"Explosive Potion"},{"floor":23.0,"key":"DistilledChaos"}],"is_trial":false,"path_per_floor":["M","?","M","M","$","R","E","$","T","M","R","E","M","M","R","B",null,"M","M","M","?","$","E","R","?","T","$","M"],"character_chosen":"THE_SILENT","items_purchased":["Membership Card","Backstab","AttackPotion","Gambling Chip","Apotheosis"],"campfire_rested":1,"item_purchase_floors":[5,5,8,22,22],"current_hp_per_floor":[67,56,54,54,54,54,28,28,28,26,26,21,23,25,25,5,70,58,56,13,13,13,1,22,9,9,9,0,0],"gold":8,"neow_bonus":"BOSS_RELIC","is_daily":false,"chose_seed":false,"campfire_upgraded":3,"win_rate":0.0,"timestamp":1614088508,"path_taken":["M","?","M","M","$","R","E","$","T","M","R","E","M","M","R","BOSS","M","M","M","?","$","E","R","?","T","$","M"],"items_purchased_type":["Relic","Card","Potion","Relic","Card"],"build_version":"2020-12-22","purchased_purges":2,"victory":false,"max_hp_per_floor":[70,70,70,70,70,70,70,70,70,70,70,70,70,70,70,70,70,70,70,70,70,70,70,70,75,75,75,75,75],"relic_stats":{"Blood Vial":2,"Centennial Puzzle":[3],"counters":[1,3],"Gambling Chip":[3],"Pen Nib":[0],"obtain_stats":[{"Blood Vial":0,"Centennial Puzzle":0,"Gambling Chip":0,"Velvet Choker":0,"Vajra":0,"Pen Nib":0,"Membership Card":0,"Runic Pyramid":0},{"Blood Vial":0,"Centennial Puzzle":0,"Gambling Chip":0,"Velvet Choker":0,"Vajra":0,"Pen Nib":0,"Membership Card":0,"Runic Pyramid":0},{"Blood Vial":0,"Centennial Puzzle":0,"Gambling Chip":0,"Velvet Choker":0,"Vajra":0,"Pen Nib":0,"Membership Card":0,"Runic Pyramid":0}]},"card_choices":[{"not_picked":["Slice","Endless Agony"],"picked":"Sucker Punch","floor":1.0},{"not_picked":["Eviscerate","Dodge and Roll","Deflect"],"picked":"SKIP","floor":3.0},{"not_picked":["Reflex","Finisher"],"picked":"Dagger Spray","floor":4.0},{"not_picked":["All Out Attack","Dagger Throw"],"picked":"Finisher","floor":7.0},{"not_picked":["Dagger Spray","Bouncing Flask"],"picked":"Calculated Gamble","floor":10.0},{"not_picked":["Outmaneuver","Dagger Spray"],"picked":"Crippling Poison","floor":12.0},{"not_picked":["Prepared","Endless Agony","Blade Dance"],"picked":"SKIP","floor":13.0},{"not_picked":["Blade Dance","All Out Attack","Choke"],"picked":"SKIP","floor":14.0},{"not_picked":["Storm of Steel","Doppelganger"],"picked":"Tools of the Trade","floor":16.0},{"not_picked":["Blade Dance","Sucker Punch"],"picked":"Bouncing Flask+1","floor":18.0},{"not_picked":["Endless Agony","Outmaneuver","Prepared"],"picked":"SKIP","floor":19.0},{"not_picked":["Slice","Deflect"],"picked":"Noxious Fumes+1","floor":20.0},{"not_picked":["Predator","Deflect"],"picked":"Die Die Die","floor":23.0}],"player_experience":106902,"relics_obtained":[{"floor":7.0,"key":"Vajra"},{"floor":12.0,"key":"Blood Vial"},{"floor":23.0,"key":"Pen Nib"},{"floor":26.0,"key":"Centennial Puzzle"}],"event_choices":[{"damage_healed":0.0,"max_hp_gain":0.0,"max_hp_loss":0.0,"gold_gain":75.0,"event_name":"World of Goop","player_choice":"Gather Gold","floor":2.0,"gold_loss":0.0,"damage_taken":11.0},{"damage_healed":0.0,"max_hp_gain":0.0,"max_hp_loss":0.0,"gold_gain":0.0,"event_name":"Beggar","player_choice":"Ignored","floor":21.0,"gold_loss":0.0,"damage_taken":0.0},{"damage_healed":0.0,"max_hp_gain":5.0,"max_hp_loss":0.0,"gold_gain":0.0,"event_name":"Forgotten Altar","player_choice":"Shed Blood","floor":25.0,"gold_loss":0.0,"damage_taken":18.0}],"is_beta":false,"boss_relics":[{"not_picked":["SacredBark","Busted Crown"],"picked":"Runic Pyramid"}],"items_purged_floors":[5,27],"is_endless":false,"potions_floor_spawned":[7,10,12,13,23],"killed_by":"Sentry and Sphere","ascension_level":4}}