{"host":"wqwfknj40rilnol1","time":1614095633,"event":{"mods":["AchievementEnabler","Aspiration","BaseMod","BetterRewards","Block Reminder","Colored Map","Conspire","Highlight Path","Hubris","Minty Spire (QoL Compilation)","Permanent Neow","Quick Restart","Relic Stats","Replay The Spire","Shop Mod","StSLib","The Cursed"],"gold_per_floor":[111,111,125,50,65,65,81,95,142,142,142,42,42,42],"floor_reached":13,"language":"ENG","playtime":438,"items_purged":["Strike_P","Defend_P"],"score":79,"play_id":"3d400fa6-ebc4-4588-bc76-ca8b970814df","local_time":"20210223165353","is_ascension_mode":true,"campfire_choices":[{"data":"Crow Ritual","floor":6,"key":"SMITH"}],"circlet_count":0,"master_deck":["Strike_P","Strike_P","Strike_P","Defend_P","Defend_P","Eruption","Vigilance","Crow Ritual+1","ClearTheMind","Establishment","Evaluate","Replay:ManipulateFuture+1"],"relics":["PureWater","Tiny Chest"],"acts_visited":["Exordium"],"potions_floor_usage":[13],"damage_taken":[{"damage":0,"enemies":"Small Slimes","floor":1,"turns":4},{"damage":0,"enemies":"Cultist","floor":3,"turns":2},{"damage":0,"enemies":"2 Louse","floor":5,"turns":2},{"damage":20,"enemies":"Large Slime","floor":7,"turns":8},{"damage":18,"enemies":"3 Louse","floor":8,"turns":3},{"damage":38,"enemies":"Gremlin Nob","floor":13,"turns":3}],"seed_played":"-1179465177673217708","potions_obtained":[{"floor":7,"key":"LiquidBronze"},{"floor":8,"key":"Strength Potion"}],"is_trial":false,"path_per_floor":["M","?","M","$","M","R","M","M","T","?","?","$","E"],"character_chosen":"WATCHER","items_purchased":[],"campfire_rested":0,"item_purchase_floors":[],"current_hp_per_floor":[65,65,65,65,65,65,45,27,27,27,27,27,0,0],"gold":42,"neow_bonus":"RANDOM_COLORLESS_2","is_daily":false,"chose_seed":false,"campfire_upgraded":1,"win_rate":0.0,"timestamp":1614095633,"path_taken":["M","?","M","$","M","R","?","M","T","?","?","$","E"],"items_purchased_type":[],"build_version":"2020-12-22","purchased_purges":2,"victory":false,"max_hp_per_floor":[65,65,65,65,65,65,65,65,65,65,65,65,65,65],"relic_stats":{"counters":[6,22],"Tiny Chest":0,"obtain_stats":[{"Tiny Chest":9,"PureWater":0},{"Tiny Chest":5,"PureWater":0},{"Tiny Chest":19,"PureWater":0}]},"card_choices":[{"not_picked":["Magnetism","Secret Weapon"],"picked":"Crow Ritual","floor":0},{"not_picked":["Halt","JustLucky"],"picked":"ClearTheMind","floor":1},{"not_picked":["JustLucky","Consecrate"],"picked":"Establishment","floor":3},{"not_picked":["Consecrate","WaveOfTheHand"],"picked":"Evaluate","floor":5},{"not_picked":["EmptyBody","Replay:AllIn","Replay:BluntJabs"],"picked":"SKIP","floor":7},{"not_picked":["WheelKick","Prostrate"],"picked":"Replay:ManipulateFuture","floor":8}],"player_experience":313860,"relics_obtained":[{"floor":9,"key":"Tiny Chest"}],"event_choices":[{"cards_removed":["Defend_P"],"damage_healed":0,"gold_gain":0,"player_choice":"Purged","damage_taken":0,"max_hp_gain":0,"max_hp_loss":0,"event_name":"Purifier","floor":2,"gold_loss":0},{"damage_healed":0,"gold_gain":0,"player_choice":"Leave","damage_taken":0,"max_hp_gain":0,"max_hp_loss":0,"event_name":"conspire:Investor","floor":11,"gold_loss":0}],"is_beta":false,"boss_relics":[],"items_purged_floors":[4,12],"is_endless":false,"potions_floor_spawned":[7,8],"killed_by":"Gremlin Nob","ascension_level":1}}