{"host":"cfqfeqi6u2qx5u0e","time":1614053367,"event":{"mods":["AchievementEnabler","BaseMod","Colored Powertips","Minty Spire (QoL Compilation)","Quick Restart","StSLib"],"gold_per_floor":[110,121,140,151,167,197,197,227,227,253,270,270,270,281,281,383,383,399,48,67,82,82,82,82,82,109,120,151,151,167,197,197,294,294,304,332,351,371,0,0,33,33,59,69,100,150,206,240,240,240,240,240,21,56,56],"floor_reached":56,"language":"ENG","playtime":4533,"items_purged":["Defend_G","Defend_G"],"score":1474,"play_id":"13d4a1ed-c579-4c1a-b33c-18919395ff5d","local_time":"20210222200927","is_ascension_mode":true,"campfire_choices":[{"data":"Noxious Fumes","floor":7,"key":"SMITH"},{"floor":13,"key":"REST"},{"data":"Blade Dance","floor":15,"key":"SMITH"},{"floor":23,"key":"RECALL"},{"data":"After Image","floor":25,"key":"SMITH"},{"floor":32,"key":"REST"},{"floor":40,"key":"REST"},{"floor":49,"key":"REST"},{"data":"Apotheosis","floor":52,"key":"SMITH"}],"circlet_count":0,"master_deck":["Defend_G","Defend_G","Defend_G","Survivor","Neutralize","Dagger Throw","Quick Slash","Outmaneuver","Noxious Fumes+1","Backflip","Blade Dance+1","After Image+1","Cloak And Dagger","Noxious Fumes","Corpse Explosion","Cloak And Dagger+1","Dodge and Roll","Cloak And Dagger","Cloak And Dagger","Bite","Bite","Bite","Bite","Bite","Dodge and Roll+1","Cloak And Dagger+1","Masterful Stab+1","Phantasmal Killer","Infinite Blades+1","Apotheosis+1","Backflip","Calculated Gamble+1","PiercingWail+1","Blade Dance","Impatience","Impatience","Blind","Regret","Infinite Blades+1","Quick Slash","Catalyst+1","Blade Dance+1","Cloak And Dagger","Adrenaline"],"relics":["Cursed Key","Shuriken","Turnip","Pen Nib","MealTicket","Runic Dome","Bottled Tornado","Nunchaku","Question Card","Bottled Flame","Philosopher\u0027s Stone","TwistedFunnel","Red Mask","Ornamental Fan","HornCleat","StoneCalendar","Bag of Preparation","OrangePellets","Bronze Scales","Medical Kit","Kunai"],"acts_visited":["Exordium","TheCity","TheBeyond","TheEnding"],"potions_floor_usage":[6,8,10,14,16,27,30,31,45,50,50,50,54],"damage_taken":[{"damage":0,"enemies":"Small Slimes","floor":1,"turns":5},{"damage":0,"enemies":"Cultist","floor":2,"turns":3},{"damage":1,"enemies":"Jaw Worm","floor":3,"turns":2},{"damage":9,"enemies":"Exordium Wildlife","floor":4,"turns":5},{"damage":0,"enemies":"2 Fungi Beasts","floor":5,"turns":3},{"damage":18,"enemies":"Lagavulin","floor":6,"turns":6},{"damage":18,"enemies":"3 Sentries","floor":8,"turns":6},{"damage":20,"enemies":"Gremlin Nob","floor":10,"turns":4},{"damage":0,"enemies":"Lots of Slimes","floor":11,"turns":2},{"damage":13,"enemies":"Gremlin Gang","floor":14,"turns":3},{"damage":11,"enemies":"The Guardian","floor":16,"turns":7},{"damage":16,"enemies":"3 Byrds","floor":18,"turns":4},{"damage":21,"enemies":"2 Thieves","floor":20,"turns":3},{"damage":15,"enemies":"Sentry and Sphere","floor":21,"turns":4},{"damage":12,"enemies":"Snake Plant","floor":27,"turns":5},{"damage":40,"enemies":"Slavers","floor":28,"turns":3},{"damage":25,"enemies":"Snecko","floor":30,"turns":4},{"damage":26,"enemies":"Gremlin Leader","floor":31,"turns":5},{"damage":29,"enemies":"Automaton","floor":33,"turns":7},{"damage":18,"enemies":"3 Darklings","floor":35,"turns":3},{"damage":52,"enemies":"3 Shapes","floor":37,"turns":3},{"damage":1,"enemies":"Jaw Worm Horde","floor":38,"turns":2},{"damage":11,"enemies":"Giant Head","floor":41,"turns":7},{"damage":7,"enemies":"Maw","floor":44,"turns":5},{"damage":24,"enemies":"Reptomancer","floor":45,"turns":4},{"damage":4,"enemies":"Mind Bloom Boss Battle","floor":46,"turns":4},{"damage":4,"enemies":"Nemesis","floor":48,"turns":5},{"damage":42,"enemies":"Time Eater","floor":50,"turns":8},{"damage":7,"enemies":"Shield and Spear","floor":54,"turns":3},{"damage":48,"enemies":"The Heart","floor":55,"turns":7}],"seed_played":"-2976843682787566430","potions_obtained":[{"floor":1,"key":"SneckoOil"},{"floor":6,"key":"PowerPotion"},{"floor":8,"key":"Explosive Potion"},{"floor":10,"key":"Energy Potion"},{"floor":11,"key":"LiquidBronze"},{"floor":14,"key":"ColorlessPotion"},{"floor":28,"key":"SkillPotion"},{"floor":30,"key":"Fire Potion"},{"floor":35,"key":"BlessingOfTheForge"},{"floor":41,"key":"Poison Potion"},{"floor":46,"key":"Swift Potion"},{"floor":48,"key":"Regen Potion"}],"is_trial":false,"path_per_floor":["M","M","M","M","M","E","R","E","T","E","M","?","R","M","R","B",null,"M","$","M","M","?","R","?","R","T","M","E","?","M","E","R","B",null,"M","$","M","M","?","R","E","?","T","M","E","?","$","E","R","B",null,"R","$","E","B",null],"character_chosen":"THE_SILENT","items_purchased":["Dodge and Roll","Cloak And Dagger","Bottled Tornado","TwistedFunnel","Apotheosis","Backflip","Bag of Preparation","OrangePellets","SkillPotion","Medical Kit","Cloak And Dagger","Strength Potion"],"campfire_rested":4,"item_purchase_floors":[19,19,19,36,36,36,47,47,47,53,53,53],"current_hp_per_floor":[70,70,69,60,60,42,42,24,24,4,4,80,80,67,67,56,80,64,79,58,43,43,43,34,34,34,32,56,56,36,20,38,23,61,49,61,13,12,12,30,34,24,24,29,13,21,36,35,53,43,61,61,61,56,16],"gold":56,"neow_bonus":"BOSS_RELIC","is_daily":false,"chose_seed":false,"campfire_upgraded":4,"win_rate":0.0,"timestamp":1614053367,"path_taken":["M","M","M","M","M","E","R","E","T","E","M","?","R","M","R","BOSS","M","$","M","?","?","R","?","R","T","M","E","?","?","E","R","BOSS","M","$","M","?","?","R","E","?","T","M","E","?","$","E","R","BOSS","R","$","E","BOSS"],"items_purchased_type":["Card","Card","Relic","Relic","Card","Card","Relic","Relic","Potion","Relic","Card","Potion"],"build_version":"2020-12-22","purchased_purges":2,"victory":true,"max_hp_per_floor":[70,70,70,70,70,70,70,70,70,70,70,80,80,80,80,80,80,80,80,80,80,56,56,61,61,61,61,61,61,61,61,61,61,61,61,61,61,61,61,61,61,61,61,61,61,61,61,61,61,61,61,61,61,61,61],"card_choices":[{"not_picked":["Tactician","Catalyst"],"picked":"Dagger Throw","floor":1},{"not_picked":["Acrobatics","Deflect"],"picked":"Quick Slash","floor":2},{"not_picked":["Endless Agony","Blur"],"picked":"Outmaneuver","floor":3},{"not_picked":["Blade Dance","Dodge and Roll"],"picked":"Noxious Fumes","floor":4},{"not_picked":["Outmaneuver","Choke"],"picked":"Bullet Time","floor":5},{"not_picked":["Underhanded Strike","Dagger Throw"],"picked":"Backflip","floor":6},{"not_picked":["Deflect","Flechettes"],"picked":"Blade Dance","floor":8},{"not_picked":["Cloak And Dagger","Prepared"],"picked":"After Image","floor":10},{"not_picked":["Poisoned Stab","Sucker Punch"],"picked":"Cloak And Dagger","floor":11},{"not_picked":["Well Laid Plans","Deadly Poison"],"picked":"Noxious Fumes","floor":14},{"not_picked":["Night Terror","Wraith Form v2"],"picked":"Corpse Explosion","floor":16},{"not_picked":["Tactician","PiercingWail"],"picked":"Cloak And Dagger+1","floor":18},{"not_picked":["Expertise","Deadly Poison"],"picked":"Cloak And Dagger","floor":20},{"not_picked":["Eviscerate","Prepared","Dodge and Roll"],"picked":"SKIP","floor":21},{"not_picked":["Deflect","Deadly Poison"],"picked":"Dodge and Roll+1","floor":27},{"not_picked":["Well Laid Plans","Slice"],"picked":"Cloak And Dagger+1","floor":28},{"not_picked":["Blur","Sucker Punch","Prepared"],"picked":"Masterful Stab+1","floor":30},{"not_picked":["Flying Knee","Calculated Gamble","Masterful Stab","Bullet Time"],"picked":"SKIP","floor":31},{"not_picked":["Glass Knife","Burst","Tools of the Trade"],"picked":"Phantasmal Killer","floor":33},{"not_picked":["Calculated Gamble+1","Masterful Stab+1","Eviscerate+1"],"picked":"Infinite Blades+1","floor":35},{"not_picked":["Dodge and Roll","Poisoned Stab+1","Dagger Throw"],"picked":"Calculated Gamble+1","floor":37},{"not_picked":["Dodge and Roll","Footwork+1","Deadly Poison"],"picked":"PiercingWail+1","floor":38},{"not_picked":["Finisher","Glass Knife","Poisoned Stab"],"picked":"Blade Dance","floor":41},{"not_picked":["HandOfGreed","Madness","Good Instincts"],"picked":"Impatience","floor":42},{"not_picked":["PanicButton","Mayhem","Jack Of All Trades"],"picked":"Impatience","floor":42},{"not_picked":["Madness","Enlightenment","Panacea"],"picked":"Blind","floor":42},{"not_picked":["Dodge and Roll","Dagger Throw","Cloak And Dagger"],"picked":"Infinite Blades+1","floor":44},{"not_picked":["Masterful Stab","Dagger Spray+1","Deadly Poison+1"],"picked":"Quick Slash","floor":45},{"not_picked":["Slice+1","Dagger Spray","Heel Hook+1"],"picked":"Catalyst+1","floor":46},{"not_picked":["Bane","Sucker Punch+1","Dodge and Roll"],"picked":"Blade Dance+1","floor":48},{"not_picked":["Dagger Spray","A Thousand Cuts","Underhanded Strike"],"picked":"Adrenaline","floor":54}],"player_experience":121047,"relics_obtained":[{"floor":6,"key":"Shuriken"},{"floor":8,"key":"Turnip"},{"floor":9,"key":"Pen Nib"},{"floor":10,"key":"MealTicket"},{"floor":26,"key":"Nunchaku"},{"floor":28,"key":"Question Card"},{"floor":31,"key":"Bottled Flame"},{"floor":41,"key":"Ornamental Fan"},{"floor":45,"key":"HornCleat"},{"floor":46,"key":"StoneCalendar"},{"floor":48,"key":"Bronze Scales"},{"floor":54,"key":"Kunai"}],"event_choices":[{"cards_removed":["Bullet Time"],"damage_healed":66,"gold_gain":0,"player_choice":"Offered Rare","damage_taken":0,"max_hp_gain":10,"max_hp_loss":0,"event_name":"Bonfire Elementals","floor":12,"gold_loss":0},{"damage_healed":0,"gold_gain":0,"player_choice":"Became a vampire","damage_taken":0,"max_hp_gain":0,"max_hp_loss":24,"event_name":"Vampires","floor":22,"gold_loss":0,"cards_obtained":["Bite","Bite","Bite","Bite","Bite"]},{"damage_healed":0,"gold_gain":0,"player_choice":"Shed Blood","damage_taken":14,"max_hp_gain":5,"max_hp_loss":0,"event_name":"Forgotten Altar","floor":24,"gold_loss":0},{"cards_removed":["Shame","Decay"],"damage_healed":0,"gold_gain":0,"player_choice":"Removed Curses","damage_taken":0,"max_hp_gain":0,"max_hp_loss":0,"event_name":"Fountain of Cleansing","floor":29,"gold_loss":0},{"damage_healed":0,"gold_gain":0,"player_choice":"Paid","damage_taken":0,"relics_obtained":["Red Mask"],"max_hp_gain":0,"max_hp_loss":0,"event_name":"Tomb of Lord Red Mask","floor":39,"gold_loss":371},{"damage_healed":0,"gold_gain":0,"player_choice":"Memory 3","damage_taken":10,"max_hp_gain":0,"max_hp_loss":0,"event_name":"SensoryStone","floor":42,"gold_loss":0},{"damage_healed":0,"gold_gain":0,"player_choice":"Fight","damage_taken":0,"max_hp_gain":0,"max_hp_loss":0,"event_name":"MindBloom","floor":46,"gold_loss":0}],"is_beta":false,"boss_relics":[{"not_picked":["Pandora\u0027s Box","SlaversCollar"],"picked":"Runic Dome"},{"not_picked":["HoveringKite","Tiny House"],"picked":"Philosopher\u0027s Stone"}],"items_purged_floors":[36,47],"is_endless":false,"potions_floor_spawned":[1,6,8,10,11,14,28,30,35,41,46,48],"ascension_level":2}}