{"host":"0mk07bycsqo1qk03","time":1614069922,"event":{"mods":["BaseMod","Downfall","Hermit","Hubris","Minty Spire (QoL Compilation)","Reliquary","Replay The Spire","Spicy Shops","StSLib","The Hierophant"],"gold_per_floor":[119,136,136,38,76,76,76,76,76,76,132,132,222,250,250,250,250],"floor_reached":16,"language":"ENG","playtime":1027,"items_purged":[],"score":88,"play_id":"5b3a491c-ac83-48fa-8739-19c415290b83","local_time":"20210223094522","is_ascension_mode":false,"campfire_choices":[{"data":"hierophant:RustyCrate","floor":6,"key":"SMITH"},{"data":"hierophant:Alms","floor":8,"key":"SMITH"},{"data":"hierophant:ChurchCoffers","floor":10,"key":"SMITH"},{"floor":15,"key":"REST"}],"circlet_count":0,"master_deck":["hierophant:Strike_Hierophant","hierophant:Strike_Hierophant","hierophant:Strike_Hierophant","hierophant:Strike_Hierophant","hierophant:Punish","hierophant:Defend_Hierophant","hierophant:Defend_Hierophant","hierophant:Defend_Hierophant","hierophant:Defend_Hierophant","hierophant:ChurchCoffers+1","hierophant:OrnateBuckler","hierophant:RustyCrate+1","hierophant:Doubloon","hierophant:Doubloon","hierophant:Alms+1","Regret","hierophant:Doubloon","hierophant:CursedGold","Doubt","ReplayTheSpireMod:Splinters","hierophant:Rebuild"],"relics":["hierophant:PropheticMaskRelic","NeowsBlessing","NlothsMask","reliquary:Knoch","Shuriken","Odd Mushroom","hubris:DisguiseKit","reliquary:RoseTintedGlasses"],"acts_visited":["Exordium"],"potions_floor_usage":[14],"damage_taken":[{"damage":0,"enemies":"Jaw Worm","floor":1,"turns":1},{"damage":0,"enemies":"Cultist","floor":2,"turns":1},{"damage":0,"enemies":"2 Louse","floor":5,"turns":1},{"damage":25,"enemies":"The Mushroom Lair","floor":11,"turns":6},{"damage":47,"enemies":"Large Slime","floor":14,"turns":11},{"damage":0,"enemies":"Fading Forest","floor":16,"turns":1}],"seed_played":"-3576613238235099475","potions_obtained":[{"floor":2,"key":"LifebloodPotion"},{"floor":13,"key":"EssenceOfSteel"},{"floor":13,"key":"Fire Potion"}],"is_trial":false,"path_per_floor":["M","M","?","$","M","R","?","R","T","R","?","?","?","M","R","B"],"character_chosen":"HIEROPHANT","items_purchased":["hierophant:RustyCrate","reliquary:Knoch"],"campfire_rested":1,"item_purchase_floors":[4,4],"current_hp_per_floor":[75,75,75,75,75,75,75,75,75,75,50,50,50,3,25,25,25],"gold":250,"neow_bonus":"THREE_ENEMY_KILL","is_daily":false,"chose_seed":false,"campfire_upgraded":3,"win_rate":0.0,"timestamp":1614069922,"path_taken":["M","M","?","$","?","R","?","R","T","R","?","?","?","?","R","BOSS"],"items_purchased_type":["Card","Relic"],"build_version":"2020-12-22","purchased_purges":0,"victory":false,"max_hp_per_floor":[75,75,75,75,75,75,75,75,75,75,75,75,75,75,75,75,75],"card_choices":[{"not_picked":["hierophant:HammerAndAnvil","hierophant:Smite"],"picked":"hierophant:OrnateBuckler","floor":1},{"not_picked":["hierophant:Purify","hierophant:HammerAndAnvil","hierophant:Encroach"],"picked":"SKIP","floor":2},{"not_picked":["hierophant:FlamingChariot","hierophant:Charity"],"picked":"hierophant:Alms","floor":5},{"not_picked":["hierophant:DivineIntervention","hierophant:RepressedViolence"],"picked":"hierophant:CursedGold","floor":11},{"not_picked":["hierophant:Zeal","hierophant:RustyCrate","hermit:HighCaliber"],"picked":"hierophant:Rebuild","floor":14}],"player_experience":1059559,"relics_obtained":[{"floor":11,"key":"Odd Mushroom"},{"floor":13,"key":"reliquary:RoseTintedGlasses"}],"event_choices":[{"damage_healed":0,"gold_gain":0,"player_choice":"Trade","damage_taken":0,"relics_obtained":["NlothsMask"],"max_hp_gain":0,"max_hp_loss":0,"event_name":"FaceTrader","floor":3,"gold_loss":0},{"damage_healed":0,"gold_gain":0,"player_choice":"Box","damage_taken":0,"relics_obtained":["Shuriken"],"max_hp_gain":0,"max_hp_loss":0,"event_name":"Big Fish","floor":7,"gold_loss":0,"cards_obtained":["Regret"]},{"damage_healed":0,"gold_gain":0,"player_choice":"Fought Mushrooms","damage_taken":0,"max_hp_gain":0,"max_hp_loss":0,"event_name":"Mushrooms","floor":11,"gold_loss":0}],"is_beta":false,"boss_relics":[],"items_purged_floors":[],"is_endless":false,"potions_floor_spawned":[2],"killed_by":"Fading Forest","ascension_level":0}}