{"host":"dbkc9h3etq50r1dq","time":1614122135,"event":{"mods":["AchievementEnabler","BaseMod","Block Reminder","Colored Powertips","Curses Come First","Dark Map","Minty Spire (QoL Compilation)","Permanent Neow","Potion Indicator Mod","Rare Cards Sparkle","StSLib","SuperFastMode"],"gold_per_floor":[114,133,9,9,84,84,34,34,58,58,76,94,106,120,120,223,223,236,252,252,177,26,26,55,55,80,80,80,96,109,120,120,120,120],"floor_reached":33,"language":"ZHS","playtime":1047,"items_purged":["Defend_G"],"score":372,"play_id":"9cb893cf-be0c-4946-8047-ac2e8ef7d5de","local_time":"20210224071535","is_ascension_mode":true,"campfire_choices":[{"data":"Cloak And Dagger","floor":6.0,"key":"SMITH"},{"data":"Dagger Spray","floor":8.0,"key":"SMITH"},{"data":"Trip","floor":10.0,"key":"SMITH"},{"data":"Cloak And Dagger","floor":15.0,"key":"SMITH"},{"floor":23,"key":"REST"},{"data":"J.A.X.","floor":25,"key":"SMITH"},{"floor":32,"key":"REST"}],"circlet_count":0,"master_deck":["Strike_G","Strike_G","Defend_G","Defend_G","Defend_G","Defend_G","Survivor","Neutralize","Trip+1","Acrobatics","Dagger Spray+1","Cloak And Dagger+1","Cloak And Dagger+1","Sucker Punch","Cloak And Dagger","Phantasmal Killer","Cloak And Dagger","Infinite Blades","J.A.X.+1","Dagger Spray+1","Decay","Escape Plan+1","Cloak And Dagger"],"relics":["Ring of the Snake","Sozu","Happy Flower","Snake Skull","Blood Vial"],"acts_visited":["Exordium","TheCity"],"potions_floor_usage":[],"damage_taken":[{"damage":0.0,"enemies":"Cultist","floor":1.0,"turns":3.0},{"damage":1.0,"enemies":"Jaw Worm","floor":2.0,"turns":5.0},{"damage":0.0,"enemies":"Small Slimes","floor":11.0,"turns":1.0},{"damage":0.0,"enemies":"Blue Slaver","floor":12.0,"turns":3.0},{"damage":0.0,"enemies":"Exordium Wildlife","floor":13.0,"turns":4.0},{"damage":2.0,"enemies":"Red Slaver","floor":14.0,"turns":4.0},{"damage":33.0,"enemies":"Hexaghost","floor":16.0,"turns":14.0},{"damage":0.0,"enemies":"3 Byrds","floor":18.0,"turns":3.0},{"damage":18.0,"enemies":"Spheric Guardian","floor":19.0,"turns":4.0},{"damage":19,"enemies":"Gremlin Leader","floor":24,"turns":6},{"damage":0,"enemies":"3 Cultists","floor":29,"turns":4},{"damage":24,"enemies":"Sentry and Sphere","floor":30,"turns":4},{"damage":9,"enemies":"Centurion and Healer","floor":31,"turns":6},{"damage":48,"enemies":"Automaton","floor":33,"turns":6}],"seed_played":"-581009556429247876","potions_obtained":[{"floor":2.0,"key":"Weak Potion"},{"floor":12.0,"key":"Swift Potion"},{"floor":16.0,"key":"Fire Potion"}],"is_trial":false,"path_per_floor":["M","M","$","?","?","R","?","R","T","R","M","M","M","M","R","B",null,"M","M","?","?","$","R","E","R","T","?","$","M","M","M","R","B"],"character_chosen":"THE_SILENT","items_purchased":["Cloak And Dagger","Happy Flower"],"campfire_rested":2,"item_purchase_floors":[3,22],"current_hp_per_floor":[63,62,62,62,51,51,51,51,51,51,51,51,51,49,49,16,57,57,39,39,39,39,60,41,41,41,41,41,43,21,14,35,0,0],"gold":120,"neow_bonus":"RANDOM_COLORLESS","is_daily":false,"chose_seed":false,"campfire_upgraded":5,"win_rate":0.0,"timestamp":1614122135,"path_taken":["M","M","$","?","?","R","?","R","T","R","M","?","M","M","R","BOSS","M","M","?","?","$","R","E","R","T","?","?","M","M","M","R","BOSS"],"items_purchased_type":["Card","Relic"],"build_version":"2020-12-22","purchased_purges":1,"victory":false,"max_hp_per_floor":[70,70,70,70,70,70,70,70,70,70,70,70,70,70,70,70,70,70,70,70,70,70,70,70,70,70,70,70,70,70,70,70,70,70],"card_choices":[{"not_picked":["Dramatic Entrance","Blind"],"picked":"Trip","floor":0.0},{"not_picked":["Distraction","Dodge and Roll"],"picked":"Acrobatics","floor":1.0},{"not_picked":["Setup","Bane"],"picked":"Dagger Spray","floor":2.0},{"not_picked":["Sucker Punch","Caltrops"],"picked":"Cloak And Dagger","floor":11.0},{"not_picked":["Predator","Prepared","Deflect"],"picked":"SKIP","floor":12.0},{"not_picked":["Tools of the Trade","Dash"],"picked":"Sucker Punch","floor":13.0},{"not_picked":["Blade Dance","Flechettes"],"picked":"Cloak And Dagger","floor":14.0},{"not_picked":["Adrenaline","Burst"],"picked":"Phantasmal Killer","floor":16.0},{"not_picked":["Choke","PiercingWail"],"picked":"Cloak And Dagger","floor":18.0},{"not_picked":["Slice","Underhanded Strike"],"picked":"Infinite Blades","floor":19.0},{"not_picked":["Acrobatics","All Out Attack+1"],"picked":"Dagger Spray+1","floor":24},{"not_picked":["Cloak And Dagger","Venomology"],"picked":"Escape Plan+1","floor":29},{"not_picked":["Choke","PiercingWail"],"picked":"Cloak And Dagger","floor":30},{"not_picked":["Acrobatics","Dodge and Roll","Expertise"],"picked":"SKIP","floor":31}],"player_experience":151415,"relics_obtained":[{"floor":24,"key":"Snake Skull"},{"floor":26,"key":"Blood Vial"}],"event_choices":[{"cards_removed":["Strike_G"],"damage_healed":0.0,"max_hp_gain":0.0,"max_hp_loss":0.0,"gold_gain":0.0,"event_name":"Living Wall","player_choice":"Forget","floor":4.0,"gold_loss":0.0,"damage_taken":0.0},{"damage_healed":0.0,"max_hp_gain":0.0,"max_hp_loss":0.0,"gold_gain":75.0,"event_name":"World of Goop","player_choice":"Gather Gold","floor":5.0,"gold_loss":0.0,"damage_taken":11.0},{"cards_removed":["Strike_G"],"damage_healed":0.0,"max_hp_gain":0.0,"max_hp_loss":0.0,"gold_gain":0.0,"event_name":"The Cleric","player_choice":"Card Removal","floor":7.0,"gold_loss":50.0,"damage_taken":0.0},{"damage_healed":0,"gold_gain":0,"player_choice":"Obtain J.A.X.","damage_taken":0,"max_hp_gain":0,"max_hp_loss":0,"event_name":"Drug Dealer","floor":20,"gold_loss":0,"cards_obtained":["J.A.X."]},{"cards_removed":["Strike_G"],"damage_healed":0,"gold_gain":0,"player_choice":"Gave Gold","damage_taken":0,"max_hp_gain":0,"max_hp_loss":0,"event_name":"Beggar","floor":21,"gold_loss":75},{"damage_healed":0,"gold_gain":0,"player_choice":"Smashed Altar","damage_taken":0,"max_hp_gain":0,"max_hp_loss":0,"event_name":"Forgotten Altar","floor":27,"gold_loss":0,"cards_obtained":["Decay"]}],"is_beta":false,"boss_relics":[{"not_picked":["Calling Bell","Ectoplasm"],"picked":"Sozu"}],"items_purged_floors":[3],"is_endless":false,"potions_floor_spawned":[2,12,16,18,24,29],"killed_by":"Automaton","ascension_level":7}}