{"host":"hszimsrtxxc2k25w","time":1614121827,"event":{"mods":["AchievementEnabler","BaseMod","Colored Map","DeckTracker","Minty Spire (QoL Compilation)","Rare Cards Sparkle","SuperFastMode"],"gold_per_floor":[115,115,33,33,43,76,95,95,121,147,147,163,189,215,215,291,291,303,158,158,158,83,83,102,121,121,136,136,36,36,52,52,125,125,137,153,153,153,153,153,169,169,169,69,80,80,80,105,105,105],"floor_reached":51,"language":"KOR","playtime":1382,"items_purged":["Strike_P","Defend_P","Judgement"],"score":1225,"play_id":"b21e19f4-3880-4788-983c-e1e4004523b0","local_time":"20210224081027","is_ascension_mode":true,"campfire_choices":[{"data":"Eruption","floor":8.0,"key":"SMITH"},{"data":"Adaptation","floor":11.0,"key":"SMITH"},{"data":"MentalFortress","floor":15.0,"key":"SMITH"},{"data":"Adaptation","floor":23,"key":"SMITH"},{"data":"FearNoEvil","floor":28,"key":"SMITH"},{"data":"Wallop","floor":32,"key":"SMITH"},{"data":"FlurryOfBlows","floor":40,"key":"SMITH"},{"data":"Vigilance","floor":42,"key":"SMITH"},{"floor":46,"key":"REST"},{"floor":49,"key":"REST"}],"circlet_count":0,"master_deck":["AscendersBane","Eruption+1","Vigilance+1","Adaptation+1","MentalFortress+1","Wallop+1","FlurryOfBlows+1","FearNoEvil+1","Adaptation+1","Judgement"],"relics":["PureWater","NeowsBlessing","Damaru","Bronze Scales","Anchor","Pen Nib","White Beast Statue","Bag of Marbles","Empty Cage","Incense Burner","Runic Dome","The Courier","MealTicket"],"acts_visited":["Exordium","TheCity","TheBeyond"],"potions_floor_usage":[33,50,50],"damage_taken":[{"damage":0.0,"enemies":"Jaw Worm","floor":1.0,"turns":1.0},{"damage":0.0,"enemies":"Cultist","floor":5.0,"turns":1.0},{"damage":0.0,"enemies":"Lagavulin","floor":6.0,"turns":2.0},{"damage":1.0,"enemies":"Small Slimes","floor":7.0,"turns":5.0},{"damage":14.0,"enemies":"Gremlin Nob","floor":10.0,"turns":4.0},{"damage":1.0,"enemies":"Looter","floor":12.0,"turns":3.0},{"damage":8.0,"enemies":"3 Sentries","floor":13.0,"turns":6.0},{"damage":13,"enemies":"The Guardian","floor":16,"turns":9},{"damage":2,"enemies":"Shell Parasite","floor":18,"turns":2},{"damage":0,"enemies":"2 Thieves","floor":24,"turns":2},{"damage":0,"enemies":"Cultist and Chosen","floor":25,"turns":3},{"damage":0,"enemies":"Centurion and Healer","floor":27,"turns":3},{"damage":3,"enemies":"3 Cultists","floor":31,"turns":4},{"damage":8,"enemies":"Collector","floor":33,"turns":5},{"damage":6,"enemies":"3 Shapes","floor":35,"turns":3},{"damage":1,"enemies":"3 Darklings","floor":36,"turns":6},{"damage":5,"enemies":"Jaw Worm Horde","floor":41,"turns":3},{"damage":0,"enemies":"Spire Growth","floor":45,"turns":2},{"damage":0,"enemies":"Reptomancer","floor":48,"turns":2},{"damage":18,"enemies":"Time Eater","floor":50,"turns":8}],"seed_played":"6478723216390897349","potions_obtained":[{"floor":7.0,"key":"DuplicationPotion"},{"floor":12.0,"key":"Block Potion"},{"floor":16,"key":"CultistPotion"},{"floor":33,"key":"Explosive Potion"},{"floor":45,"key":"Block Potion"}],"is_trial":false,"path_per_floor":["M","?","$","$","M","E","M","R","T","E","R","M","E","T","R","B",null,"M","$","?","?","?","R","M","M","T","M","R","$","?","M","R","B",null,"M","M","?","?","?","R","M","R","T","$","M","R","$","E","R","B",null],"character_chosen":"WATCHER","items_purchased":["Adaptation","Adaptation"],"campfire_rested":2,"item_purchase_floors":[3,19],"current_hp_per_floor":[61,61,61,61,61,61,60,60,60,46,46,45,37,37,37,24,57,55,55,55,55,55,55,55,55,55,55,55,55,55,52,52,44,62,56,55,45,45,45,45,40,40,40,40,40,60,60,60,68,50],"gold":105,"neow_bonus":"THREE_ENEMY_KILL","is_daily":false,"chose_seed":false,"campfire_upgraded":8,"win_rate":0.0,"timestamp":1614121827,"path_taken":["M","?","?","$","M","E","M","R","T","E","R","?","E","?","R","BOSS","M","$","?","?","?","R","M","M","T","M","R","$","?","M","R","BOSS","M","M","?","?","?","R","M","R","T","$","M","R","$","E","R","BOSS"],"items_purchased_type":["Card","Card"],"build_version":"2020-12-22","purchased_purges":3,"victory":true,"max_hp_per_floor":[68,68,68,68,68,68,68,68,68,68,68,68,68,68,68,68,68,68,68,68,68,68,68,68,68,68,68,68,68,68,68,68,68,68,68,68,68,68,68,68,68,68,68,68,68,68,68,68,68,68],"card_choices":[{"not_picked":["Evaluate","Protect","Prostrate"],"picked":"SKIP","floor":1.0},{"not_picked":["FlyingSleeves","EmptyFist","ClearTheMind"],"picked":"SKIP","floor":5.0},{"not_picked":["Vengeance","JustLucky"],"picked":"MentalFortress","floor":6.0},{"not_picked":["ForeignInfluence","Prostrate","EmptyFist"],"picked":"SKIP","floor":7.0},{"not_picked":["CutThroughFate","BowlingBash"],"picked":"Wallop","floor":10.0},{"not_picked":["Study","Consecrate"],"picked":"FlurryOfBlows","floor":12.0},{"not_picked":["ThirdEye","Conclude"],"picked":"FearNoEvil","floor":13.0},{"not_picked":["Establishment","LessonLearned"],"picked":"Judgement","floor":16},{"not_picked":["WaveOfTheHand","ThirdEye","Consecrate"],"picked":"SKIP","floor":18},{"not_picked":["BowlingBash+1","Evaluate","Study"],"picked":"SKIP","floor":24},{"not_picked":["BowlingBash+1","Evaluate","Study"],"picked":"SKIP","floor":24},{"not_picked":["BowlingBash+1","Evaluate","Study"],"picked":"SKIP","floor":24},{"not_picked":["Sanctity","EmptyBody","CrushJoints+1"],"picked":"SKIP","floor":25},{"not_picked":["FlurryOfBlows","Halt","CarveReality"],"picked":"SKIP","floor":27},{"not_picked":["WindmillStrike+1","MasterReality","FollowUp+1"],"picked":"SKIP","floor":31},{"not_picked":["Evaluate+1","Fasting2","LikeWater"],"picked":"SKIP","floor":35},{"not_picked":["Weave+1","FollowUp+1","Pray"],"picked":"SKIP","floor":36},{"not_picked":["FlyingSleeves","FollowUp+1","Meditate"],"picked":"SKIP","floor":41},{"not_picked":["FollowUp","CrushJoints+1","BowlingBash"],"picked":"SKIP","floor":45},{"not_picked":["SpiritShield","Adaptation","JustLucky+1"],"picked":"SKIP","floor":48}],"player_experience":701296,"relics_obtained":[{"floor":2.0,"key":"Damaru"},{"floor":6.0,"key":"Bronze Scales"},{"floor":9.0,"key":"Anchor"},{"floor":10.0,"key":"Pen Nib"},{"floor":13.0,"key":"White Beast Statue"},{"floor":14.0,"key":"Bag of Marbles"},{"floor":26,"key":"Incense Burner"},{"floor":43,"key":"The Courier"},{"floor":48,"key":"MealTicket"}],"event_choices":[{"damage_healed":0.0,"max_hp_gain":0.0,"max_hp_loss":0.0,"gold_gain":0.0,"event_name":"Wheel of Change","player_choice":"Relic","floor":2.0,"gold_loss":0.0,"damage_taken":0.0},{"damage_healed":0,"gold_gain":0,"player_choice":"Ignored","damage_taken":0,"max_hp_gain":0,"max_hp_loss":0,"event_name":"The Mausoleum","floor":20,"gold_loss":0},{"cards_removed":["Defend_P"],"damage_healed":0,"gold_gain":0,"player_choice":"Elegance","damage_taken":0,"max_hp_gain":0,"max_hp_loss":0,"event_name":"Back to Basics","floor":21,"gold_loss":0},{"cards_removed":["Strike_P"],"damage_healed":0,"gold_gain":0,"player_choice":"Gave Gold","damage_taken":0,"max_hp_gain":0,"max_hp_loss":0,"event_name":"Beggar","floor":22,"gold_loss":75},{"damage_healed":0,"gold_gain":0,"cards_transformed":["Strike_P","Defend_P"],"player_choice":"Became Test Subject","damage_taken":0,"max_hp_gain":0,"max_hp_loss":0,"event_name":"Drug Dealer","floor":30,"gold_loss":0,"cards_obtained":["WreathOfFlame","Swivel"]},{"damage_healed":0,"gold_gain":0,"player_choice":"Memory 3","damage_taken":10,"max_hp_gain":0,"max_hp_loss":0,"event_name":"SensoryStone","floor":37,"gold_loss":0},{"cards_removed":["Swivel"],"damage_healed":0,"gold_gain":0,"player_choice":"Removed Skill","damage_taken":0,"max_hp_gain":0,"max_hp_loss":0,"event_name":"Falling","floor":38,"gold_loss":0},{"damage_healed":0,"gold_gain":0,"cards_transformed":["WreathOfFlame"],"player_choice":"Transformed","damage_taken":0,"max_hp_gain":0,"max_hp_loss":0,"event_name":"Transmorgrifier","floor":39,"gold_loss":0,"cards_obtained":["Judgement"]}],"is_beta":false,"boss_relics":[{"not_picked":["Snecko Eye","Tiny House"],"picked":"Empty Cage"},{"not_picked":["Calling Bell","Pandora\u0027s Box"],"picked":"Runic Dome"}],"items_purged_floors":[19,29,44],"is_endless":false,"potions_floor_spawned":[7,12,16,18,24,25,27,31,33,35,36,41,45,48],"ascension_level":14}}