{"host":"aq6zgkax5kiz71xp","time":1614041041,"event":{"mods":["BaseMod","Bestiary","Minty Spire (QoL Compilation)","Quick Restart","StSLib","The Cursed","The Runesmith"],"gold_per_floor":[16,29,49,49,149,149,160,160,160,172,187,187,187,200,200,200,200],"floor_reached":16,"language":"ZHS","playtime":675,"items_purged":[],"score":118,"play_id":"d0b079c3-d9f5-48b0-a27a-fca97a9b2eac","local_time":"20210223084401","is_ascension_mode":true,"campfire_choices":[{"data":"Armaments","floor":6,"key":"SMITH"},{"data":"Barricade","floor":8,"key":"SMITH"},{"data":"Bash","floor":12,"key":"SMITH"},{"data":"Flame Barrier","floor":15,"key":"SMITH"}],"circlet_count":0,"master_deck":["Strike_R","Strike_R","Strike_R","Strike_R","Defend_R","Defend_R","Defend_R","Defend_R","Bash+1","Barricade+1","Armaments+1","Exhume","Flame Barrier+1"],"relics":["Burning Blood","Potion Belt"],"acts_visited":["Exordium"],"potions_floor_usage":[10],"damage_taken":[{"damage":9,"enemies":"Cultist","floor":1,"turns":5},{"damage":3,"enemies":"2 Louse","floor":2,"turns":3},{"damage":12,"enemies":"Small Slimes","floor":3,"turns":4},{"damage":16,"enemies":"Blue Slaver","floor":7,"turns":3},{"damage":25,"enemies":"Exordium Thugs","floor":10,"turns":11},{"damage":18,"enemies":"Large Slime","floor":11,"turns":7},{"damage":17,"enemies":"Exordium Wildlife","floor":14,"turns":5},{"damage":43,"enemies":"Hexaghost","floor":16,"turns":12}],"seed_played":"-6867892322138228425","potions_obtained":[{"floor":2,"key":"ElixirPotion"},{"floor":7,"key":"Regen Potion"}],"is_trial":false,"path_per_floor":["M","M","M","?","?","R","M","R","T","M","M","R","?","M","R","B"],"character_chosen":"IRONCLAD","items_purchased":[],"campfire_rested":0,"item_purchase_floors":[],"current_hp_per_floor":[77,80,74,79,79,79,69,69,69,65,53,53,53,42,42,0,0],"gold":200,"neow_bonus":"THREE_RARE_CARDS","is_daily":false,"chose_seed":false,"campfire_upgraded":4,"win_rate":0.0,"timestamp":1614041041,"path_taken":["M","?","M","?","?","R","M","R","T","M","?","R","?","M","R","BOSS"],"items_purchased_type":[],"build_version":"2020-12-22","purchased_purges":0,"victory":false,"max_hp_per_floor":[80,80,80,85,85,85,85,85,85,85,85,85,85,85,85,85,85],"card_choices":[{"not_picked":["Demon Form","Feed"],"picked":"Barricade","floor":0},{"not_picked":["Twin Strike","Burning Pact"],"picked":"Armaments","floor":1},{"not_picked":["Cleave","Clothesline","Thunderclap"],"picked":"SKIP","floor":2},{"not_picked":["Thunderclap","Rupture","Pommel Strike"],"picked":"SKIP","floor":3},{"not_picked":["True Grit","Pummel","Pommel Strike"],"picked":"SKIP","floor":7},{"not_picked":["Iron Wave","Sentinel"],"picked":"Exhume","floor":10},{"not_picked":["Heavy Blade","Anger","Pommel Strike"],"picked":"SKIP","floor":11},{"not_picked":["Disarm","Sword Boomerang"],"picked":"Flame Barrier","floor":14}],"player_experience":468543,"relics_obtained":[{"floor":9,"key":"Potion Belt"}],"event_choices":[{"damage_healed":0,"gold_gain":0,"player_choice":"Donut","damage_taken":0,"max_hp_gain":5,"max_hp_loss":0,"event_name":"Big Fish","floor":4,"gold_loss":0},{"damage_healed":0,"gold_gain":100,"player_choice":"Pray","damage_taken":0,"max_hp_gain":0,"max_hp_loss":0,"event_name":"Golden Shrine","floor":5,"gold_loss":0},{"cards_removed":["Strike_R"],"damage_healed":0,"gold_gain":0,"player_choice":"Purged","damage_taken":0,"max_hp_gain":0,"max_hp_loss":0,"event_name":"Purifier","floor":13,"gold_loss":0}],"is_beta":false,"boss_relics":[],"items_purged_floors":[],"is_endless":false,"potions_floor_spawned":[2,7],"killed_by":"Hexaghost","ascension_level":5}}