{"host":"iv24d026eac8pm4e","time":1614103495,"event":{"mods":["BaseMod","Minty Spire (QoL Compilation)"],"gold_per_floor":[19,29,39,50,10,10,24,24,24],"floor_reached":8,"language":"ENG","playtime":416,"items_purged":[],"score":100,"play_id":"35ba21ad-6e99-40e7-9194-8ab22afbb962","local_time":"20210223100455","is_ascension_mode":true,"campfire_choices":[{"data":"Well Laid Plans","floor":6,"key":"SMITH"}],"circlet_count":0,"master_deck":["AscendersBane","Strike_G","Strike_G","Strike_G","Strike_G","Strike_G","Defend_G","Defend_G","Defend_G","Defend_G","Defend_G","Survivor","Neutralize","Panache","Well Laid Plans+1","Dodge and Roll","Backflip","Underhanded Strike","Escape Plan","Slice"],"relics":["Ring of the Snake"],"acts_visited":["Exordium"],"potions_floor_usage":[8,8],"damage_taken":[{"damage":1,"enemies":"Cultist","floor":1,"turns":5},{"damage":3,"enemies":"Jaw Worm","floor":2,"turns":7},{"damage":1,"enemies":"2 Louse","floor":3,"turns":4},{"damage":8,"enemies":"Red Slaver","floor":4,"turns":9},{"damage":2,"enemies":"Looter","floor":5,"turns":4},{"damage":9,"enemies":"3 Louse","floor":7,"turns":6},{"damage":52,"enemies":"Gremlin Nob","floor":8,"turns":4}],"seed_played":"-3594679676864470973","potions_obtained":[{"floor":4,"key":"CultistPotion"},{"floor":7,"key":"Block Potion"}],"is_trial":false,"path_per_floor":["M","M","M","M","M","R","M","E"],"character_chosen":"THE_SILENT","items_purchased":[],"campfire_rested":0,"item_purchase_floors":[],"current_hp_per_floor":[58,55,54,46,44,44,35,0,0],"gold":24,"neow_bonus":"RANDOM_COLORLESS_2","is_daily":false,"chose_seed":false,"campfire_upgraded":1,"win_rate":0.0,"timestamp":1614103495,"path_taken":["M","M","M","M","?","R","M","E"],"items_purchased_type":[],"build_version":"2020-12-22","purchased_purges":0,"victory":false,"max_hp_per_floor":[66,66,66,66,66,66,66,66,66],"card_choices":[{"not_picked":["Magnetism","Transmutation"],"picked":"Panache","floor":0},{"not_picked":["Expertise","Outmaneuver"],"picked":"Well Laid Plans","floor":1},{"not_picked":["PiercingWail","Bane"],"picked":"Dodge and Roll","floor":2},{"not_picked":["Prepared","Concentrate"],"picked":"Backflip","floor":3},{"not_picked":["Phantasmal Killer","Dodge and Roll"],"picked":"Underhanded Strike","floor":4},{"not_picked":["Well Laid Plans","Finisher"],"picked":"Escape Plan","floor":5},{"not_picked":["Bouncing Flask","Caltrops"],"picked":"Slice","floor":7}],"player_experience":2604766,"relics_obtained":[],"event_choices":[],"is_beta":false,"boss_relics":[],"items_purged_floors":[],"is_endless":false,"potions_floor_spawned":[4,7],"killed_by":"Gremlin Nob","ascension_level":20}}