{"host":"ydh61a5ftgdajrbo","time":1614085516,"event":{"mods":["BaseMod","Colored Map","Colored Powertips","DeckTracker","Downfall","Hermit","Koishi","Minty Spire (QoL Compilation)","Prisma Mod","Relic Stats","Spire Arcade","StSLib","SuperFastMode","The Cursed","The Jungle","The Mystic","The Runesmith","The Senshi","The Servant 0.9.4"],"gold_per_floor":[168,118,118,133,153,153,188,188,215,245,259,271,271,283,283,379,379,391,391,237,237,237,268,284,284,311,328,355,367,148,158,158,258,258,276,276,327,121,121,151,151,151,178,190,223,223,238,265,265,265],"floor_reached":51,"language":"ZHS","playtime":1983,"items_purged":["downfall:Bewildered"],"score":1222,"play_id":"321f2938-2737-48b9-a355-cefa91b15f46","local_time":"20210223210516","is_ascension_mode":true,"campfire_choices":[{"data":"Eruption","floor":6.0,"key":"SMITH"},{"data":"FlyingSleeves","floor":8.0,"key":"SMITH"},{"floor":15.0,"key":"REST"},{"data":"Tantrum","floor":25.0,"key":"SMITH"},{"floor":32.0,"key":"REST"},{"floor":49.0,"key":"REST"}],"circlet_count":0,"master_deck":["Strike_P","Defend_P","Defend_P","Defend_P","Eruption+1","Vigilance+1","Consecrate+1","CutThroughFate","FlyingSleeves+1","ReachHeaven+1","Meditate","FlurryOfBlows","Tantrum+1","MasterReality","Halt","EmptyFist","Weave","ThirdEye+1","ReachHeaven","Protect+1","Indignation","Vault+1","ThirdEye+1","Deep Breath+1","Crescendo+1","SashWhip","Consecrate+1","EmptyFist+1","Writhe","FlurryOfBlows+1","Protect+1"],"relics":["Tiny House","Whetstone","Art of War","Akabeko","Regal Pillow","Empty Cage","Juzu Bracelet","sneckomod:BabySnecko","MealTicket","Du-Vu Doll","Boot","Bag of Preparation","Oddly Smooth Stone","Fusion Hammer","Turnip","Sling","Ancient Tea Set","Blue Candle","War Paint","GoldenEye","Runesmith:AutoHammer"],"acts_visited":["TheCity","TheBeyond"],"potions_floor_usage":[50,50],"damage_taken":[{"damage":0.0,"enemies":"Small Slimes","floor":1.0,"turns":5.0},{"damage":2.0,"enemies":"Jaw Worm","floor":4.0,"turns":3.0},{"damage":2.0,"enemies":"2 Louse","floor":5.0,"turns":2.0},{"damage":8.0,"enemies":"3 Sentries","floor":7.0,"turns":4.0},{"damage":0.0,"enemies":"Gremlin Nob","floor":10.0,"turns":2.0},{"damage":0.0,"enemies":"2 Fungi Beasts","floor":11.0,"turns":2.0},{"damage":7.0,"enemies":"Exordium Wildlife","floor":12.0,"turns":3.0},{"damage":13.0,"enemies":"Large Slime","floor":14.0,"turns":2.0},{"damage":0.0,"enemies":"Slime Boss","floor":16.0,"turns":3.0},{"damage":16.0,"enemies":"Shell Parasite","floor":18.0,"turns":4.0},{"damage":11.0,"enemies":"Gremlin Leader","floor":23.0,"turns":4.0},{"damage":7.0,"enemies":"Chosen","floor":24.0,"turns":3.0},{"damage":0.0,"enemies":"Centurion and Healer","floor":27.0,"turns":2.0},{"damage":18.0,"enemies":"Book of Stabbing","floor":28.0,"turns":3.0},{"damage":12.0,"enemies":"Snake Plant","floor":29.0,"turns":2.0},{"damage":19.0,"enemies":"Shelled Parasite and Fungi","floor":31.0,"turns":3.0},{"damage":40.0,"enemies":"Champ","floor":33.0,"turns":3.0},{"damage":0.0,"enemies":"Orb Walker","floor":35.0,"turns":1.0},{"damage":31.0,"enemies":"2 Orb Walkers","floor":37.0,"turns":4.0},{"damage":9.0,"enemies":"Giant Head","floor":40.0,"turns":4.0},{"damage":0.0,"enemies":"3 Darklings","floor":44.0,"turns":2.0},{"damage":25.0,"enemies":"Reptomancer","floor":45.0,"turns":3.0},{"damage":3.0,"enemies":"Transient","floor":47.0,"turns":6.0},{"damage":30.0,"enemies":"Nemesis","floor":48.0,"turns":3.0},{"damage":43,"enemies":"Time Eater","floor":50,"turns":4}],"seed_played":"1067916305773729014","potions_obtained":[{"floor":0.0,"key":"Fire Potion"},{"floor":4.0,"key":"Explosive Potion"},{"floor":7.0,"key":"SmokeBomb"},{"floor":10.0,"key":"champ:CounterPotion"},{"floor":11.0,"key":"Swift Potion"},{"floor":28.0,"key":"Energy Potion"},{"floor":33.0,"key":"Energy Potion"},{"floor":37.0,"key":"ColorlessPotion"},{"floor":40.0,"key":"DuplicationPotion"}],"is_trial":false,"path_per_floor":["M","?","?","M","M","R","E","R","T","E","M","M","?","M","R","B",null,"M","?","$","?","?","E","M","R","T","M","E","M","$","M","R","B",null,"M","?","?","$","?","E","?","?","T","M","E","?","M","E","R","B",null],"character_chosen":"WATCHER","items_purchased":["Juzu Bracelet","Oddly Smooth Stone","SashWhip","Sling"],"campfire_rested":3,"item_purchase_floors":[20,30,38,38],"current_hp_per_floor":[70,70,63,61,59,59,51,51,51,51,51,44,32,19,57,57,72,56,56,56,56,56,45,38,38,38,38,20,8,23,4,42,2,58,58,58,27,42,42,33,28,67,67,67,42,59,56,26,61,18],"gold":265,"neow_bonus":"BOSS_RELIC","is_daily":false,"chose_seed":false,"campfire_upgraded":3,"win_rate":0.0,"timestamp":1614085516,"path_taken":["M","?","?","M","?","R","E","R","T","E","M","M","?","M","R","BOSS","M","?","$","?","?","E","M","R","T","M","E","M","$","M","R","BOSS","M","?","?","$","?","E","?","?","T","M","E","?","M","E","R","BOSS"],"items_purchased_type":["Relic","Relic","Card","Relic"],"build_version":"2020-12-22","purchased_purges":1,"victory":true,"max_hp_per_floor":[77,77,77,77,77,77,77,77,77,77,77,77,77,77,77,77,77,77,77,77,77,77,77,77,77,77,77,77,77,77,77,77,77,77,77,77,77,77,77,77,77,67,67,67,67,67,67,67,67,67],"relic_stats":{"Regal Pillow":45,"counters":[25,77],"Blue Candle":[3],"Juzu Bracelet":1,"Bag of Preparation":[22],"Whetstone":["Consecrate","ReachHeaven"],"War Paint":["Deep Breath","Vault"],"Boot":[46],"GoldenEye":[8],"MealTicket":30,"Turnip":[0],"Art of War":[2],"obtain_stats":[{"Regal Pillow":13,"Tiny House":0,"Blue Candle":41,"Oddly Smooth Stone":30,"Juzu Bracelet":20,"Bag of Preparation":28,"Whetstone":7,"War Paint":43,"Empty Cage":17,"Boot":26,"Sling":38,"Ancient Tea Set":40,"GoldenEye":45,"Akabeko":10,"Du-Vu Doll":23,"sneckomod:BabySnecko":21,"MealTicket":22,"Fusion Hammer":34,"Turnip":37,"Art of War":9,"Runesmith:AutoHammer":48,"PureWater":0},{"Regal Pillow":7,"Tiny House":0,"Blue Candle":20,"Oddly Smooth Stone":15,"Juzu Bracelet":10,"Bag of Preparation":14,"Whetstone":4,"War Paint":20,"Empty Cage":9,"Boot":12,"Sling":19,"Ancient Tea Set":20,"GoldenEye":22,"Akabeko":5,"Du-Vu Doll":11,"sneckomod:BabySnecko":10,"MealTicket":10,"Fusion Hammer":17,"Turnip":19,"Art of War":4,"Runesmith:AutoHammer":24,"PureWater":0},{"Regal Pillow":21,"Tiny House":0,"Blue Candle":59,"Oddly Smooth Stone":44,"Juzu Bracelet":30,"Bag of Preparation":42,"Whetstone":14,"War Paint":59,"Empty Cage":26,"Boot":37,"Sling":55,"Ancient Tea Set":59,"GoldenEye":64,"Akabeko":16,"Du-Vu Doll":34,"sneckomod:BabySnecko":30,"MealTicket":30,"Fusion Hammer":50,"Turnip":55,"Art of War":14,"Runesmith:AutoHammer":73,"PureWater":0}]},"card_choices":[{"not_picked":["PathToVictory","Adaptation"],"picked":"Wireheading","floor":0.0},{"not_picked":["PathToVictory","Meditate"],"picked":"Consecrate","floor":1.0},{"not_picked":["JustLucky","CrushJoints"],"picked":"CutThroughFate","floor":4.0},{"not_picked":["Prostrate","ClearTheMind"],"picked":"FlyingSleeves","floor":5.0},{"not_picked":["ThirdEye","InnerPeace"],"picked":"ReachHeaven","floor":7.0},{"not_picked":["Prostrate","Wireheading"],"picked":"Meditate","floor":10.0},{"not_picked":["Evaluate","Prostrate"],"picked":"FlurryOfBlows","floor":11.0},{"not_picked":["ForeignInfluence","ThirdEye"],"picked":"Tantrum","floor":12.0},{"not_picked":["Collect","Wireheading","CrushJoints"],"picked":"SKIP","floor":14.0},{"not_picked":["DeusExMachina","Ragnarok"],"picked":"MasterReality","floor":16.0},{"not_picked":["CutThroughFate","FlyingSleeves"],"picked":"Halt","floor":18.0},{"not_picked":["Alpha","CutThroughFate"],"picked":"EmptyFist","floor":23.0},{"not_picked":["CutThroughFate","Consecrate+1"],"picked":"Weave","floor":24.0},{"not_picked":["Prostrate","BowlingBash"],"picked":"ThirdEye+1","floor":27.0},{"not_picked":["PathToVictory","CutThroughFate"],"picked":"ReachHeaven","floor":28.0},{"not_picked":["JustLucky","MentalFortress"],"picked":"Protect+1","floor":29.0},{"not_picked":["Brilliance","WaveOfTheHand"],"picked":"Indignation","floor":31.0},{"not_picked":["Alpha","Brilliance"],"picked":"Vault","floor":33.0},{"not_picked":["Nirvana","PathToVictory+1"],"picked":"ThirdEye+1","floor":35.0},{"not_picked":["Chrysalis","Mayhem"],"picked":"Deep Breath","floor":36.0},{"not_picked":["ReachHeaven+1","Evaluate+1"],"picked":"Crescendo+1","floor":37.0},{"not_picked":["PathToVictory","BowlingBash"],"picked":"Consecrate+1","floor":40.0},{"not_picked":["SignatureMove","FlyingSleeves+1"],"picked":"EmptyFist+1","floor":44.0},{"not_picked":["BowlingBash+1","FlyingSleeves","Sanctity+1"],"picked":"SKIP","floor":45.0},{"not_picked":["Halt","Vengeance"],"picked":"FlurryOfBlows+1","floor":47.0},{"not_picked":["Devotion","ThirdEye"],"picked":"Protect+1","floor":48.0}],"player_experience":420085,"relics_obtained":[{"floor":7.0,"key":"Whetstone"},{"floor":9.0,"key":"Art of War"},{"floor":10.0,"key":"Akabeko"},{"floor":23.0,"key":"Du-Vu Doll"},{"floor":26.0,"key":"Boot"},{"floor":28.0,"key":"Bag of Preparation"},{"floor":37.0,"key":"Turnip"},{"floor":40.0,"key":"Ancient Tea Set"},{"floor":43.0,"key":"War Paint"},{"floor":45.0,"key":"GoldenEye"},{"floor":48.0,"key":"Runesmith:AutoHammer"}],"event_choices":[{"cards_removed":["Strike_P"],"damage_healed":0.0,"max_hp_gain":0.0,"max_hp_loss":0.0,"gold_gain":0.0,"event_name":"The Cleric","player_choice":"Card Removal","floor":2.0,"gold_loss":50.0,"damage_taken":0.0},{"cards_removed":["Defend_P"],"damage_healed":0.0,"max_hp_gain":0.0,"max_hp_loss":0.0,"gold_gain":0.0,"event_name":"Golden Wing","player_choice":"Card Removal","floor":3.0,"gold_loss":0.0,"damage_taken":7.0},{"damage_healed":0.0,"max_hp_gain":0.0,"max_hp_loss":0.0,"gold_gain":0.0,"event_name":"Scrap Ooze","player_choice":"Success","floor":13.0,"gold_loss":0.0,"damage_taken":12.0,"relics_obtained":["Regal Pillow"]},{"damage_healed":0.0,"max_hp_gain":0.0,"max_hp_loss":0.0,"gold_gain":0.0,"event_name":"Vampires","player_choice":"Ignored","floor":19.0,"gold_loss":0.0,"damage_taken":0.0},{"damage_healed":0.0,"max_hp_gain":0.0,"max_hp_loss":0.0,"gold_gain":0.0,"event_name":"The Mausoleum","player_choice":"Opened","floor":22.0,"gold_loss":0.0,"damage_taken":0.0,"relics_obtained":["MealTicket"]},{"damage_healed":0.0,"max_hp_gain":0.0,"max_hp_loss":0.0,"gold_gain":0.0,"event_name":"SensoryStone","player_choice":"Memory 1","floor":36.0,"gold_loss":0.0,"damage_taken":0.0},{"damage_healed":0.0,"max_hp_gain":0.0,"max_hp_loss":0.0,"gold_gain":0.0,"event_name":"Mysterious Sphere","player_choice":"Fight","floor":37.0,"gold_loss":0.0,"damage_taken":0.0},{"cards_removed":["Wireheading"],"damage_healed":0.0,"max_hp_gain":0.0,"max_hp_loss":0.0,"gold_gain":0.0,"event_name":"Falling","player_choice":"Removed Power","floor":39.0,"gold_loss":0.0,"damage_taken":0.0},{"damage_healed":67.0,"max_hp_gain":0.0,"max_hp_loss":10.0,"gold_gain":0.0,"event_name":"The Moai Head","player_choice":"Heal","floor":42.0,"gold_loss":0.0,"damage_taken":0.0},{"damage_healed":17.0,"max_hp_gain":0.0,"max_hp_loss":0.0,"gold_gain":0.0,"event_name":"Winding Halls","player_choice":"Writhe","floor":46.0,"gold_loss":0.0,"damage_taken":0.0,"cards_obtained":["Writhe"]}],"is_beta":false,"boss_relics":[{"not_picked":["Ectoplasm","SacredBark"],"picked":"Empty Cage"},{"not_picked":["Black Star","SlaversCollar"],"picked":"Fusion Hammer"}],"items_purged_floors":[30],"is_endless":false,"potions_floor_spawned":[4,7,10,11,16,23,28,29,31,33,37,40,48],"ascension_level":9}}