{"host":"31q8uht4v38sth7r","time":1614080523,"event":{"mods":["BaseMod","Colored Map","Highlight Path","Minty Spire (QoL Compilation)","Permanent Neow","StSLib"],"gold_per_floor":[11,28,45,45,61,96,106,141,141,200,200,219,219,219],"floor_reached":13,"language":"ENG","playtime":539,"items_purged":[],"score":146,"play_id":"456a22c5-c1fb-4f36-ada8-bc74749942df","local_time":"20210223194203","is_ascension_mode":true,"campfire_choices":[],"circlet_count":0,"master_deck":["AscendersBane","Strike_B","Strike_B","Strike_B","Defend_B","Defend_B","Defend_B","Defend_B","Zap","Dualcast","Streamline","Ball Lightning","Electrodynamics","Auto Shields","Hologram","BootSequence","Turbo","Chill","Reinforced Body"],"relics":["Cracked Core","StoneCalendar","Juzu Bracelet","Tiny Chest","Darkstone Periapt","Bottled Tornado"],"acts_visited":[],"potions_floor_usage":[6,10,10,10],"damage_taken":[{"damage":0,"enemies":"2 Louse","floor":1,"turns":2},{"damage":0,"enemies":"Small Slimes","floor":2,"turns":2},{"damage":0,"enemies":"Cultist","floor":3,"turns":3},{"damage":0,"enemies":"Exordium Thugs","floor":5,"turns":3},{"damage":10,"enemies":"3 Sentries","floor":6,"turns":3},{"damage":7,"enemies":"Lots of Slimes","floor":7,"turns":2},{"damage":6,"enemies":"Lagavulin","floor":8,"turns":7},{"damage":23,"enemies":"Lagavulin Event","floor":10,"turns":5},{"damage":5,"enemies":"Gremlin Gang","floor":12,"turns":2},{"damage":23,"enemies":"Gremlin Nob","floor":13,"turns":3}],"seed_played":"8206222621568873141","potions_obtained":[{"floor":1,"key":"BlessingOfTheForge"},{"floor":2,"key":"EntropicBrew"},{"floor":6,"key":"SteroidPotion"},{"floor":12,"key":"FearPotion"}],"is_trial":false,"path_per_floor":["M","M","M","?","M","E","M","E","T","?","?","M","E"],"character_chosen":"DEFECT","items_purchased":[],"campfire_rested":0,"item_purchase_floors":[],"current_hp_per_floor":[68,68,68,68,68,58,51,45,45,22,27,22,0,0],"gold":219,"neow_bonus":"ONE_RARE_RELIC","is_daily":false,"chose_seed":false,"campfire_upgraded":0,"win_rate":0.0,"timestamp":1614080523,"path_taken":["M","M","M","?","M","E","M","E","T","?","?","M","E"],"items_purchased_type":[],"build_version":"2020-12-22","purchased_purges":0,"victory":false,"max_hp_per_floor":[75,75,75,75,75,75,75,75,75,75,80,80,80,80],"card_choices":[{"not_picked":["Tempest","Hologram"],"picked":"Streamline","floor":1},{"not_picked":["Chaos","Fusion"],"picked":"Ball Lightning","floor":2},{"not_picked":["Rebound","Compile Driver"],"picked":"Electrodynamics","floor":3},{"not_picked":["Heatsinks","Storm"],"picked":"Hologram","floor":5},{"not_picked":["Hello World","Storm"],"picked":"BootSequence","floor":6},{"not_picked":["Rebound","White Noise"],"picked":"Turbo","floor":7},{"not_picked":["Aggregate","Rebound","Compile Driver"],"picked":"SKIP","floor":8},{"not_picked":["Ball Lightning","Compile Driver"],"picked":"Chill","floor":10},{"not_picked":["Go for the Eyes","Leap"],"picked":"Reinforced Body","floor":12}],"player_experience":997475,"relics_obtained":[{"floor":6,"key":"Juzu Bracelet"},{"floor":8,"key":"Tiny Chest"},{"floor":9,"key":"Darkstone Periapt"},{"floor":10,"key":"Bottled Tornado"}],"event_choices":[{"damage_healed":0,"gold_gain":0,"cards_transformed":["Strike_B"],"player_choice":"Change","damage_taken":0,"max_hp_gain":0,"max_hp_loss":0,"event_name":"Living Wall","floor":4,"gold_loss":0,"cards_obtained":["Auto Shields"]},{"damage_healed":0,"gold_gain":0,"player_choice":"Searched \u00271\u0027 times","damage_taken":0,"max_hp_gain":0,"max_hp_loss":0,"event_name":"Dead Adventurer","floor":10,"gold_loss":0},{"damage_healed":0,"gold_gain":0,"player_choice":"Donut","damage_taken":0,"max_hp_gain":5,"max_hp_loss":0,"event_name":"Big Fish","floor":11,"gold_loss":0}],"is_beta":false,"boss_relics":[],"items_purged_floors":[],"is_endless":false,"potions_floor_spawned":[1,2,6,12],"killed_by":"Gremlin Nob","ascension_level":10}}