{"host":"0mk07bycsqo1qk03","time":1614081753,"event":{"mods":["BaseMod","Downfall","Hermit","Hubris","Minty Spire (QoL Compilation)","Reliquary","Replay The Spire","Spicy Shops","StSLib","The Hierophant"],"gold_per_floor":[109,109,128,163,163,183,183,458,482,482,530,76,76,68,68,115,115,150,185,217,279,279,320,320,377,377,377,377,421,500,570,570,716,716,799,917,926,978,1030,1115,1115,1167,1167,190,190,341,341,3,3,12],"floor_reached":51,"language":"ENG","playtime":2337,"items_purged":["Regret","hierophant:Strike_Hierophant","Amnesia"],"score":995,"play_id":"7a38507f-3c50-4bd9-923f-61753dd8aca9","local_time":"20210223130233","is_ascension_mode":false,"campfire_choices":[{"data":"hierophant:OrnateJavelin","floor":7,"key":"SMITH"},{"data":"hierophant:HolyVerse","floor":10,"key":"SMITH"},{"data":"hierophant:Doubloon","floor":13,"key":"SMITH"},{"data":"hierophant:Remorse","floor":15,"key":"SMITH"},{"data":"hierophant:RepressedViolence","floor":24,"key":"SMITH"},{"floor":32,"key":"REST"},{"floor":41,"key":"REST"},{"data":"1","floor":45,"key":"LIFT"},{"data":"2","floor":49,"key":"LIFT"}],"circlet_count":0,"master_deck":["hierophant:Strike_Hierophant","hierophant:Strike_Hierophant","hierophant:Strike_Hierophant","hierophant:Punish","hierophant:Defend_Hierophant","hierophant:Defend_Hierophant","hierophant:Defend_Hierophant","hierophant:Defend_Hierophant","hierophant:ChurchCoffers","hierophant:HolyVerse+1","hierophant:RustyCrate","hierophant:Doubloon+1","hierophant:Doubloon+1","hierophant:OrnateJavelin+1","hierophant:Smite","hierophant:Remorse+1","hierophant:Doubloon+1","hierophant:Blessing","hierophant:MintersHammer","hierophant:MorningPrayer","hierophant:Doubloon+1","hierophant:RecallFunds+1","hierophant:RepressedViolence+1","hierophant:ChurchCoffers","hierophant:RustyCrate","hierophant:Doubloon+1","hierophant:Doubloon+1","hierophant:EyeForCoin","hierophant:Doubloon+1","hierophant:Doubloon+1","hierophant:Generosity","hierophant:Doubloon+1","hierophant:RustyCrate","hierophant:Doubloon+1","hierophant:Doubloon+1","hierophant:Doubloon+1","hierophant:Invocation","hierophant:Doubloon+1","hierophant:RustyCrate","hierophant:Doubloon+1","hierophant:Doubloon+1","hierophant:Doubloon+1","hierophant:Doubloon+1","hierophant:Remorse","hierophant:Doubloon+1","hierophant:Embezzle+1","hierophant:Doubloon+1","hierophant:PassingBell+1","hierophant:Doubloon+1","hierophant:HolyVerse","hierophant:Doubloon+1","hierophant:Doubloon+1","hierophant:Doubloon+1","hierophant:RecallFunds","hierophant:Doubloon+1","hierophant:CoinFling","downfall:Bewildered","ReplayUltimateDefense","hierophant:Doubloon+1"],"relics":["hierophant:PropheticMaskRelic","NeowsBlessing","hubris:Icosahedron","Juzu Bracelet","Replay:Rubber Ducky","Oddly Smooth Stone","Happy Flower","hubris:VirtuousBlindfold","Red Mask","Matryoshka","Akabeko","Replay:Bottled Steam","CeramicFish","Replay:Bottled Eggs","Replay:Baseball","Fusion Hammer","Ring of Peace","Ring of Hypnosis","Mirror","Meat on the Bone","reliquary:Knoch","BargainBundle","Girya","Replay:WaspNest","Prayer Wheel","hubris:Towel","Membership Card","ReplayTheSpireMod:CursedCoin","Mercury Hourglass","reliquary:Spinner"],"acts_visited":["Exordium","TheCity","TheBeyond"],"potions_floor_usage":[16,16,18,18,18,20,23,23,33,42,42,50,50],"damage_taken":[{"damage":0,"enemies":"2 Louse","floor":1,"turns":1},{"damage":0,"enemies":"Cultist","floor":3,"turns":1},{"damage":0,"enemies":"Small Slimes","floor":4,"turns":1},{"damage":32,"enemies":"3 Sentries","floor":6,"turns":12},{"damage":6,"enemies":"3 Louse","floor":14,"turns":2},{"damage":35,"enemies":"Slime Boss","floor":16,"turns":6},{"damage":0,"enemies":"3 Byrds","floor":18,"turns":4},{"damage":4,"enemies":"Chosen","floor":19,"turns":3},{"damage":10,"enemies":"Shelled Parasite and Fungi","floor":20,"turns":3},{"damage":6,"enemies":"Masked Bandits","floor":21,"turns":3},{"damage":27,"enemies":"Slavers","floor":23,"turns":4},{"damage":18,"enemies":"Sentry and Sphere","floor":25,"turns":4},{"damage":14,"enemies":"3 Cultists","floor":29,"turns":4},{"damage":13,"enemies":"Book of Stabbing","floor":30,"turns":5},{"damage":21,"enemies":"Shelled Parasite and Fungi","floor":31,"turns":4},{"damage":58,"enemies":"Automaton","floor":33,"turns":11},{"damage":0,"enemies":"3 Darklings","floor":35,"turns":3},{"damage":7,"enemies":"Orb Walker","floor":36,"turns":3},{"damage":0,"enemies":"Maw","floor":38,"turns":6},{"damage":3,"enemies":"Writhing Mass","floor":39,"turns":5},{"damage":3,"enemies":"Reptomancer","floor":40,"turns":5},{"damage":7,"enemies":"Giant Head","floor":42,"turns":4},{"damage":14,"enemies":"4 Shapes","floor":46,"turns":5},{"damage":46,"enemies":"Donu and Deca","floor":50,"turns":8}],"seed_played":"-2003736771991055335","potions_obtained":[{"floor":3,"key":"BlessingOfTheForge"},{"floor":6,"key":"hexamod:SoulburnPotion"},{"floor":11,"key":"Dexterity Potion"},{"floor":11,"key":"Languid Potion"},{"floor":16,"key":"BlessingOfTheForge"},{"floor":25,"key":"Strength Potion"},{"floor":29,"key":"Death Potion"},{"floor":33,"key":"LiquidBronze"},{"floor":39,"key":"Strength Potion"}],"is_trial":false,"path_per_floor":["M","?","M","M","?","E","R","?","T","R","?","$","R","M","R","B",null,"M","M","M","?","?","E","R","M","T","?","T","M","E","M","R","B",null,"M","M","?","M","M","E","R","E","T","$","R","M","?","$","R","B",null],"character_chosen":"HIEROPHANT","items_purchased":["Oddly Smooth Stone","Happy Flower","hierophant:Remorse","BargainBundle","Girya","Replay:WaspNest","Prayer Wheel","DistilledChaos","Reflective Coating","Membership Card","ReplayTheSpireMod:CursedCoin","ReplayUltimateDefense","Mercury Hourglass","reliquary:Spinner"],"campfire_rested":2,"item_purchase_floors":[12,12,12,44,44,44,44,44,44,48,48,48,48,48],"current_hp_per_floor":[75,75,75,75,75,43,43,43,43,43,43,43,43,37,37,9,75,75,71,65,66,66,39,39,57,57,57,57,50,44,30,52,1,75,75,68,68,75,75,72,75,75,75,75,75,61,61,61,61,34],"gold":12,"neow_bonus":"THREE_ENEMY_KILL","is_daily":false,"chose_seed":false,"campfire_upgraded":5,"win_rate":0.0,"timestamp":1614081753,"path_taken":["M","?","?","M","?","E","R","?","T","R","?","?","R","M","R","BOSS","M","M","M","?","?","E","R","M","T","?","?","M","E","M","R","BOSS","M","M","?","M","M","E","R","E","T","$","R","M","?","$","R","BOSS"],"items_purchased_type":["Relic","Relic","Card","Relic","Relic","Relic","Relic","Potion","Potion","Relic","Relic","Card","Relic","Relic"],"build_version":"2020-12-22","purchased_purges":3,"victory":true,"max_hp_per_floor":[75,75,75,75,75,75,75,75,75,75,75,75,75,75,75,75,75,75,75,75,75,75,75,75,75,75,75,75,75,75,75,75,75,75,75,75,75,75,75,75,75,75,75,75,75,75,75,75,75,75],"card_choices":[{"not_picked":["hierophant:Zeal","hierophant:RustyCrate"],"picked":"hierophant:HolyVerse","floor":1},{"not_picked":["hierophant:Shelter","hierophant:Remorse"],"picked":"hierophant:RustyCrate","floor":3},{"not_picked":["hierophant:Sermon","hierophant:PristineSoul"],"picked":"hierophant:OrnateJavelin","floor":4},{"not_picked":["hierophant:ThreeLashes","hierophant:Mercenaries"],"picked":"hierophant:Smite","floor":6},{"not_picked":["hierophant:ConvertCurrency","hierophant:CoinFling"],"picked":"hierophant:Blessing","floor":14},{"not_picked":["hierophant:Batter","hierophant:DeathKnell"],"picked":"hierophant:MintersHammer","floor":16},{"not_picked":["hierophant:FlamingChariot","hierophant:MirrorShield","hierophant:FaithHealing"],"picked":"SKIP","floor":18},{"not_picked":["hierophant:Chorus+1","hierophant:DisplayOfPower"],"picked":"hierophant:MorningPrayer","floor":19},{"not_picked":["hierophant:AuricBeam","hierophant:MirrorShield+1"],"picked":"hierophant:RecallFunds+1","floor":20},{"not_picked":["hierophant:ThreeLashes","hierophant:DisplayOfPower"],"picked":"hierophant:RepressedViolence","floor":21},{"not_picked":["hierophant:SolarFlare+1","hierophant:Endure+1"],"picked":"hierophant:RustyCrate","floor":23},{"not_picked":["hierophant:Sermon","hierophant:ThreeLashes","hierophant:Doomsaying"],"picked":"SKIP","floor":25},{"not_picked":["hierophant:FieryStrike+1","hierophant:Racketeering"],"picked":"hierophant:EyeForCoin","floor":29},{"not_picked":["hierophant:Chorus","hierophant:FlamingChariot"],"picked":"hierophant:Generosity","floor":30},{"not_picked":["hierophant:FaithHealing","hierophant:CoinFling"],"picked":"hierophant:RustyCrate","floor":31},{"not_picked":["hierophant:Batter","hierophant:WrathOfGod"],"picked":"hierophant:Invocation","floor":33},{"not_picked":["hierophant:Doomsaying+1","hierophant:AuricBeam+1"],"picked":"hierophant:RustyCrate","floor":35},{"not_picked":["hierophant:RepressedViolence+1","hierophant:SealAway+1"],"picked":"hierophant:Remorse","floor":36},{"not_picked":["hierophant:SealAway","hierophant:Smite"],"picked":"hierophant:Embezzle+1","floor":38},{"not_picked":["hierophant:OrnateBuckler+1","hierophant:Blessing"],"picked":"hierophant:PassingBell+1","floor":39},{"not_picked":["hierophant:Prophecy","hierophant:Generosity"],"picked":"hierophant:HolyVerse","floor":40},{"not_picked":["hierophant:SealAway","hierophant:Shelter","hierophant:DisplayOfPower"],"picked":"SKIP","floor":42},{"not_picked":["hierophant:HammerAndAnvil+1","hierophant:Rebuild+1"],"picked":"hierophant:RecallFunds","floor":46},{"not_picked":["hierophant:Doubloon+1","hierophant:FaithHealing"],"picked":"hierophant:CoinFling","floor":46}],"player_experience":1062856,"relics_obtained":[{"floor":6,"key":"Juzu Bracelet"},{"floor":9,"key":"Replay:Rubber Ducky"},{"floor":21,"key":"Red Mask"},{"floor":23,"key":"Matryoshka"},{"floor":26,"key":"Akabeko"},{"floor":26,"key":"Replay:Bottled Steam"},{"floor":28,"key":"CeramicFish"},{"floor":28,"key":"Replay:Bottled Eggs"},{"floor":30,"key":"Replay:Baseball"},{"floor":37,"key":"Ring of Peace"},{"floor":37,"key":"Ring of Hypnosis"},{"floor":40,"key":"Mirror"},{"floor":42,"key":"Meat on the Bone"},{"floor":43,"key":"reliquary:Knoch"}],"event_choices":[{"damage_healed":0,"gold_gain":0,"player_choice":"Ignored","damage_taken":0,"max_hp_gain":0,"max_hp_loss":0,"event_name":"NoteForYourself","floor":2,"gold_loss":0},{"damage_healed":0,"gold_gain":275,"player_choice":"Desecrate","damage_taken":0,"max_hp_gain":0,"max_hp_loss":0,"event_name":"Golden Shrine","floor":8,"gold_loss":0,"cards_obtained":["Regret"]},{"damage_healed":0,"gold_gain":0,"player_choice":"Fought Bandits","damage_taken":0,"max_hp_gain":0,"max_hp_loss":0,"event_name":"Masked Bandits","floor":21,"gold_loss":0},{"damage_healed":0,"gold_gain":0,"player_choice":"Copied","damage_taken":0,"max_hp_gain":0,"max_hp_loss":0,"event_name":"Duplicator","floor":22,"gold_loss":0,"cards_obtained":["hierophant:ChurchCoffers"]},{"damage_healed":0,"gold_gain":0,"player_choice":"0 cards matched","damage_taken":0,"max_hp_gain":0,"max_hp_loss":0,"event_name":"Match and Keep!","floor":27,"gold_loss":0,"cards_obtained":[]}],"is_beta":false,"boss_relics":[{"not_picked":["Astrolabe","Pandora\u0027s Box"],"picked":"hubris:VirtuousBlindfold"},{"not_picked":["hubris:RunicObelisk","Coffee Dripper"],"picked":"Fusion Hammer"}],"items_purged_floors":[12,44,48],"is_endless":false,"potions_floor_spawned":[3,6,14,16,18,25,29,33,39,40,46],"ascension_level":0}}