{"host":"0fupymmp6wdjyqoi","time":1614104947,"event":{"mods":["BaseMod","Bestiary","Clockwork Mod","Conspire","Downfall","GifTheSpireLib","Hubris","Infinite Spire","Minty Spire (QoL Compilation)","Replay The Spire","StSLib","The Construct","The Senshi"],"gold_per_floor":[115,115,38,51,51,51,86,86,86,110,110,143,154,170,170,270,270,282,294,444,464,464,464,477,477,559,582,597,613,48,48,48,157,157,172,172,172,122,175,200,200,220,220,233,233],"floor_reached":44,"language":"ENG","playtime":5227,"items_purged":["Strike_B","Regret","Strike_B"],"score":518,"play_id":"64559ae4-0000-46ca-9c4e-849c97057d85","local_time":"20210223192907","is_ascension_mode":false,"campfire_choices":[{"data":"Zap","floor":6.0,"key":"SMITH"},{"data":"Static Discharge","floor":8.0,"key":"SMITH"},{"data":"Cold Snap","floor":11.0,"key":"SMITH"},{"data":"Defend_B+1","floor":15.0,"key":"SMITH"},{"data":"Hologram","floor":23.0,"key":"SMITH"},{"floor":25.0,"key":"REST"},{"floor":32.0,"key":"REST"},{"floor":41,"key":"REST"}],"circlet_count":0,"master_deck":["Strike_B","Strike_B+1","Defend_B","Defend_B","Defend_B","Defend_B+2","Zap+1","Dualcast","Cold Snap+1","Static Discharge+1","Compile Driver","Stack","Hologram+1","Cold Snap","FIFO Queue","All For One","Conserve Battery+1","FIFO Queue","Looming Evil","ReplayTheSpireMod:Book of Names","Coolheaded+1","BootSequence","hubris:Greed","Ball Lightning","Hologram","Capacitor","Defragment","Tempest","Tempest","Consume","Leap","Force Field","Bandage Up","conspire:SpireCoStock","Steam+1","Panic Button+1","Auto Shields+1"],"relics":["Cracked Core","NeowsBlessing","FaceOfCleric","hubris:PeanutButter","Vajra","Matryoshka","Orichalcum","PreservedInsect","Simple Rune","SacredBark","ReplayTheSpireMod:CursedCoin","hubris:HollowSoul","Replay:Baseball","Onion Ring","Nloth\u0027s Gift","hubris:Backtick","hubris:SoftwareUpdate","Prayer Wheel","construct:ClawGrip","hubris:TenFootPole","hubris:Teleporter","Potion Belt"],"acts_visited":["Exordium","TheCity","TheBeyond"],"potions_floor_usage":[44,44,44],"damage_taken":[{"damage":0.0,"enemies":"Small Slimes","floor":1.0,"turns":1.0},{"damage":0.0,"enemies":"Cultist","floor":4.0,"turns":1.0},{"damage":0.0,"enemies":"Lagavulin","floor":7.0,"turns":1.0},{"damage":2.0,"enemies":"Gremlin Nob","floor":12.0,"turns":3.0},{"damage":0.0,"enemies":"2 Louse","floor":13.0,"turns":2.0},{"damage":10.0,"enemies":"Exordium Wildlife","floor":14.0,"turns":4.0},{"damage":28.0,"enemies":"Slime Boss","floor":16.0,"turns":9.0},{"damage":9.0,"enemies":"Shell Parasite","floor":18.0,"turns":6.0},{"damage":0.0,"enemies":"conspire:FuzzyDice","floor":19.0,"turns":6.0},{"damage":31.0,"enemies":"Shelled Parasite and Fungi","floor":21.0,"turns":7.0},{"damage":0.0,"enemies":"conspire:HollyBat","floor":24.0,"turns":8.0},{"damage":14.0,"enemies":"Snake Plant","floor":27.0,"turns":5.0},{"damage":26.0,"enemies":"3 Cultists","floor":28.0,"turns":6.0},{"damage":0.0,"enemies":"Centurion and Healer","floor":29.0,"turns":5.0},{"damage":47.0,"enemies":"hubris:MusketHawk","floor":33.0,"turns":9.0},{"damage":15,"enemies":"Orb Walker","floor":35,"turns":4},{"damage":49,"enemies":"2 Orb Walkers","floor":39,"turns":4},{"damage":16,"enemies":"3 Darklings","floor":40,"turns":8},{"damage":56,"enemies":"Sphere and 2 Shapes","floor":42,"turns":5},{"damage":23,"enemies":"infinitespire:Three Voidlings","floor":44,"turns":3}],"seed_played":"3793421378431248040","potions_obtained":[{"floor":4.0,"key":"Venom Potion"},{"floor":12.0,"key":"AttackPotion"},{"floor":19.0,"key":"Fruit Juice"},{"floor":21.0,"key":"FocusPotion"},{"floor":24.0,"key":"Block Potion"},{"floor":28.0,"key":"Energy Potion"},{"floor":33.0,"key":"Venom Potion"},{"floor":39,"key":"Venom Potion"}],"is_trial":false,"path_per_floor":["M","?","$","M","?","R","E","R","T","T","R","E","M","M","R","B",null,"M","M","AVR","M","?","R","M","R","T","M","M","M","$","?","R","B",null,"M","AVR","?","?","?","M","R","M","T","?"],"character_chosen":"DEFECT","items_purchased":["Static Discharge","ReplayFunnel","Defragment","Tempest","Consume","Fruit Juice","Swift Potion"],"campfire_rested":3,"item_purchase_floors":[3,30,30,30,30,30,30],"current_hp_per_floor":[75,75,75,76,76,76,77,77,77,77,77,76,77,68,68,41,81,73,74,84,54,54,54,55,83,83,70,45,46,56,56,88,42,109,95,95,95,95,51,40,73,18,18,0,0],"gold":233,"neow_bonus":"THREE_ENEMY_KILL","is_daily":false,"chose_seed":false,"campfire_upgraded":5,"win_rate":0.0,"timestamp":1614104947,"path_taken":["M","?","$","?","?","R","E","R","T","?","R","E","M","M","R","BOSS","M","M","AVR","M","?","R","M","R","T","M","?","M","$","?","R","BOSS","M","AVR","?","?","?","M","R","M","T","?"],"items_purchased_type":["Card","Relic","Card","Card","Card","Potion","Potion"],"build_version":"2020-12-22","purchased_purges":3,"victory":false,"max_hp_per_floor":[75,75,75,76,76,76,77,77,77,77,77,78,79,80,80,81,81,82,83,93,94,94,94,95,95,95,96,97,98,108,108,108,109,109,110,110,110,110,111,112,112,113,113,113,113],"card_choices":[{"not_picked":["Stack","Panic Button"],"picked":"Cold Snap","floor":1.0},{"not_picked":["Streamline","Cold Snap"],"picked":"Compile Driver","floor":4.0},{"not_picked":["Multi-Cast","Beam Cell"],"picked":"Stack","floor":7.0},{"not_picked":["Skim","Biased Cognition"],"picked":"Hologram","floor":12.0},{"not_picked":["Steam","ReplayTheSpireMod:Repulse"],"picked":"Cold Snap","floor":13.0},{"not_picked":["Self Repair","conspire:Rain"],"picked":"FIFO Queue","floor":14.0},{"not_picked":["Rainbow","Seek"],"picked":"All For One","floor":16.0},{"not_picked":["Compile Driver+1","Stack"],"picked":"Conserve Battery","floor":18.0},{"not_picked":["Go for the Eyes+1","Stack"],"picked":"FIFO Queue","floor":19.0},{"not_picked":["Undo","BasicCrystalCard+1"],"picked":"Coolheaded+1","floor":21.0},{"not_picked":["Melter","Force Field+1"],"picked":"BootSequence","floor":24.0},{"not_picked":["Cold Snap","Streamline"],"picked":"Ball Lightning","floor":27.0},{"not_picked":["Cold Snap+1","Sweeping Beam"],"picked":"Hologram","floor":28.0},{"not_picked":["Cold Snap","Beam Cell+1"],"picked":"Capacitor","floor":29.0},{"not_picked":["All For One","hubris:DoWhile"],"picked":"ReplayTheSpireMod:Fabricate Wheel","floor":33.0},{"not_picked":["BasicCrystalCard","hubris:PowerSurge+1"],"picked":"Leap","floor":35},{"not_picked":["Leap+1","Stack"],"picked":"Force Field","floor":35},{"not_picked":["Discovery","ReplayTheSpireMod:Trickstab"],"picked":"Bandage Up","floor":37},{"not_picked":["Stack+1","Leap"],"picked":"Steam+1","floor":39},{"not_picked":["Seek","Thunder Strike"],"picked":"Panic Button+1","floor":40},{"not_picked":["Darkness+1","Go for the Eyes","Sweeping Beam"],"picked":"SKIP","floor":40},{"not_picked":["Steam Power","Ball Lightning"],"picked":"Auto Shields+1","floor":42},{"not_picked":["Stack+1","Gash+1","Chaos"],"picked":"SKIP","floor":42}],"player_experience":83979,"relics_obtained":[{"floor":7.0,"key":"Vajra"},{"floor":9.0,"key":"Matryoshka"},{"floor":10.0,"key":"Orichalcum"},{"floor":10.0,"key":"PreservedInsect"},{"floor":12.0,"key":"Simple Rune"},{"floor":26.0,"key":"Replay:Baseball"},{"floor":26.0,"key":"Onion Ring"},{"floor":39,"key":"hubris:Teleporter"},{"floor":43,"key":"Potion Belt"}],"event_choices":[{"damage_healed":0.0,"max_hp_gain":0.0,"max_hp_loss":0.0,"gold_gain":0.0,"event_name":"FaceTrader","player_choice":"Trade","floor":2.0,"gold_loss":0.0,"damage_taken":0.0,"relics_obtained":["FaceOfCleric"]},{"damage_healed":0.0,"max_hp_gain":0.0,"max_hp_loss":0.0,"gold_gain":0.0,"event_name":"Big Fish","player_choice":"Box","floor":5.0,"gold_loss":0.0,"damage_taken":0.0,"relics_obtained":["hubris:PeanutButter"],"cards_obtained":["Regret"]},{"damage_healed":0.0,"max_hp_gain":0.0,"max_hp_loss":0.0,"gold_gain":0.0,"event_name":"Upgrade Shrine","player_choice":"Upgraded","floor":22.0,"gold_loss":0.0,"damage_taken":0.0,"cards_upgraded":["Conserve Battery"]},{"damage_healed":0.0,"max_hp_gain":0.0,"max_hp_loss":0.0,"gold_gain":0.0,"event_name":"N\u0027loth","player_choice":"Traded Relic","floor":31.0,"relics_lost":["ReplayFunnel"],"gold_loss":0.0,"damage_taken":0.0,"relics_obtained":["Nloth\u0027s Gift"]},{"damage_healed":0,"gold_gain":0,"player_choice":"Memory 1","damage_taken":0,"max_hp_gain":0,"max_hp_loss":0,"event_name":"SensoryStone","floor":37,"gold_loss":0},{"damage_healed":0,"gold_gain":0,"player_choice":"Invest 1","damage_taken":0,"max_hp_gain":0,"max_hp_loss":0,"event_name":"conspire:Investor","floor":38,"gold_loss":0},{"damage_healed":0,"gold_gain":0,"player_choice":"Fight","damage_taken":0,"max_hp_gain":0,"max_hp_loss":0,"event_name":"Mysterious Sphere","floor":39,"gold_loss":0}],"is_beta":false,"boss_relics":[{"not_picked":["Philosopher\u0027s Stone","ReplayTheSpireMod:SealedPack"],"picked":"SacredBark"},{"not_picked":["SlaversCollar","Pandora\u0027s Box"],"picked":"hubris:Backtick"}],"items_purged_floors":[20,30,36],"is_endless":false,"potions_floor_spawned":[4,12,19,21,24,28,33,39,42],"killed_by":"infinitespire:Three Voidlings","ascension_level":0}}