{"host":"n3r7007bx0xr1slw","time":1614039550,"event":{"mods":["BaseMod","Colored Powertips","DeckTracker","Googly Eyes","Highlight Path","Minty Spire (QoL Compilation)","Relic Stats","StSLib"],"gold_per_floor":[116,116,116,130,141,176,192,192,192,192,208,272,272,302,302,407,707,722,338,338,364,21,55,72,72,95,129,129,149,160,160,160,263,263,275,294,40,60,282,282,298,350,350,350,368,368,401,429,441,453,453],"floor_reached":50,"language":"ENG","playtime":3007,"items_purged":["Regret"],"score":835,"play_id":"b2ad64c3-a5e9-4b74-b731-e42e976f09b9","local_time":"20210222191910","is_ascension_mode":true,"campfire_choices":[{"data":"ForeignInfluence","floor":8,"key":"SMITH"},{"floor":15,"key":"REST"},{"data":"Tantrum","floor":25,"key":"SMITH"},{"data":"JustLucky","floor":32,"key":"SMITH"},{"data":"FlyingSleeves","floor":40,"key":"SMITH"},{"data":"1","floor":44,"key":"LIFT"},{"floor":49,"key":"REST"}],"circlet_count":0,"master_deck":["Strike_P","Strike_P","Strike_P","Strike_P","Defend_P","Defend_P","Eruption+1","Wallop","FlurryOfBlows","JustLucky+1","ForeignInfluence+1","DeusExMachina","CurseOfTheBell","FlyingSleeves+1","Swivel","Weave","Tantrum+1","ReachHeaven+1","Indignation+1","ClearTheMind+1","Wireheading+1","Weave","Vengeance+1","ThirdEye+1","FollowUp+1","ConjureBlade","ThirdEye"],"relics":["PureWater","TungstenRod","Mercury Hourglass","Shuriken","Matryoshka","Ancient Tea Set","MealTicket","Darkstone Periapt","Calling Bell","Potion Belt","HornCleat","Old Coin","Prayer Wheel","MutagenicStrength","Red Mask","Kunai","Pear","White Beast Statue","Pen Nib","Bag of Preparation","Empty Cage","Sundial","Girya","Du-Vu Doll","Pocketwatch","MawBank"],"acts_visited":["Exordium","TheCity","TheBeyond"],"potions_floor_usage":[5,6,16,21,23,27,33,33,33,35,41,42,42,47,50,50,50,50,50],"damage_taken":[{"damage":20,"enemies":"2 Louse","floor":1,"turns":3},{"damage":0,"enemies":"Jaw Worm","floor":4,"turns":2},{"damage":0,"enemies":"Cultist","floor":5,"turns":2},{"damage":13,"enemies":"3 Sentries","floor":6,"turns":3},{"damage":0,"enemies":"Large Slime","floor":7,"turns":2},{"damage":5,"enemies":"3 Louse","floor":11,"turns":2},{"damage":1,"enemies":"3 Sentries","floor":12,"turns":2},{"damage":30,"enemies":"Lagavulin","floor":14,"turns":6},{"damage":24,"enemies":"Hexaghost","floor":16,"turns":6},{"damage":2,"enemies":"3 Byrds","floor":18,"turns":3},{"damage":34,"enemies":"Masked Bandits","floor":21,"turns":3},{"damage":0,"enemies":"Book of Stabbing","floor":23,"turns":3},{"damage":0,"enemies":"Shell Parasite","floor":24,"turns":2},{"damage":0,"enemies":"Gremlin Leader","floor":27,"turns":2},{"damage":0,"enemies":"Sentry and Sphere","floor":29,"turns":2},{"damage":0,"enemies":"Snecko","floor":30,"turns":2},{"damage":0,"enemies":"Champ","floor":33,"turns":1},{"damage":0,"enemies":"Orb Walker","floor":35,"turns":1},{"damage":1,"enemies":"3 Shapes","floor":36,"turns":3},{"damage":0,"enemies":"Writhing Mass","floor":38,"turns":2},{"damage":12,"enemies":"4 Shapes","floor":41,"turns":2},{"damage":0,"enemies":"2 Orb Walkers","floor":42,"turns":2},{"damage":8,"enemies":"3 Darklings","floor":45,"turns":3},{"damage":71,"enemies":"Reptomancer","floor":47,"turns":3},{"damage":0,"enemies":"Transient","floor":48,"turns":5},{"damage":78,"enemies":"Awakened One","floor":50,"turns":4}],"seed_played":"-1341056173525923690","potions_obtained":[{"floor":1,"key":"AttackPotion"},{"floor":5,"key":"Fruit Juice"},{"floor":14,"key":"EssenceOfSteel"},{"floor":18,"key":"GamblersBrew"},{"floor":21,"key":"Swift Potion"},{"floor":23,"key":"AttackPotion"},{"floor":27,"key":"Fire Potion"},{"floor":28,"key":"SpeedPotion"},{"floor":28,"key":"DuplicationPotion"},{"floor":28,"key":"SneckoOil"},{"floor":29,"key":"BlessingOfTheForge"},{"floor":30,"key":"Strength Potion"},{"floor":33,"key":"EssenceOfSteel"},{"floor":35,"key":"Fire Potion"},{"floor":36,"key":"StancePotion"},{"floor":38,"key":"StancePotion"},{"floor":41,"key":"SpeedPotion"},{"floor":42,"key":"FearPotion"},{"floor":45,"key":"SneckoOil"},{"floor":47,"key":"AttackPotion"},{"floor":48,"key":"EssenceOfSteel"}],"is_trial":false,"path_per_floor":["M","?","?","M","M","E","M","R","T","?","M","?","T","E","R","B",null,"M","$","?","?","$","E","M","R","T","E","?","M","M","?","R","B",null,"M","M","$","M","?","R","M","?","T","R","M","?","E","M","R","B"],"character_chosen":"WATCHER","items_purchased":["Prayer Wheel","Kunai","Weave","Tantrum","Sundial"],"campfire_rested":2,"item_purchase_floors":[19,22,22,22,37],"current_hp_per_floor":[59,59,59,59,64,51,51,51,51,51,46,45,45,15,40,16,90,88,90,90,56,71,81,81,81,81,81,81,81,81,81,81,81,100,100,99,100,100,100,100,88,88,88,88,80,80,9,9,39,0,0],"gold":453,"neow_bonus":"TEN_PERCENT_HP_BONUS","is_daily":false,"chose_seed":false,"campfire_upgraded":4,"win_rate":0.0,"timestamp":1614039550,"path_taken":["M","?","?","?","M","E","M","R","T","?","M","?","?","E","R","BOSS","M","$","?","?","$","E","?","R","T","E","?","?","M","?","R","BOSS","M","?","$","M","?","R","M","?","T","R","M","?","E","?","R","BOSS"],"items_purchased_type":["Relic","Relic","Card","Card","Relic"],"build_version":"2020-12-22","purchased_purges":1,"victory":false,"max_hp_per_floor":[79,79,79,79,84,84,84,84,84,84,84,84,84,84,84,84,90,90,90,90,90,90,100,100,100,100,100,100,100,100,100,100,100,100,100,100,100,100,100,100,100,100,100,100,100,100,100,100,100,100,100],"relic_stats":{"Darkstone Periapt":6,"counters":[26,70],"Pen Nib":[12],"Bag of Preparation":[26],"MawBank":36,"Mercury Hourglass":[285],"Shuriken":[46],"Sundial":[2],"MealTicket":18,"Prayer Wheel":9,"Kunai":[34],"obtain_stats":[{"Darkstone Periapt":14,"Bag of Preparation":27,"Ancient Tea Set":13,"Empty Cage":34,"Old Coin":17,"Matryoshka":12,"HornCleat":17,"Sundial":37,"MealTicket":13,"Prayer Wheel":19,"Red Mask":21,"Kunai":22,"Potion Belt":17,"Girya":42,"Pear":23,"Pen Nib":26,"MawBank":47,"White Beast Statue":26,"Mercury Hourglass":9,"Calling Bell":17,"Du-Vu Doll":43,"Shuriken":10,"MutagenicStrength":20,"PureWater":0,"TungstenRod":6,"Pocketwatch":46},{"Darkstone Periapt":8,"Bag of Preparation":14,"Ancient Tea Set":7,"Empty Cage":17,"Old Coin":9,"Matryoshka":7,"HornCleat":9,"Sundial":19,"MealTicket":7,"Prayer Wheel":10,"Red Mask":11,"Kunai":11,"Potion Belt":9,"Girya":22,"Pear":12,"Pen Nib":13,"MawBank":24,"White Beast Statue":13,"Mercury Hourglass":5,"Calling Bell":9,"Du-Vu Doll":22,"Shuriken":5,"MutagenicStrength":10,"PureWater":0,"TungstenRod":4,"Pocketwatch":23},{"Darkstone Periapt":21,"Bag of Preparation":40,"Ancient Tea Set":16,"Empty Cage":45,"Old Coin":27,"Matryoshka":16,"HornCleat":27,"Sundial":49,"MealTicket":16,"Prayer Wheel":30,"Red Mask":33,"Kunai":33,"Potion Belt":27,"Girya":55,"Pear":36,"Pen Nib":38,"MawBank":61,"White Beast Statue":38,"Mercury Hourglass":12,"Calling Bell":27,"Du-Vu Doll":55,"Shuriken":12,"MutagenicStrength":30,"PureWater":0,"TungstenRod":10,"Pocketwatch":58}],"TungstenRod":31,"Pocketwatch":[3]},"card_choices":[{"not_picked":["Protect","Nirvana"],"picked":"Wallop","floor":1},{"not_picked":["Evaluate","Crescendo"],"picked":"FlurryOfBlows","floor":4},{"not_picked":["Indignation","FlyingSleeves"],"picked":"JustLucky","floor":5},{"not_picked":["SpiritShield","SashWhip"],"picked":"ForeignInfluence","floor":6},{"not_picked":["Nirvana","EmptyFist","BowlingBash"],"picked":"SKIP","floor":7},{"not_picked":["SashWhip","Fasting2","BowlingBash"],"picked":"SKIP","floor":11},{"not_picked":["ThirdEye","Consecrate","FollowUp"],"picked":"SKIP","floor":14},{"not_picked":["Wish","Vault"],"picked":"DeusExMachina","floor":16},{"not_picked":["CrushJoints","Consecrate+1"],"picked":"FlyingSleeves","floor":18},{"not_picked":["InnerPeace","FlurryOfBlows"],"picked":"Swivel","floor":21},{"not_picked":["FlyingSleeves","Adaptation","Conclude"],"picked":"SKIP","floor":23},{"not_picked":["DeusExMachina","EmptyFist"],"picked":"ReachHeaven+1","floor":24},{"not_picked":["BowlingBash","Prostrate","EmptyFist"],"picked":"SKIP","floor":24},{"not_picked":["Pray+1","Wish"],"picked":"Indignation+1","floor":27},{"not_picked":["Consecrate+1","Indignation+1"],"picked":"ClearTheMind+1","floor":29},{"not_picked":["CutThroughFate","Indignation+1","WindmillStrike"],"picked":"SKIP","floor":29},{"not_picked":["Evaluate","CrushJoints"],"picked":"Wireheading+1","floor":30},{"not_picked":["ThirdEye","Crescendo","CrushJoints"],"picked":"SKIP","floor":30},{"not_picked":["Conclude+1","Swivel","InnerPeace+1"],"picked":"SKIP","floor":35},{"not_picked":["Nirvana+1","FlurryOfBlows+1","PathToVictory"],"picked":"SKIP","floor":35},{"not_picked":["WaveOfTheHand","Sanctity+1","Evaluate"],"picked":"SKIP","floor":36},{"not_picked":["InnerPeace+1","FlyingSleeves","Prostrate+1"],"picked":"SKIP","floor":36},{"not_picked":["PathToVictory+1","BowlingBash"],"picked":"Vengeance+1","floor":38},{"not_picked":["Devotion","ClearTheMind"],"picked":"ThirdEye+1","floor":38},{"not_picked":["BowlingBash","Indignation+1"],"picked":"FollowUp+1","floor":41},{"not_picked":["Protect+1","Worship"],"picked":"ConjureBlade","floor":41},{"not_picked":["Pray+1","Prostrate"],"picked":"ThirdEye","floor":45},{"not_picked":["CrushJoints+1","Meditate+1","Protect"],"picked":"SKIP","floor":45},{"not_picked":["Evaluate+1","BattleHymn","DeusExMachina"],"picked":"SKIP","floor":47},{"not_picked":["ClearTheMind+1","Consecrate","Evaluate"],"picked":"SKIP","floor":48},{"not_picked":["Crescendo+1","Tantrum+1","CutThroughFate+1"],"picked":"SKIP","floor":48}],"player_experience":145643,"relics_obtained":[{"floor":6,"key":"TungstenRod"},{"floor":9,"key":"Mercury Hourglass"},{"floor":12,"key":"Matryoshka"},{"floor":13,"key":"Ancient Tea Set"},{"floor":13,"key":"MealTicket"},{"floor":14,"key":"Darkstone Periapt"},{"floor":17,"key":"Potion Belt"},{"floor":17,"key":"HornCleat"},{"floor":17,"key":"Old Coin"},{"floor":21,"key":"Red Mask"},{"floor":23,"key":"Pear"},{"floor":26,"key":"White Beast Statue"},{"floor":26,"key":"Pen Nib"},{"floor":27,"key":"Bag of Preparation"},{"floor":42,"key":"Girya"},{"floor":43,"key":"Du-Vu Doll"},{"floor":47,"key":"MawBank"}],"event_choices":[{"damage_healed":0,"gold_gain":0,"player_choice":"Grow","damage_taken":0,"max_hp_gain":0,"max_hp_loss":0,"event_name":"Living Wall","floor":2,"gold_loss":0,"cards_upgraded":["Eruption"]},{"cards_removed":["Vigilance"],"damage_healed":0,"gold_gain":0,"player_choice":"Offered Basic","damage_taken":0,"max_hp_gain":0,"max_hp_loss":0,"event_name":"Bonfire Elementals","floor":3,"gold_loss":0},{"damage_healed":0,"gold_gain":0,"player_choice":"Box","damage_taken":0,"relics_obtained":["Shuriken"],"max_hp_gain":0,"max_hp_loss":0,"event_name":"Big Fish","floor":10,"gold_loss":0,"cards_obtained":["Regret"]},{"damage_healed":0,"gold_gain":0,"player_choice":"Searched \u00272\u0027 times","damage_taken":0,"max_hp_gain":0,"max_hp_loss":0,"event_name":"Dead Adventurer","floor":12,"gold_loss":0},{"damage_healed":0,"gold_gain":0,"player_choice":"Inject Mutagens","damage_taken":0,"relics_obtained":["MutagenicStrength"],"max_hp_gain":0,"max_hp_loss":0,"event_name":"Drug Dealer","floor":20,"gold_loss":0},{"damage_healed":0,"gold_gain":0,"player_choice":"Fought Bandits","damage_taken":0,"max_hp_gain":0,"max_hp_loss":0,"event_name":"Masked Bandits","floor":21,"gold_loss":0},{"damage_healed":0,"gold_gain":0,"player_choice":"Got Potions","damage_taken":0,"max_hp_gain":0,"max_hp_loss":0,"event_name":"Lab","floor":28,"gold_loss":0},{"damage_healed":0,"gold_gain":0,"player_choice":"Copied","damage_taken":0,"max_hp_gain":0,"max_hp_loss":0,"event_name":"Duplicator","floor":31,"gold_loss":0,"cards_obtained":["Weave"]},{"damage_healed":0,"gold_gain":222,"player_choice":"Wore Mask","damage_taken":0,"max_hp_gain":0,"max_hp_loss":0,"event_name":"Tomb of Lord Red Mask","floor":39,"gold_loss":0},{"damage_healed":0,"gold_gain":0,"player_choice":"Fight","damage_taken":0,"max_hp_gain":0,"max_hp_loss":0,"event_name":"Mysterious Sphere","floor":42,"gold_loss":0},{"damage_healed":0,"gold_gain":0,"player_choice":"Gave Potion","damage_taken":0,"relics_obtained":["Pocketwatch"],"max_hp_gain":0,"max_hp_loss":0,"event_name":"WeMeetAgain","floor":46,"gold_loss":0}],"is_beta":false,"boss_relics":[{"not_picked":["Snecko Eye","Fusion Hammer"],"picked":"Calling Bell"},{"not_picked":["Black Star","Runic Pyramid"],"picked":"Empty Cage"}],"items_purged_floors":[19],"is_endless":false,"potions_floor_spawned":[1,5,14,18,21,23,27,29,30,33,35,36,38,41,42,45,47,48],"killed_by":"Awakened One","ascension_level":2}}