{"host":"mg6qqnp83j5r6p2r","time":1614052927,"event":{"mods":["Alarm Clock","BaseMod","Block Reminder","Colored Map","Colored Powertips","Dark Map","Highlight Path","Minty Spire (QoL Compilation)","Random Character Button","Rare Cards Sparkle","Relic Sorter","Relic Stats","StSLib"],"gold_per_floor":[113,113,113,4,4,4,4,34,103,122,122,148,160,195,195,291,291,310,310,310,20,20,20,54,54,80,105,116,116,126,151,151,253,253,263,263,5,5,29,55,76,93,118,140,182,182,107,129,129,129,129,129,3,30,30,30],"floor_reached":55,"language":"ENG","playtime":3717,"items_purged":["Strike_G","Strike_G","Strike_G","Strike_G"],"score":1014,"play_id":"fd829557-7461-4f28-9a12-f513435d2187","local_time":"20210222220207","is_ascension_mode":true,"campfire_choices":[{"data":"Neutralize","floor":6.0,"key":"SMITH"},{"data":"Noxious Fumes","floor":11.0,"key":"SMITH"},{"floor":15.0,"key":"REST"},{"floor":23.0,"key":"RECALL"},{"data":"Apotheosis","floor":25.0,"key":"SMITH"},{"data":"Venomology","floor":29.0,"key":"SMITH"},{"data":"Ghostly","floor":32.0,"key":"SMITH"},{"data":"Ghostly","floor":46.0,"key":"SMITH"},{"floor":49,"key":"REST"},{"data":"Ghostly","floor":52,"key":"SMITH"}],"circlet_count":0,"master_deck":["Strike_G","Defend_G","Defend_G","Defend_G","Defend_G","Survivor","Neutralize+1","Blind+1","Cloak And Dagger","Noxious Fumes+1","Calculated Gamble","Deadly Poison","Crippling Poison","Accuracy","PiercingWail","Venomology+1","Infinite Blades","Ghostly+1","Ghostly+1","Ghostly+1","Ghostly","Ghostly","Apotheosis+1","Bane+1","Terror","Catalyst+1","Backflip+1","Caltrops","Escape Plan+1"],"relics":["Ring of the Snake","Ninja Scroll","Happy Flower","Omamori","Potion Belt","Philosopher\u0027s Stone","Gambling Chip","Toy Ornithopter","FossilizedHelix","CeramicFish","Cursed Key","Pear","Boot","Smiling Mask","Bag of Marbles","Mummified Hand"],"acts_visited":["Exordium","TheCity","TheBeyond","TheEnding"],"potions_floor_usage":[48,50,50,50,50,50,50,50,50,55,55,55,55,55,55],"damage_taken":[{"damage":3.0,"enemies":"Small Slimes","floor":1.0,"turns":5.0},{"damage":27.0,"enemies":"Lagavulin","floor":8.0,"turns":8.0},{"damage":1.0,"enemies":"Jaw Worm","floor":10.0,"turns":2.0},{"damage":2.0,"enemies":"3 Sentries","floor":12.0,"turns":6.0},{"damage":0.0,"enemies":"2 Louse","floor":13.0,"turns":2.0},{"damage":17.0,"enemies":"Lagavulin","floor":14.0,"turns":6.0},{"damage":10.0,"enemies":"Hexaghost","floor":16.0,"turns":9.0},{"damage":0.0,"enemies":"3 Byrds","floor":18.0,"turns":4.0},{"damage":0.0,"enemies":"Gremlin Leader","floor":24.0,"turns":6.0},{"damage":0.0,"enemies":"Book of Stabbing","floor":27.0,"turns":6.0},{"damage":1.0,"enemies":"Shell Parasite","floor":28.0,"turns":5.0},{"damage":0.0,"enemies":"3 Cultists","floor":30.0,"turns":4.0},{"damage":4.0,"enemies":"Gremlin Leader","floor":31.0,"turns":5.0},{"damage":4.0,"enemies":"Automaton","floor":33.0,"turns":10.0},{"damage":0.0,"enemies":"3 Darklings","floor":35.0,"turns":5.0},{"damage":0.0,"enemies":"3 Shapes","floor":39.0,"turns":4.0},{"damage":1.0,"enemies":"Giant Head","floor":40.0,"turns":9.0},{"damage":3.0,"enemies":"Maw","floor":41.0,"turns":8.0},{"damage":0.0,"enemies":"3 Darklings","floor":42.0,"turns":5.0},{"damage":1.0,"enemies":"Jaw Worm Horde","floor":44.0,"turns":4.0},{"damage":0.0,"enemies":"Reptomancer","floor":45.0,"turns":6.0},{"damage":11,"enemies":"Writhing Mass","floor":48,"turns":5},{"damage":48,"enemies":"Time Eater","floor":50,"turns":14},{"damage":5,"enemies":"Shield and Spear","floor":54,"turns":6},{"damage":78,"enemies":"The Heart","floor":55,"turns":9}],"seed_played":"4534334226029171372","potions_obtained":[{"floor":10.0,"key":"ColorlessPotion"},{"floor":12.0,"key":"Strength Potion"},{"floor":16.0,"key":"ColorlessPotion"},{"floor":24.0,"key":"EntropicBrew"},{"floor":31.0,"key":"SkillPotion"},{"floor":39.0,"key":"Strength Potion"},{"floor":40.0,"key":"PowerPotion"},{"floor":45.0,"key":"GamblersBrew"},{"floor":48,"key":"EntropicBrew"}],"is_trial":false,"path_per_floor":["M","?","?","$","?","R","$","E","T","M","R","E","M","E","R","B",null,"M","$","?","$","?","R","E","R","T","E","M","R","M","E","R","B",null,"M","?","$","?","M","E","M","M","T","M","E","R","$","M","R","B",null,"R","$","E","B"],"character_chosen":"THE_SILENT","items_purchased":["Noxious Fumes","Apotheosis","Pear","Caltrops","Regen Potion"],"campfire_rested":2,"item_purchase_floors":[4,21,37,47,53],"current_hp_per_floor":[67,60,60,60,60,60,60,33,33,32,32,30,30,13,34,24,70,70,70,35,35,32,32,32,32,32,35,34,34,35,31,31,33,35,35,35,45,45,45,44,42,45,45,44,44,44,44,34,45,38,45,45,45,40,0,0],"gold":30,"neow_bonus":"RANDOM_COLORLESS","is_daily":false,"chose_seed":false,"campfire_upgraded":7,"win_rate":0.0,"timestamp":1614052927,"path_taken":["M","?","?","?","?","R","$","E","T","?","R","E","M","E","R","BOSS","M","$","?","$","?","R","E","R","T","E","M","R","M","E","R","BOSS","M","?","$","?","?","E","M","M","T","M","E","R","?","M","R","BOSS","R","$","E","BOSS"],"items_purchased_type":["Card","Card","Relic","Card","Potion"],"build_version":"2020-12-22","purchased_purges":4,"victory":false,"max_hp_per_floor":[70,70,70,70,70,70,70,70,70,70,70,70,70,70,70,70,70,70,70,35,35,35,35,35,35,35,35,35,35,35,35,35,35,35,35,35,45,45,45,45,45,45,45,45,45,45,45,45,45,45,45,45,45,45,45,45],"relic_stats":{"Happy Flower":[46],"counters":[25,153],"Mummified Hand":[2],"Gambling Chip":[54],"CeramicFish":54,"Cursed Key":1,"Boot":[33],"Smiling Mask":175,"obtain_stats":[{"Potion Belt":14,"Pear":37,"Happy Flower":8,"CeramicFish":31,"Omamori":12,"Cursed Key":34,"Boot":40,"Smiling Mask":43,"Ninja Scroll":2,"Mummified Hand":54,"Gambling Chip":24,"Philosopher\u0027s Stone":17,"Bag of Marbles":45,"Toy Ornithopter":26,"FossilizedHelix":27,"Ring of the Snake":0},{"Potion Belt":6,"Pear":15,"Happy Flower":2,"CeramicFish":13,"Omamori":4,"Cursed Key":14,"Boot":17,"Smiling Mask":19,"Ninja Scroll":1,"Mummified Hand":24,"Gambling Chip":9,"Philosopher\u0027s Stone":7,"Bag of Marbles":21,"Toy Ornithopter":9,"FossilizedHelix":10,"Ring of the Snake":0},{"Potion Belt":29,"Pear":83,"Happy Flower":13,"CeramicFish":68,"Omamori":21,"Cursed Key":78,"Boot":96,"Smiling Mask":109,"Ninja Scroll":5,"Mummified Hand":144,"Gambling Chip":48,"Philosopher\u0027s Stone":38,"Bag of Marbles":119,"Toy Ornithopter":48,"FossilizedHelix":54,"Ring of the Snake":0}],"Toy Ornithopter":69,"Ring of the Snake":[50]},"card_choices":[{"not_picked":["Jack Of All Trades","Trip"],"picked":"Blind","floor":0.0},{"not_picked":["Dodge and Roll","Riddle With Holes"],"picked":"Cloak And Dagger","floor":1.0},{"not_picked":["Deflect","Prepared"],"picked":"Deadly Poison","floor":8.0},{"not_picked":["Leg Sweep","Cloak And Dagger"],"picked":"Crippling Poison","floor":10.0},{"not_picked":["Underhanded Strike","Dagger Throw"],"picked":"Accuracy","floor":12.0},{"not_picked":["Underhanded Strike","Acrobatics","Flechettes"],"picked":"SKIP","floor":13.0},{"not_picked":["Endless Agony","All Out Attack"],"picked":"PiercingWail","floor":14.0},{"not_picked":["Grand Finale","Storm of Steel"],"picked":"Venomology","floor":16.0},{"not_picked":["PiercingWail","Dagger Throw+1"],"picked":"Infinite Blades","floor":18.0},{"not_picked":["Underhanded Strike","Prepared","Bouncing Flask"],"picked":"SKIP","floor":24.0},{"not_picked":["Deadly Poison","Poisoned Stab","Dagger Spray"],"picked":"SKIP","floor":27.0},{"not_picked":["Cloak And Dagger","Poisoned Stab","Deflect"],"picked":"SKIP","floor":28.0},{"not_picked":["Poisoned Stab","Dagger Spray"],"picked":"Flying Knee+1","floor":30.0},{"not_picked":["Quick Slash","Wraith Form v2","All Out Attack"],"picked":"SKIP","floor":31.0},{"not_picked":["Deflect+1","Poisoned Stab+1","Flechettes"],"picked":"SKIP","floor":35.0},{"not_picked":["Deflect+1","Endless Agony"],"picked":"Bane+1","floor":39.0},{"not_picked":["Slice+1","Concentrate","Riddle With Holes+1"],"picked":"SKIP","floor":40.0},{"not_picked":["Tactician+1","Deflect"],"picked":"Terror","floor":41.0},{"not_picked":["Dodge and Roll+1","Quick Slash+1","Reflex"],"picked":"SKIP","floor":42.0},{"not_picked":["Bane","Heel Hook"],"picked":"Catalyst+1","floor":44.0},{"not_picked":["Unload","Poisoned Stab"],"picked":"Backflip+1","floor":45.0},{"not_picked":["Finisher","Well Laid Plans+1"],"picked":"Escape Plan+1","floor":48},{"not_picked":["Riddle With Holes+1","Expertise+1","Escape Plan"],"picked":"SKIP","floor":54}],"player_experience":265093,"relics_obtained":[{"floor":8.0,"key":"Happy Flower"},{"floor":12.0,"key":"Omamori"},{"floor":14.0,"key":"Potion Belt"},{"floor":24.0,"key":"Gambling Chip"},{"floor":26.0,"key":"Toy Ornithopter"},{"floor":27.0,"key":"FossilizedHelix"},{"floor":31.0,"key":"CeramicFish"},{"floor":40.0,"key":"Boot"},{"floor":43.0,"key":"Smiling Mask"},{"floor":45.0,"key":"Bag of Marbles"},{"floor":54,"key":"Mummified Hand"}],"event_choices":[{"damage_healed":0.0,"max_hp_gain":0.0,"max_hp_loss":0.0,"gold_gain":0.0,"event_name":"Scrap Ooze","player_choice":"Success","floor":2.0,"gold_loss":0.0,"damage_taken":7.0,"relics_obtained":["Ninja Scroll"]},{"damage_healed":0.0,"max_hp_gain":0.0,"max_hp_loss":0.0,"gold_gain":0.0,"event_name":"Living Wall","player_choice":"Grow","floor":3.0,"gold_loss":0.0,"damage_taken":0.0,"cards_upgraded":["Blind"]},{"damage_healed":0.0,"max_hp_gain":0.0,"max_hp_loss":0.0,"gold_gain":0.0,"cards_transformed":["Defend_G"],"event_name":"Transmorgrifier","player_choice":"Transformed","floor":5.0,"gold_loss":0.0,"damage_taken":0.0,"cards_obtained":["Calculated Gamble"]},{"damage_healed":0.0,"max_hp_gain":0.0,"max_hp_loss":35.0,"gold_gain":0.0,"event_name":"Ghosts","player_choice":"Became a Ghost","floor":20.0,"gold_loss":0.0,"damage_taken":0.0,"cards_obtained":["Ghostly","Ghostly","Ghostly","Ghostly","Ghostly"]},{"damage_healed":0.0,"max_hp_gain":0.0,"max_hp_loss":0.0,"gold_gain":0.0,"event_name":"Wheel of Change","player_choice":"Damaged","floor":22.0,"gold_loss":0.0,"damage_taken":3.0},{"cards_removed":["Flying Knee"],"damage_healed":0.0,"max_hp_gain":0.0,"max_hp_loss":0.0,"gold_gain":0.0,"event_name":"Falling","player_choice":"Removed Attack","floor":36.0,"gold_loss":0.0,"damage_taken":0.0},{"damage_healed":0.0,"max_hp_gain":0.0,"max_hp_loss":0.0,"gold_gain":0.0,"event_name":"Match and Keep!","player_choice":"0 cards matched","floor":38.0,"gold_loss":0.0,"damage_taken":0.0,"cards_obtained":[]}],"is_beta":false,"boss_relics":[{"not_picked":["Black Star","Empty Cage"],"picked":"Philosopher\u0027s Stone"},{"not_picked":["Calling Bell","Pandora\u0027s Box"],"picked":"Cursed Key"}],"items_purged_floors":[4,21,47,53],"is_endless":false,"potions_floor_spawned":[10,12,16,24,31,39,40,45,48],"killed_by":"The Heart","ascension_level":4}}