{"host":"dj20jyxj5yo6mk8a","time":1614115039,"event":{"mods":["AchievementEnabler","BaseMod","BetterRewards","Card Forge","Infinite Spire","Minty Spire (QoL Compilation)","Replay The Spire","StSLib"],"gold_per_floor":[119,136,136,136,136,161,161,171,195,251,276,292,306,335,335,431,431,451,270,281,296,142,142,167,167,194,219,236,249,278,296,296,394,394,410,421,421,144,159,159,187,187,261,277,277,304,319,336,336,336,336],"floor_reached":50,"language":"ENG","playtime":1961,"items_purged":[],"score":717,"play_id":"28d7440f-5143-4c62-93f2-43e1dd13d3f5","local_time":"20210223181719","is_ascension_mode":true,"campfire_choices":[{"floor":7,"key":"RECALL"},{"floor":15,"key":"REST"},{"floor":23,"key":"REST"},{"floor":25,"key":"REST"},{"floor":40,"key":"REST"},{"floor":42,"key":"REST"},{"floor":45,"key":"REST"},{"floor":49,"key":"REST"}],"circlet_count":0,"master_deck":["Zap+1","Dualcast+1","BecomeAlmighty+1","Dark Echo+1","Dramatic Entrance+1","LiveForever+1","Dark Echo+1","BasicCrystalCard+1","BootSequence+1","BecomeAlmighty+1","Rainbow+1","Conserve Battery+1","Lockon+1","Sunder+1","FIFO Queue+1","ReplayTheSpireMod:Omega Cannon+1","Leap+1","Violence+1","Loop+1","Chaos+1","Cloak And Dagger+1","Flash of Steel+1","BowlingBash+1","Replay:Undeath\u0027s Touch+1","Deadly Poison+1","Cold Snap+1","Envenom+1","Compile Driver+1","FTL+1","Rip and Tear+1","ReplayTheSpireMod:Repulse+1","Core Surge+1","Hologram+1","BootSequence+1","Compile Driver+1","Secret Technique+1","Enlightenment+1","Violence+1","Catalyst+1","Beam Cell+1","ReplayGash+1","Flying Knee+1","Perfected Strike+1"],"relics":["infinitespire:DarkRift","Hammer of Thor","Seething Fire","Anvil of the Gods","Blood Vial","infinitespire:Cubic Diamond","infinitespire:Lychee Nut","infinitespire:PuzzleCube","ReplayTheSpireMod:Lightbulb","Inserter","PrismaticShard","Juzu Bracelet","Pet Ghost","Oddly Smooth Stone","Nunchaku","Pandora\u0027s Box","Vajra","ReplayTheSpireMod:ShopPack","Lantern","Replay:Bottled Steam","Boot"],"acts_visited":["Exordium","TheCity","TheBeyond"],"potions_floor_usage":[],"damage_taken":[{"damage":0,"enemies":"Jaw Worm","floor":1,"turns":1},{"damage":0,"enemies":"2 Louse","floor":2,"turns":1},{"damage":0,"enemies":"3 Sentries","floor":6,"turns":2},{"damage":0,"enemies":"Small Slimes","floor":8,"turns":2},{"damage":10,"enemies":"Lagavulin","floor":11,"turns":3},{"damage":0,"enemies":"Exordium Thugs","floor":12,"turns":1},{"damage":0,"enemies":"2 Fungi Beasts","floor":13,"turns":2},{"damage":2,"enemies":"Gremlin Nob","floor":14,"turns":3},{"damage":24,"enemies":"Hexaghost","floor":16,"turns":6},{"damage":0,"enemies":"3 Byrds","floor":18,"turns":1},{"damage":0,"enemies":"Chosen","floor":20,"turns":2},{"damage":8,"enemies":"Snake Plant","floor":21,"turns":2},{"damage":0,"enemies":"Slavers","floor":24,"turns":1},{"damage":15,"enemies":"Gremlin Leader","floor":27,"turns":4},{"damage":0,"enemies":"Chosen and Byrds","floor":28,"turns":3},{"damage":0,"enemies":"Centurion and Healer","floor":29,"turns":2},{"damage":6,"enemies":"Slavers","floor":30,"turns":2},{"damage":7,"enemies":"Snake Plant","floor":31,"turns":4},{"damage":14,"enemies":"Collector","floor":33,"turns":8},{"damage":0,"enemies":"3 Darklings","floor":35,"turns":2},{"damage":0,"enemies":"Orb Walker","floor":36,"turns":2},{"damage":0,"enemies":"Jaw Worm Horde","floor":39,"turns":2},{"damage":18,"enemies":"Nemesis","floor":41,"turns":3},{"damage":0,"enemies":"3 Darklings","floor":44,"turns":2},{"damage":0,"enemies":"Reptomancer","floor":46,"turns":4},{"damage":5,"enemies":"Sphere and 2 Shapes","floor":47,"turns":2},{"damage":30,"enemies":"Writhing Mass","floor":48,"turns":5},{"damage":61,"enemies":"infinitespire:MassOfShapes","floor":50,"turns":5}],"seed_played":"-2620253528407860083","potions_obtained":[{"floor":35,"key":"Elixir"},{"floor":44,"key":"CultistPotion"}],"is_trial":false,"path_per_floor":["M","M","?","?","?","E","R","M","T","?","E","M","M","E","R","B",null,"M","$","M","M","$","R","E","R","T","E","M","M","E","M","R","B",null,"M","M","?","$","M","R","E","R","T","M","R","E","M","M","R","B"],"character_chosen":"DEFECT","items_purchased":["Violence","PrismaticShard","Vajra","ReplayTheSpireMod:ShopPack"],"campfire_rested":7,"item_purchase_floors":[19,22,38,38],"current_hp_per_floor":[82,82,82,82,82,61,61,61,61,61,51,53,58,59,61,38,61,61,61,61,53,53,61,61,61,61,47,54,59,55,56,61,48,61,61,61,58,58,61,61,43,61,61,61,61,61,56,32,50,0,0],"gold":336,"neow_bonus":"TEN_PERCENT_HP_BONUS","is_daily":false,"chose_seed":false,"campfire_upgraded":0,"win_rate":0.0,"timestamp":1614115039,"path_taken":["M","M","?","?","?","E","R","?","T","?","E","M","M","E","R","BOSS","M","$","M","M","$","R","E","R","T","E","M","M","E","M","R","BOSS","M","M","?","$","M","R","E","R","T","M","R","E","M","M","R","BOSS"],"items_purchased_type":["Card","Relic","Relic","Relic"],"build_version":"2020-12-22","purchased_purges":0,"victory":false,"max_hp_per_floor":[82,82,82,82,82,61,61,61,61,61,61,61,61,61,61,61,61,61,61,61,61,61,61,61,61,61,61,61,61,61,61,61,61,61,61,61,61,61,61,61,61,61,61,61,61,61,61,61,61,61,61],"card_choices":[{"not_picked":["Stack","Reprogram"],"picked":"BasicCrystalCard","floor":1},{"not_picked":["BasicCrystalCard","Reprogram"],"picked":"BootSequence","floor":2},{"not_picked":["All For One","Steam"],"picked":"Rainbow","floor":6},{"not_picked":["Compile Driver","Streamline"],"picked":"Conserve Battery","floor":8},{"not_picked":["ReplayTheSpireMod:Calculation Training","BasicCrystalCard","Coolheaded"],"picked":"SKIP","floor":11},{"not_picked":["Steam Power","Biased Cognition"],"picked":"Lockon","floor":12},{"not_picked":["Conserve Battery","Sweeping Beam"],"picked":"Sunder","floor":13},{"not_picked":["Ball Lightning","Heatsinks"],"picked":"FIFO Queue","floor":14},{"not_picked":["Hyperbeam","All For One"],"picked":"ReplayTheSpireMod:Omega Cannon","floor":16},{"not_picked":["Conserve Battery","Rebound"],"picked":"Leap+1","floor":18},{"not_picked":["ReplayTheSpireMod:Calculation Training","Capacitor"],"picked":"Loop+1","floor":20},{"not_picked":["FIFO Queue","Stack"],"picked":"Chaos","floor":21},{"not_picked":["Prepared","ClearTheMind+1"],"picked":"Cloak And Dagger","floor":24},{"not_picked":["Corruption","Evaluate"],"picked":"Flash of Steel","floor":27},{"not_picked":["Wild Strike","Acrobatics"],"picked":"BowlingBash","floor":28},{"not_picked":["Clash","Turbo"],"picked":"Replay:Undeath\u0027s Touch","floor":29},{"not_picked":["Thunderclap","Body Slam+1"],"picked":"Deadly Poison","floor":30},{"not_picked":["Heavy Blade","Wallop"],"picked":"Cold Snap","floor":31},{"not_picked":["Hyperbeam","Replay:AllIn"],"picked":"Envenom","floor":33},{"not_picked":["InnerPeace","Halt+1","BowlingBash+1"],"picked":"SKIP","floor":35},{"not_picked":["Replay:AtTheReady+1","Endless Agony+1","Warcry"],"picked":"SKIP","floor":36},{"not_picked":["Chrysalis","Secret Weapon"],"picked":"Secret Technique","floor":38},{"not_picked":["ReplayTheSpireMod:Necrogeddon","Survey Options"],"picked":"Enlightenment","floor":38},{"not_picked":["Bandage Up","ReplayTheSpireMod:Uncanny Aura"],"picked":"Violence","floor":38},{"not_picked":["Flying Knee+1","Replay:Undeath\u0027s Touch"],"picked":"Catalyst","floor":39},{"not_picked":["Replay:Cycle","Offering","Reflex"],"picked":"SKIP","floor":41},{"not_picked":["ReplayTheSpireMod:LeadingStrike+1","Sneak Up+1"],"picked":"Beam Cell+1","floor":44},{"not_picked":["Force Field+1","Body Slam+1"],"picked":"ReplayGash","floor":46},{"not_picked":["EmptyFist+1","WindmillStrike+1"],"picked":"Flying Knee+1","floor":47},{"not_picked":["Heel Hook","Compile Driver"],"picked":"Perfected Strike","floor":48}],"player_experience":106411,"relics_obtained":[{"floor":4,"key":"Blood Vial"},{"floor":6,"key":"infinitespire:Lychee Nut"},{"floor":11,"key":"infinitespire:PuzzleCube"},{"floor":14,"key":"ReplayTheSpireMod:Lightbulb"},{"floor":24,"key":"Juzu Bracelet"},{"floor":26,"key":"Pet Ghost"},{"floor":27,"key":"Oddly Smooth Stone"},{"floor":30,"key":"Nunchaku"},{"floor":41,"key":"Lantern"},{"floor":43,"key":"Replay:Bottled Steam"},{"floor":46,"key":"Boot"}],"event_choices":[{"damage_healed":0,"gold_gain":56,"player_choice":"Gained Gold","damage_taken":0,"max_hp_gain":0,"max_hp_loss":0,"event_name":"Golden Wing","floor":10,"gold_loss":0},{"damage_healed":0,"gold_gain":0,"player_choice":"Punched","damage_taken":3,"max_hp_gain":0,"max_hp_loss":0,"event_name":"Designer","floor":37,"gold_loss":0}],"is_beta":false,"boss_relics":[{"not_picked":["Tiny House","Kintsugi"],"picked":"Inserter"},{"not_picked":["Cursed Key","Runic Pyramid"],"picked":"Pandora\u0027s Box"}],"items_purged_floors":[],"is_endless":false,"potions_floor_spawned":[1,2,6,18,24,28,35,39,44,46],"killed_by":"infinitespire:MassOfShapes","ascension_level":1}}