{"host":"feffzurv61v3a0s2","time":1614094356,"event":{"mods":["2.2 Compatiblity","BaseMod","Colored Powertips","Downfall","Hermit","Minty Spire (QoL Compilation)","Quick Restart","Rare Cards Sparkle","Relic Stats","StSLib","Synergy Search","The Cursed","The Disciple","The Hierophant","The Runesmith"],"gold_per_floor":[118,1,15,26,39,66,66,66,66],"floor_reached":8,"language":"ENG","playtime":914,"items_purged":[],"score":58,"play_id":"029a8bc9-ae1a-424b-9323-5fa8a9f9fe0a","local_time":"20210223073236","is_ascension_mode":false,"campfire_choices":[{"data":"hierophant:ChurchCoffers","floor":7,"key":"SMITH"}],"circlet_count":0,"master_deck":["hierophant:Strike_Hierophant","hierophant:Strike_Hierophant","hierophant:Strike_Hierophant","hierophant:Strike_Hierophant","hierophant:Punish","hierophant:Defend_Hierophant","hierophant:Defend_Hierophant","hierophant:Defend_Hierophant","hierophant:Defend_Hierophant","hierophant:ChurchCoffers+1","hierophant:Empathy","hierophant:Sermon","hierophant:Community","hierophant:FieryStrike","hierophant:HolyVerse","hierophant:RepressedViolence","hierophant:ThreeLashes"],"relics":["hierophant:PropheticMaskRelic","Juzu Bracelet"],"acts_visited":["Exordium"],"potions_floor_usage":[],"damage_taken":[{"damage":0.0,"enemies":"Small Slimes","floor":1.0,"turns":3.0},{"damage":0.0,"enemies":"2 Louse","floor":3.0,"turns":4.0},{"damage":11.0,"enemies":"Jaw Worm","floor":4.0,"turns":3.0},{"damage":0.0,"enemies":"Blue Slaver","floor":5.0,"turns":2.0},{"damage":45,"enemies":"Gremlin Nob","floor":6,"turns":5},{"damage":26,"enemies":"Lagavulin","floor":8,"turns":5}],"seed_played":"8994542228355081938","potions_obtained":[{"floor":4.0,"key":"Block Potion"},{"floor":6,"key":"Swift Potion"}],"is_trial":false,"path_per_floor":["M","$","M","M","M","E","R","E"],"character_chosen":"HIEROPHANT","items_purchased":["hierophant:Sermon","hierophant:Community"],"campfire_rested":0,"item_purchase_floors":[2,2],"current_hp_per_floor":[82,82,82,71,71,26,26,0,0],"gold":66,"neow_bonus":"TEN_PERCENT_HP_BONUS","is_daily":false,"chose_seed":false,"campfire_upgraded":1,"win_rate":0.0,"timestamp":1614094356,"path_taken":["M","$","M","M","M","E","R","E"],"items_purchased_type":["Card","Card"],"build_version":"2020-12-22","purchased_purges":0,"victory":false,"max_hp_per_floor":[82,82,82,82,82,82,82,82,82],"relic_stats":{"counters":[6,22],"Juzu Bracelet":0,"obtain_stats":[{"hierophant:PropheticMaskRelic":0,"Juzu Bracelet":6},{"hierophant:PropheticMaskRelic":0,"Juzu Bracelet":5},{"hierophant:PropheticMaskRelic":0,"Juzu Bracelet":17}]},"card_choices":[{"not_picked":["hierophant:AuricBeam","hierophant:Remorse"],"picked":"hierophant:Empathy","floor":1.0},{"not_picked":["hierophant:Refuge","hierophant:ThreeLashes"],"picked":"hierophant:FieryStrike","floor":3.0},{"not_picked":["hierophant:Glossolalia","hierophant:Repentance"],"picked":"hierophant:HolyVerse","floor":4.0},{"not_picked":["hierophant:Purify","hierophant:FlamingChariot"],"picked":"hierophant:RepressedViolence","floor":5.0},{"not_picked":["hierophant:ArchangelShield","hierophant:CursedGold"],"picked":"hierophant:ThreeLashes","floor":6}],"player_experience":126105,"relics_obtained":[{"floor":6,"key":"Juzu Bracelet"}],"event_choices":[],"is_beta":false,"boss_relics":[],"items_purged_floors":[],"is_endless":false,"potions_floor_spawned":[4,6],"killed_by":"Lagavulin","ascension_level":0}}