{"host":"mmqs5ul2bvb60kyc","time":1614061899,"event":{"mods":["AchievementEnabler","BaseMod","Colored Map","Colored Powertips","Minty Spire (QoL Compilation)","Quick Restart","StSLib"],"gold_per_floor":[119,119,131,147,165,165,176,176,176,209,221,221,248,267,267,362,362,375,375,385,405,405,432,357,373,373,82,82,82,107,126,126,225,225,243,255,267,286,299,299,329,339,339,339,351,365,392,239,239,239,239,239,14,14,14],"floor_reached":54,"language":"ZHS","playtime":2279,"items_purged":["Strike_G","Strike_G","Bane"],"score":632,"play_id":"cdf3ff15-6b6a-414d-aa6a-eeabf0db7788","local_time":"20210223143139","is_ascension_mode":false,"campfire_choices":[{"data":"Bouncing Flask","floor":6.0,"key":"SMITH"},{"data":"Dagger Spray","floor":8.0,"key":"SMITH"},{"data":"1","floor":12.0,"key":"LIFT"},{"data":"2","floor":15.0,"key":"LIFT"},{"data":"Noxious Fumes","floor":28.0,"key":"SMITH"},{"data":"Acrobatics","floor":32.0,"key":"SMITH"},{"data":"Adrenaline","floor":40.0,"key":"SMITH"},{"floor":49.0,"key":"RECALL"},{"data":"Underhanded Strike","floor":52,"key":"SMITH"}],"circlet_count":0,"master_deck":["Survivor","Neutralize","Bouncing Flask+1","Dagger Spray+1","Terror","Escape Plan","Corpse Explosion","Well Laid Plans+1","Backflip","Noxious Fumes+1","Acrobatics+1","Doppelganger","Storm of Steel","Adrenaline+1","Well Laid Plans","Doppelganger","Quick Slash","Prepared+1","Reflex+1","Malaise","Wraith Form v2","Underhanded Strike+1"],"relics":["Ring of the Snake","NeowsBlessing","TungstenRod","Girya","Pocketwatch","Runic Dome","Nunchaku","Membership Card","Lantern","Thread and Needle","Pandora\u0027s Box","Centennial Puzzle","Kunai","Smiling Mask","Bag of Preparation","Vajra","Toolbox","Bronze Scales"],"acts_visited":["TheEnding"],"potions_floor_usage":[],"damage_taken":[{"damage":0.0,"enemies":"Cultist","floor":1.0,"turns":1.0},{"damage":0.0,"enemies":"Jaw Worm","floor":3.0,"turns":1.0},{"damage":0.0,"enemies":"Small Slimes","floor":4.0,"turns":1.0},{"damage":20.0,"enemies":"Exordium Wildlife","floor":5.0,"turns":7.0},{"damage":18.0,"enemies":"Gremlin Gang","floor":7.0,"turns":5.0},{"damage":0.0,"enemies":"3 Sentries","floor":10.0,"turns":3.0},{"damage":8.0,"enemies":"2 Fungi Beasts","floor":11.0,"turns":2.0},{"damage":0.0,"enemies":"Lagavulin","floor":13.0,"turns":3.0},{"damage":0.0,"enemies":"Exordium Wildlife","floor":14.0,"turns":2.0},{"damage":0.0,"enemies":"Slime Boss","floor":16.0,"turns":2.0},{"damage":0.0,"enemies":"3 Byrds","floor":18.0,"turns":3.0},{"damage":0.0,"enemies":"2 Thieves","floor":19.0,"turns":2.0},{"damage":6.0,"enemies":"Snake Plant","floor":20.0,"turns":2.0},{"damage":0.0,"enemies":"Centurion and Healer","floor":21.0,"turns":2.0},{"damage":1.0,"enemies":"Gremlin Leader","floor":23.0,"turns":3.0},{"damage":0.0,"enemies":"Snecko","floor":25.0,"turns":2.0},{"damage":0.0,"enemies":"Slavers","floor":30.0,"turns":1.0},{"damage":0.0,"enemies":"Sentry and Sphere","floor":31.0,"turns":2.0},{"damage":0.0,"enemies":"Champ","floor":33.0,"turns":2.0},{"damage":13.0,"enemies":"3 Shapes","floor":35.0,"turns":2.0},{"damage":0.0,"enemies":"Orb Walker","floor":36.0,"turns":1.0},{"damage":0.0,"enemies":"Spire Growth","floor":37.0,"turns":2.0},{"damage":16.0,"enemies":"Writhing Mass","floor":38.0,"turns":2.0},{"damage":0.0,"enemies":"4 Shapes","floor":39.0,"turns":1.0},{"damage":0.0,"enemies":"Giant Head","floor":41.0,"turns":2.0},{"damage":0.0,"enemies":"Transient","floor":42.0,"turns":5.0},{"damage":0.0,"enemies":"Writhing Mass","floor":45.0,"turns":5.0},{"damage":0.0,"enemies":"3 Darklings","floor":46.0,"turns":2.0},{"damage":6.0,"enemies":"Nemesis","floor":47.0,"turns":5.0},{"damage":78,"enemies":"Time Eater","floor":50,"turns":11},{"damage":95,"enemies":"Shield and Spear","floor":54,"turns":3}],"seed_played":"664378536991317031","potions_obtained":[{"floor":1.0,"key":"FairyPotion"},{"floor":11.0,"key":"Block Potion"},{"floor":13.0,"key":"DuplicationPotion"},{"floor":14.0,"key":"SteroidPotion"},{"floor":21.0,"key":"FairyPotion"},{"floor":45.0,"key":"GamblersBrew"}],"is_trial":false,"path_per_floor":["M","?","M","M","M","R","M","R","T","E","M","R","E","M","R","B",null,"M","M","M","M","?","E","$","M","T","$","R","?","E","M","R","B",null,"M","M","M","M","M","R","E","M","T","?","M","M","E","$","R","B",null,"R","$","E"],"character_chosen":"THE_SILENT","items_purchased":["Membership Card","Noxious Fumes","Lantern","Bag of Preparation","Underhanded Strike","Vajra","Toolbox","Bronze Scales"],"campfire_rested":0,"item_purchase_floors":[27,27,27,48,48,53,53,53],"current_hp_per_floor":[70,70,70,70,50,50,32,32,32,32,24,24,24,24,24,24,70,70,70,64,64,64,63,63,63,63,63,63,63,63,63,63,63,70,57,57,57,41,41,41,41,41,41,41,41,41,35,35,35,12,70,70,70,0,0],"gold":14,"neow_bonus":"THREE_ENEMY_KILL","is_daily":false,"chose_seed":false,"campfire_upgraded":6,"win_rate":0.0,"timestamp":1614061899,"path_taken":["M","?","M","M","M","R","?","R","T","E","M","R","E","M","R","BOSS","M","M","M","M","?","E","?","M","T","$","R","?","E","M","R","BOSS","M","M","M","M","M","R","E","M","T","?","?","M","E","$","R","BOSS","R","$","E"],"items_purchased_type":["Relic","Card","Relic","Relic","Card","Relic","Relic","Relic"],"build_version":"2020-12-22","purchased_purges":3,"victory":false,"max_hp_per_floor":[70,70,70,70,70,70,70,70,70,70,70,70,70,70,70,70,70,70,70,70,70,70,70,70,70,70,70,70,70,70,70,70,70,70,70,70,70,70,70,70,70,70,70,70,70,70,70,70,70,70,70,70,70,70,70],"card_choices":[{"not_picked":["Outmaneuver","Quick Slash"],"picked":"Bouncing Flask","floor":1.0},{"not_picked":["All Out Attack","Cloak And Dagger"],"picked":"Dagger Spray","floor":3.0},{"not_picked":["Outmaneuver","Deadly Poison"],"picked":"Terror","floor":4.0},{"not_picked":["Terror","Dagger Spray","Poisoned Stab"],"picked":"SKIP","floor":5.0},{"not_picked":["Riddle With Holes","Dagger Spray"],"picked":"Escape Plan","floor":7.0},{"not_picked":["Choke","Dagger Spray","Flechettes"],"picked":"SKIP","floor":10.0},{"not_picked":["Distraction","Finisher","Dash"],"picked":"SKIP","floor":11.0},{"not_picked":["Leg Sweep","Dagger Throw","Setup"],"picked":"SKIP","floor":13.0},{"not_picked":["Escape Plan","Deflect","Skewer"],"picked":"SKIP","floor":14.0},{"not_picked":["Venomology","Bullet Time"],"picked":"Corpse Explosion","floor":16.0},{"not_picked":["Poisoned Stab+1","Quick Slash+1"],"picked":"Well Laid Plans+1","floor":18.0},{"not_picked":["Flechettes","Poisoned Stab"],"picked":"Backflip","floor":19.0},{"not_picked":["Infinite Blades","Caltrops+1","Dash"],"picked":"SKIP","floor":20.0},{"not_picked":["Bouncing Flask+1","Outmaneuver","Quick Slash"],"picked":"SKIP","floor":21.0},{"not_picked":["All Out Attack","Dagger Spray","Cloak And Dagger+1"],"picked":"SKIP","floor":23.0},{"not_picked":["Concentrate","Backstab","Eviscerate"],"picked":"SKIP","floor":25.0},{"not_picked":["Finisher","Dodge and Roll+1"],"picked":"Acrobatics","floor":30.0},{"not_picked":["PiercingWail","Outmaneuver+1","Dagger Throw"],"picked":"SKIP","floor":31.0},{"not_picked":["Bullet Time","Unload"],"picked":"Doppelganger","floor":33.0},{"not_picked":["Poisoned Stab+1","Well Laid Plans+1","Quick Slash+1"],"picked":"SKIP","floor":35.0},{"not_picked":["Flechettes","Poisoned Stab+1","Backflip+1"],"picked":"SKIP","floor":36.0},{"not_picked":["Infinite Blades","Caltrops+1","Dash"],"picked":"SKIP","floor":37.0},{"not_picked":["Backflip+1","Deadly Poison"],"picked":"Prepared+1","floor":38.0},{"not_picked":["Flying Knee","Distraction+1"],"picked":"Reflex+1","floor":39.0},{"not_picked":["Finisher+1","Deflect+1","Bane"],"picked":"SKIP","floor":41.0},{"not_picked":["Underhanded Strike+1","Predator"],"picked":"Malaise","floor":42.0},{"not_picked":["PiercingWail","Dodge and Roll+1","Backflip"],"picked":"SKIP","floor":45.0},{"not_picked":["PiercingWail","Dodge and Roll+1","Backflip"],"picked":"SKIP","floor":45.0},{"not_picked":["Slice","Dodge and Roll+1","Bane"],"picked":"SKIP","floor":46.0},{"not_picked":["Die Die Die","Backstab","Dodge and Roll+1"],"picked":"SKIP","floor":47.0}],"player_experience":378404,"relics_obtained":[{"floor":9.0,"key":"TungstenRod"},{"floor":10.0,"key":"Girya"},{"floor":13.0,"key":"Pocketwatch"},{"floor":23.0,"key":"Nunchaku"},{"floor":30.0,"key":"Thread and Needle"},{"floor":41.0,"key":"Centennial Puzzle"},{"floor":43.0,"key":"Kunai"},{"floor":47.0,"key":"Smiling Mask"}],"event_choices":[{"cards_removed":["Strike_G"],"damage_healed":0.0,"max_hp_gain":0.0,"max_hp_loss":0.0,"gold_gain":0.0,"event_name":"Bonfire Elementals","player_choice":"Offered Basic","floor":2.0,"gold_loss":0.0,"damage_taken":0.0},{"damage_healed":0.0,"max_hp_gain":0.0,"max_hp_loss":0.0,"gold_gain":0.0,"event_name":"NoteForYourself","player_choice":"Ignored","floor":22.0,"gold_loss":0.0,"damage_taken":0.0},{"damage_healed":0.0,"max_hp_gain":0.0,"max_hp_loss":0.0,"gold_gain":0.0,"event_name":"Vampires","player_choice":"Ignored","floor":29.0,"gold_loss":0.0,"damage_taken":0.0},{"damage_healed":0.0,"max_hp_gain":0.0,"max_hp_loss":0.0,"gold_gain":0.0,"cards_transformed":["Poisoned Stab"],"event_name":"Transmorgrifier","player_choice":"Transformed","floor":44.0,"gold_loss":0.0,"damage_taken":0.0,"cards_obtained":["Wraith Form v2"]}],"is_beta":false,"boss_relics":[{"not_picked":["Coffee Dripper","WristBlade"],"picked":"Runic Dome"},{"not_picked":["Sozu","Ring of the Serpent"],"picked":"Pandora\u0027s Box"}],"items_purged_floors":[24,27,48],"is_endless":false,"potions_floor_spawned":[1,11,13,14,16,18,20,21,25,35,36,37,41,45],"killed_by":"Shield and Spear","ascension_level":0}}