{"host":"3laxepfr49fclxuk","time":1614118834,"event":{"mods":["BaseMod","Colored Map","Colored Powertips","Filter the Spire","Minty Spire (QoL Compilation)","Relic Stats","StSLib"],"gold_per_floor":[113,130,130,55,2,28,48,48,48,80,80,80,143,162,162,267,267,281,314,314,333,351,351,364,398,444,444,187,206,225,254,254,355,355,368,368,96,112,122,155,165,165,189,205,205,205,225,259,259,259,259,259,17,42,42],"floor_reached":56,"language":"ENG","playtime":6066,"items_purged":["Defend_P","Strike_P","Strike_P+1"],"score":1457,"play_id":"032a0b5a-2a6f-4b41-8431-6a5ccafa0392","local_time":"20210223232033","is_ascension_mode":false,"campfire_choices":[{"data":"Omniscience","floor":8.0,"key":"SMITH"},{"data":"EmptyFist","floor":15.0,"key":"SMITH"},{"data":"ForeignInfluence","floor":23.0,"key":"SMITH"},{"data":"TalkToTheHand","floor":27.0,"key":"SMITH"},{"data":"EmptyFist","floor":32,"key":"SMITH"},{"floor":42,"key":"RECALL"},{"floor":49,"key":"REST"},{"floor":52,"key":"REST"}],"circlet_count":0,"master_deck":["Strike_P+1","Defend_P+1","Defend_P+1","Eruption+1","Vigilance+1","EmptyMind+1","Protect+1","Crescendo+1","EmptyFist+1","FearNoEvil+1","ForeignInfluence+1","Tantrum+1","ClearTheMind+1","EmptyFist+1","CutThroughFate+1","InnerPeace+1","TalkToTheHand+1","ForeignInfluence+1","ThirdEye+1","FearNoEvil+1","CutThroughFate+1","CutThroughFate+1","Sanctity+1","DeusExMachina+1","Meditate+1","EmptyBody+1","FlurryOfBlows","FlurryOfBlows","Weave+1","TalkToTheHand+1","CutThroughFate+1","Secret Weapon+1","Crescendo+1","InnerPeace+1"],"relics":["PureWater","NeowsBlessing","Yang","Orichalcum","Lantern","MealTicket","Sozu","Red Mask","Calipers","Orrery","HornCleat","Fusion Hammer","Mark of the Bloom","Frozen Eye","Strawberry","Oddly Smooth Stone","Toxic Egg 2","Du-Vu Doll"],"acts_visited":["Exordium","TheCity","TheBeyond","TheEnding"],"potions_floor_usage":[33,55],"damage_taken":[{"damage":0.0,"enemies":"Jaw Worm","floor":1.0,"turns":1.0},{"damage":0.0,"enemies":"Cultist","floor":2.0,"turns":1.0},{"damage":0.0,"enemies":"Lagavulin","floor":6.0,"turns":1.0},{"damage":0.0,"enemies":"2 Louse","floor":7.0,"turns":3.0},{"damage":10.0,"enemies":"3 Sentries","floor":10.0,"turns":4.0},{"damage":6.0,"enemies":"3 Sentries","floor":13.0,"turns":8.0},{"damage":2.0,"enemies":"Looter","floor":14.0,"turns":3.0},{"damage":29.0,"enemies":"The Guardian","floor":16.0,"turns":11.0},{"damage":0.0,"enemies":"2 Thieves","floor":18.0,"turns":1.0},{"damage":16.0,"enemies":"Masked Bandits","floor":19.0,"turns":4.0},{"damage":5.0,"enemies":"3 Byrds","floor":21.0,"turns":4.0},{"damage":1.0,"enemies":"Cultist and Chosen","floor":22.0,"turns":6.0},{"damage":3.0,"enemies":"Centurion and Healer","floor":24.0,"turns":3.0},{"damage":0.0,"enemies":"Gremlin Leader","floor":25.0,"turns":3.0},{"damage":0.0,"enemies":"Shelled Parasite and Fungi","floor":29.0,"turns":4.0},{"damage":0,"enemies":"Cultist and Chosen","floor":30,"turns":3},{"damage":0,"enemies":"Slavers","floor":31,"turns":4},{"damage":38,"enemies":"Champ","floor":33,"turns":9},{"damage":9,"enemies":"3 Darklings","floor":35,"turns":5},{"damage":0,"enemies":"Orb Walker","floor":38,"turns":2},{"damage":0,"enemies":"Transient","floor":39,"turns":5},{"damage":0,"enemies":"Nemesis","floor":40,"turns":3},{"damage":1,"enemies":"Spire Growth","floor":41,"turns":3},{"damage":0,"enemies":"Sphere and 2 Shapes","floor":44,"turns":2},{"damage":0,"enemies":"Transient","floor":47,"turns":5},{"damage":0,"enemies":"Reptomancer","floor":48,"turns":2},{"damage":8,"enemies":"Donu and Deca","floor":50,"turns":7},{"damage":0,"enemies":"Shield and Spear","floor":54,"turns":4},{"damage":0,"enemies":"The Heart","floor":55,"turns":8}],"seed_played":"5250716896452449122","potions_obtained":[{"floor":2.0,"key":"ColorlessPotion"},{"floor":3.0,"key":"SneckoOil"},{"floor":3.0,"key":"Ancient Potion"},{"floor":10.0,"key":"Energy Potion"}],"is_trial":false,"path_per_floor":["M","M","?","$","$","E","M","R","T","E","?","?","?","M","R","B",null,"M","?","?","M","M","R","M","E","T","R","$","M","M","E","R","B",null,"M","?","$","M","M","E","M","R","T","M","?","?","M","E","R","B",null,"R","$","E","B",null],"character_chosen":"WATCHER","items_purchased":["Crescendo","Orrery","Frozen Eye","Secret Weapon+1","Crescendo+1"],"campfire_rested":2,"item_purchase_floors":[5,28,37,53,53],"current_hp_per_floor":[72,72,72,72,72,72,72,72,72,62,55,55,49,47,47,18,72,72,56,82,77,76,76,73,73,73,73,82,82,82,82,82,44,82,73,73,73,73,73,73,72,72,72,72,72,72,72,72,72,64,64,64,64,64,64],"gold":42,"neow_bonus":"THREE_ENEMY_KILL","is_daily":false,"chose_seed":false,"campfire_upgraded":5,"win_rate":0.0,"timestamp":1614118833,"path_taken":["M","M","?","?","$","E","?","R","T","E","?","?","?","M","R","BOSS","M","?","?","M","?","R","M","E","T","R","$","M","M","E","R","BOSS","M","?","$","M","M","E","M","R","T","M","?","?","M","E","R","BOSS","R","$","E","BOSS"],"items_purchased_type":["Card","Relic","Relic","Card","Card"],"build_version":"2020-12-22","purchased_purges":3,"victory":true,"max_hp_per_floor":[72,72,72,72,72,72,72,72,72,72,72,72,72,72,72,72,72,72,72,82,82,82,82,82,82,82,82,82,82,82,82,82,82,82,82,82,82,82,82,89,89,89,89,89,89,89,89,89,89,89,89,89,89,89,89],"relic_stats":{"Sozu":6,"Mark of the Bloom":178,"counters":[14,62],"Yang":[371],"MealTicket":0,"Orichalcum":[12],"obtain_stats":[{"Lantern":0,"Mark of the Bloom":36,"Calipers":0,"NeowsBlessing":0,"Oddly Smooth Stone":43,"Yang":0,"Orichalcum":0,"Sozu":0,"Du-Vu Doll":54,"Frozen Eye":37,"HornCleat":31,"Strawberry":40,"Orrery":0,"MealTicket":0,"Fusion Hammer":34,"Red Mask":0,"PureWater":0,"Toxic Egg 2":48},{"Lantern":0,"Mark of the Bloom":4,"Calipers":0,"NeowsBlessing":0,"Oddly Smooth Stone":8,"Yang":0,"Orichalcum":0,"Sozu":0,"Du-Vu Doll":13,"Frozen Eye":4,"HornCleat":2,"Strawberry":7,"Orrery":0,"MealTicket":0,"Fusion Hammer":3,"Red Mask":0,"PureWater":0,"Toxic Egg 2":11},{"Lantern":0,"Mark of the Bloom":21,"Calipers":0,"NeowsBlessing":0,"Oddly Smooth Stone":34,"Yang":0,"Orichalcum":0,"Sozu":0,"Du-Vu Doll":54,"Frozen Eye":21,"HornCleat":7,"Strawberry":31,"Orrery":0,"MealTicket":0,"Fusion Hammer":16,"Red Mask":0,"PureWater":0,"Toxic Egg 2":43}]},"card_choices":[{"not_picked":["Evaluate","SashWhip"],"picked":"EmptyMind","floor":1.0},{"not_picked":["Halt","JustLucky"],"picked":"Protect","floor":2.0},{"not_picked":["LikeWater","PathToVictory"],"picked":"EmptyFist","floor":6.0},{"not_picked":["SashWhip","ThirdEye"],"picked":"Omniscience","floor":7.0},{"not_picked":["Nirvana","ThirdEye"],"picked":"FearNoEvil","floor":10.0},{"not_picked":["BowlingBash","PathToVictory"],"picked":"ForeignInfluence","floor":13.0},{"not_picked":["EmptyBody","SashWhip"],"picked":"Tantrum","floor":14.0},{"not_picked":["FollowUp","Protect"],"picked":"ClearTheMind","floor":18.0},{"not_picked":["Protect","ClearTheMind"],"picked":"EmptyFist","floor":19.0},{"not_picked":["Worship","BowlingBash"],"picked":"CutThroughFate","floor":21.0},{"not_picked":["CrushJoints","Protect"],"picked":"InnerPeace+1","floor":22.0},{"not_picked":["Crescendo","Nirvana"],"picked":"TalkToTheHand","floor":24.0},{"not_picked":["WindmillStrike","FollowUp"],"picked":"ForeignInfluence","floor":25.0},{"not_picked":["Perseverance","Ragnarok"],"picked":"ThirdEye","floor":28.0},{"not_picked":["ThirdEye","BowlingBash+1"],"picked":"FearNoEvil","floor":28.0},{"not_picked":["Evaluate","PathToVictory"],"picked":"CutThroughFate","floor":28.0},{"not_picked":["ThirdEye","Adaptation"],"picked":"CutThroughFate","floor":28.0},{"not_picked":["JustLucky","ClearTheMind","WindmillStrike+1"],"picked":"SKIP","floor":29},{"not_picked":["Consecrate","Evaluate"],"picked":"Sanctity","floor":30},{"not_picked":["ClearTheMind","Brilliance"],"picked":"MasterReality","floor":31},{"not_picked":["Blasphemy","Ragnarok"],"picked":"DeusExMachina","floor":33},{"not_picked":["Sanctity","EmptyBody+1"],"picked":"Meditate+1","floor":35},{"not_picked":["Evaluate","Wallop"],"picked":"EmptyBody+1","floor":38},{"not_picked":["PathToVictory+1","Perseverance+1","SashWhip+1"],"picked":"SKIP","floor":39},{"not_picked":["WheelKick","Wireheading"],"picked":"FlurryOfBlows","floor":40},{"not_picked":["ClearTheMind","PathToVictory+1"],"picked":"FlurryOfBlows","floor":41},{"not_picked":["PathToVictory+1","Evaluate+1"],"picked":"Weave+1","floor":44},{"not_picked":["Judgement","ReachHeaven"],"picked":"TalkToTheHand+1","floor":47},{"not_picked":["Consecrate","EmptyFist+1"],"picked":"CutThroughFate+1","floor":48},{"not_picked":["ReachHeaven","Consecrate"],"picked":"InnerPeace+1","floor":54}],"player_experience":196028,"relics_obtained":[{"floor":6.0,"key":"Yang"},{"floor":9.0,"key":"Orichalcum"},{"floor":10.0,"key":"Lantern"},{"floor":13.0,"key":"MealTicket"},{"floor":19.0,"key":"Red Mask"},{"floor":25.0,"key":"Calipers"},{"floor":31,"key":"HornCleat"},{"floor":40,"key":"Strawberry"},{"floor":43,"key":"Oddly Smooth Stone"},{"floor":48,"key":"Toxic Egg 2"},{"floor":54,"key":"Du-Vu Doll"}],"event_choices":[{"damage_healed":0.0,"max_hp_gain":0.0,"max_hp_loss":0.0,"gold_gain":0.0,"event_name":"Lab","player_choice":"Got Potions","floor":3.0,"gold_loss":0.0,"damage_taken":0.0},{"cards_removed":["Strike_P"],"damage_healed":0.0,"max_hp_gain":0.0,"max_hp_loss":0.0,"gold_gain":0.0,"event_name":"Golden Wing","player_choice":"Card Removal","floor":11.0,"gold_loss":0.0,"damage_taken":7.0},{"cards_removed":["Defend_P"],"damage_healed":0.0,"max_hp_gain":0.0,"max_hp_loss":0.0,"gold_gain":0.0,"event_name":"Living Wall","player_choice":"Forget","floor":12.0,"gold_loss":0.0,"damage_taken":0.0},{"damage_healed":0.0,"max_hp_gain":0.0,"max_hp_loss":0.0,"gold_gain":30.0,"event_name":"Dead Adventurer","player_choice":"Searched \u00273\u0027 times","floor":13.0,"gold_loss":0.0,"damage_taken":0.0},{"damage_healed":0.0,"max_hp_gain":0.0,"max_hp_loss":0.0,"gold_gain":0.0,"event_name":"Masked Bandits","player_choice":"Fought Bandits","floor":19.0,"gold_loss":0.0,"damage_taken":0.0},{"cards_removed":["Omniscience"],"damage_healed":16.0,"max_hp_gain":10.0,"max_hp_loss":0.0,"gold_gain":0.0,"event_name":"Bonfire Elementals","player_choice":"Offered Rare","floor":20.0,"gold_loss":0.0,"damage_taken":0.0},{"damage_healed":0,"gold_gain":0,"player_choice":"Upgrade","damage_taken":0,"relics_obtained":["Mark of the Bloom"],"max_hp_gain":0,"max_hp_loss":0,"event_name":"MindBloom","floor":36,"gold_loss":0,"cards_upgraded":["Strike_P","Strike_P","Defend_P","Defend_P","Eruption","Vigilance","EmptyMind","Protect","Crescendo","FearNoEvil","Tantrum","ClearTheMind","CutThroughFate","ForeignInfluence","ThirdEye","FearNoEvil","CutThroughFate","CutThroughFate","Sanctity","MasterReality","DeusExMachina"]},{"cards_removed":["MasterReality"],"damage_healed":0,"gold_gain":0,"player_choice":"Removed Power","damage_taken":0,"max_hp_gain":0,"max_hp_loss":0,"event_name":"Falling","floor":45,"gold_loss":0},{"damage_healed":0,"gold_gain":0,"player_choice":"Memory 1","damage_taken":0,"max_hp_gain":0,"max_hp_loss":0,"event_name":"SensoryStone","floor":46,"gold_loss":0}],"is_beta":false,"boss_relics":[{"not_picked":["Runic Pyramid","SacredBark"],"picked":"Sozu"},{"not_picked":["Runic Dome","Snecko Eye"],"picked":"Fusion Hammer"}],"items_purged_floors":[4,28,37],"is_endless":false,"potions_floor_spawned":[2,7,10,14,16,19,25,29,30,38,40,44,54],"ascension_level":0}}