{"host":"3jpcvpprzj9sjffh","time":1614083863,"event":{"mods":["AchievementEnabler","BaseMod","Colored Map","Minty Spire (QoL Compilation)","Rare Cards Sparkle","SuperFastMode","everything is the same but u backflip on backflip"],"gold_per_floor":[118,130,130,140,159,159,187,187,211,211,241,297,166,183,183,279,279,291,42,38,54,73,73,73,73],"floor_reached":24,"language":"KOR","playtime":999,"items_purged":["Shame"],"score":208,"play_id":"f436b7e9-d606-444c-928b-73274b13de72","local_time":"20210223213743","is_ascension_mode":false,"campfire_choices":[{"data":"Barricade","floor":6.0,"key":"SMITH"},{"data":"Body Slam","floor":8.0,"key":"SMITH"},{"floor":10.0,"key":"REST"},{"floor":15.0,"key":"REST"},{"floor":23.0,"key":"REST"}],"circlet_count":0,"master_deck":["Strike_R","Strike_R","Strike_R","Strike_R","Strike_R","Defend_R","Defend_R","Defend_R","Defend_R","Bash","Sadistic Nature","Rage","Flame Barrier","Barricade+1","Body Slam+1","Pommel Strike","True Grit","Fire Breathing","Blood for Blood","Juggernaut","Iron Wave","Evolve","Cleave","Ghostly Armor+1","Armaments+1"],"relics":["Black Blood","Akabeko","Smiling Mask","Strawberry","Happy Flower","Sundial","Orichalcum"],"acts_visited":["Exordium","TheCity"],"potions_floor_usage":[],"damage_taken":[{"damage":12.0,"enemies":"Small Slimes","floor":1.0,"turns":4.0},{"damage":7.0,"enemies":"2 Louse","floor":2.0,"turns":3.0},{"damage":4.0,"enemies":"Jaw Worm","floor":4.0,"turns":4.0},{"damage":1.0,"enemies":"Exordium Wildlife","floor":5.0,"turns":3.0},{"damage":33.0,"enemies":"3 Sentries","floor":7.0,"turns":13.0},{"damage":34.0,"enemies":"Gremlin Nob","floor":11.0,"turns":5.0},{"damage":48.0,"enemies":"Gremlin Nob","floor":12.0,"turns":6.0},{"damage":5.0,"enemies":"Looter","floor":14.0,"turns":4.0},{"damage":5.0,"enemies":"Slime Boss","floor":16.0,"turns":9.0},{"damage":18.0,"enemies":"Spheric Guardian","floor":18.0,"turns":4.0},{"damage":22.0,"enemies":"2 Thieves","floor":20.0,"turns":4.0},{"damage":46.0,"enemies":"3 Cultists","floor":21.0,"turns":7.0},{"damage":40.0,"enemies":"Sentry and Sphere","floor":22.0,"turns":6.0},{"damage":46,"enemies":"Book of Stabbing","floor":24,"turns":7}],"seed_played":"3174530157733115684","potions_obtained":[{"floor":5.0,"key":"Fruit Juice"},{"floor":11.0,"key":"Ancient Potion"},{"floor":12.0,"key":"ColorlessPotion"},{"floor":14.0,"key":"Dexterity Potion"},{"floor":21.0,"key":"Fire Potion"},{"floor":22.0,"key":"DuplicationPotion"}],"is_trial":false,"path_per_floor":["M","M","?","M","M","R","E","R","T","R","E","?","$","M","R","B",null,"M","$","M","M","M","R","E"],"character_chosen":"IRONCLAD","items_purchased":["Fire Breathing","Evolve","Cleave","Orichalcum"],"campfire_rested":3,"item_purchase_floors":[13,19,19,19],"current_hp_per_floor":[74,73,70,72,77,77,50,50,57,83,55,18,18,19,46,47,92,86,86,76,42,14,41,0,0],"gold":73,"neow_bonus":"RANDOM_COLORLESS_2","is_daily":false,"chose_seed":false,"campfire_upgraded":2,"win_rate":0.0,"timestamp":1614083863,"path_taken":["M","M","?","M","M","R","E","R","T","R","E","?","$","M","R","BOSS","M","$","M","M","M","R","E"],"items_purchased_type":["Card","Card","Card","Relic"],"build_version":"2020-12-22","purchased_purges":1,"victory":false,"max_hp_per_floor":[80,80,80,80,80,80,80,80,87,87,87,92,92,92,92,92,92,92,92,92,92,92,92,92,92],"card_choices":[{"not_picked":["Panache","Secret Weapon"],"picked":"Sadistic Nature","floor":0.0},{"not_picked":["Heavy Blade","Warcry"],"picked":"Rage","floor":1.0},{"not_picked":["Flex","Metallicize"],"picked":"Flame Barrier","floor":2.0},{"not_picked":["Twin Strike","Cleave"],"picked":"Barricade","floor":4.0},{"not_picked":["Dropkick","Perfected Strike"],"picked":"Body Slam","floor":5.0},{"not_picked":["Warcry","Clothesline"],"picked":"Pommel Strike","floor":7.0},{"not_picked":["Searing Blow","Headbutt"],"picked":"True Grit","floor":11.0},{"not_picked":["Fiend Fire","Perfected Strike"],"picked":"Blood for Blood","floor":14.0},{"not_picked":["Demon Form","Offering"],"picked":"Juggernaut","floor":16.0},{"not_picked":["Clothesline+1","Wild Strike"],"picked":"Iron Wave","floor":18.0},{"not_picked":["Havoc","Headbutt","Uppercut"],"picked":"SKIP","floor":20.0},{"not_picked":["Searing Blow","Sword Boomerang"],"picked":"Ghostly Armor+1","floor":21.0},{"not_picked":["Hemokinesis+1","Cleave"],"picked":"Armaments+1","floor":22.0}],"player_experience":344313,"relics_obtained":[{"floor":7.0,"key":"Smiling Mask"},{"floor":9.0,"key":"Strawberry"},{"floor":11.0,"key":"Happy Flower"}],"event_choices":[{"damage_healed":0.0,"max_hp_gain":0.0,"max_hp_loss":0.0,"gold_gain":0.0,"event_name":"Scrap Ooze","player_choice":"Success","floor":3.0,"gold_loss":0.0,"damage_taken":3.0,"relics_obtained":["Akabeko"]},{"damage_healed":0.0,"max_hp_gain":0.0,"max_hp_loss":0.0,"gold_gain":0.0,"event_name":"Dead Adventurer","player_choice":"Searched \u00272\u0027 times","floor":12.0,"gold_loss":0.0,"damage_taken":0.0,"relics_obtained":["Sundial"]}],"is_beta":false,"boss_relics":[{"not_picked":["Calling Bell","Runic Pyramid"],"picked":"Black Blood"}],"items_purged_floors":[13],"is_endless":false,"potions_floor_spawned":[5,11,12,14,21,22],"killed_by":"Book of Stabbing","ascension_level":0}}