{"host":"ssbj2e5691x5ub3h","time":1614123395,"event":{"mods":["BaseMod","Minty Spire (QoL Compilation)","Quick Restart","StSLib","SuperFastMode","The Dragon Tamer","The Gatherer","The Marked"],"gold_per_floor":[119,133,153,75,85,115,115,115,115,115,130,130,148,163,163,262,262,275,287,287,287,287],"floor_reached":21,"language":"ENG","playtime":1005,"items_purged":[],"score":258,"play_id":"286d8074-3ead-46c9-b503-21f60b92ae0b","local_time":"20210223203635","is_ascension_mode":false,"campfire_choices":[{"data":"TalkToTheHand","floor":7,"key":"SMITH"},{"data":"Eruption","floor":10,"key":"SMITH"},{"data":"MentalFortress","floor":12,"key":"SMITH"},{"floor":15,"key":"REST"}],"circlet_count":0,"master_deck":["Strike_P","Strike_P","Strike_P","Strike_P","Defend_P","Defend_P","Defend_P","Defend_P","Eruption+1","Vigilance","SandsOfTime","Indignation","Evaluate","MentalFortress+1","TalkToTheHand+1","Tantrum","ThirdEye","Establishment","FlurryOfBlows","Wallop+1","Writhe"],"relics":["PureWater","Ancient Tea Set","Eternal Feather","Sozu","Mango"],"acts_visited":["Exordium","TheCity"],"potions_floor_usage":[11,14,16],"damage_taken":[{"damage":0,"enemies":"2 Louse","floor":1,"turns":4},{"damage":2,"enemies":"Small Slimes","floor":2,"turns":4},{"damage":2,"enemies":"Jaw Worm","floor":3,"turns":4},{"damage":0,"enemies":"Looter","floor":5,"turns":5},{"damage":24,"enemies":"Lagavulin","floor":6,"turns":6},{"damage":19,"enemies":"Large Slime","floor":11,"turns":4},{"damage":5,"enemies":"Blue Slaver","floor":13,"turns":5},{"damage":7,"enemies":"Exordium Thugs","floor":14,"turns":5},{"damage":0,"enemies":"Slime Boss","floor":16,"turns":7},{"damage":0,"enemies":"Chosen","floor":18,"turns":4},{"damage":0,"enemies":"Shell Parasite","floor":19,"turns":5},{"damage":49,"enemies":"Shelled Parasite and Fungi","floor":21,"turns":4}],"seed_played":"7733418504348661055","potions_obtained":[{"floor":3,"key":"LiquidBronze"},{"floor":5,"key":"DistilledChaos"},{"floor":11,"key":"ColorlessPotion"},{"floor":14,"key":"SkillPotion"}],"is_trial":false,"path_per_floor":["M","M","M","$","M","E","R","?","T","R","M","R","M","M","R","B",null,"M","M","?","M"],"character_chosen":"WATCHER","items_purchased":["MentalFortress"],"campfire_rested":1,"item_purchase_floors":[4],"current_hp_per_floor":[79,77,75,75,75,51,51,51,51,60,41,50,45,38,70,70,79,79,79,93,44,44],"gold":287,"neow_bonus":"TEN_PERCENT_HP_BONUS","is_daily":false,"chose_seed":false,"campfire_upgraded":3,"win_rate":0.0,"timestamp":1614123395,"path_taken":["M","M","M","$","M","E","R","?","T","R","M","R","M","M","R","BOSS","M","M","?","M"],"items_purchased_type":["Card"],"build_version":"2020-12-22","purchased_purges":0,"victory":false,"max_hp_per_floor":[79,79,79,79,79,79,79,79,79,79,79,79,79,79,79,79,79,79,79,93,93,93],"card_choices":[{"not_picked":["ThirdEye","Crescendo"],"picked":"SandsOfTime","floor":1},{"not_picked":["Worship","JustLucky"],"picked":"Indignation","floor":2},{"not_picked":["JustLucky","Protect"],"picked":"Evaluate","floor":3},{"not_picked":["PathToVictory","CrushJoints"],"picked":"TalkToTheHand","floor":5},{"not_picked":["Devotion","Weave","Meditate"],"picked":"SKIP","floor":6},{"not_picked":["Perseverance","WaveOfTheHand"],"picked":"Tantrum","floor":11},{"not_picked":["Indignation","SashWhip","Study"],"picked":"SKIP","floor":13},{"not_picked":["Prostrate","Evaluate"],"picked":"ThirdEye","floor":14},{"not_picked":["LessonLearned","Alpha"],"picked":"Establishment","floor":16},{"not_picked":["JustLucky","Halt+1"],"picked":"FlurryOfBlows","floor":18},{"not_picked":["Evaluate+1","CutThroughFate"],"picked":"Wallop+1","floor":19}],"player_experience":143824,"relics_obtained":[{"floor":6,"key":"Ancient Tea Set"},{"floor":9,"key":"Eternal Feather"}],"event_choices":[{"damage_healed":0,"gold_gain":0,"player_choice":"Ignored","damage_taken":0,"max_hp_gain":0,"max_hp_loss":0,"event_name":"Shining Light","floor":8,"gold_loss":0},{"damage_healed":0,"gold_gain":0,"player_choice":"Opened","damage_taken":0,"relics_obtained":["Mango"],"max_hp_gain":0,"max_hp_loss":0,"event_name":"The Mausoleum","floor":20,"gold_loss":0,"cards_obtained":["Writhe"]}],"is_beta":false,"boss_relics":[{"not_picked":["Empty Cage","Fusion Hammer"],"picked":"Sozu"}],"items_purged_floors":[],"is_endless":false,"potions_floor_spawned":[3,5,11,14,19],"killed_by":"Shelled Parasite and Fungi","ascension_level":0}}