{"host":"ve5hox67eka4rdnb","time":1614083782,"event":{"mods":["ATMod(°¢èªMod)","AchievementEnabler","Act Like it!","BaseMod","Downfall","Lobotomy","LobotomyExtend","Minty Spire (QoL Compilation)","Quick Restart","Replay The Spire","Shop Mod","StSLib"],"gold_per_floor":[110,110,185,199,226,253,272,272,272,272,67,67,86,86,86],"floor_reached":14,"language":"ZHS","playtime":385,"items_purged":["SpecialBullet"],"score":130,"play_id":"6977e973-6303-473f-ab8a-e6ed928ee010","local_time":"20210223203622","is_ascension_mode":true,"campfire_choices":[],"circlet_count":0,"master_deck":["SpecialBullet","SpecialBullet","SpecialBullet","SpecialBullet","SpecialBullet","SpecialBullet","WelfareCode","DisciplinaryCode","ControlCode","AT_ShrugMaster","TheSmile","FourthMatchFlame","Gaze","Lamp+2","Regret_ego","BloodyDesire"],"relics":["CogitoBucket","AT_ATBox","LetterFromLob","AT_EbonyIvory","Potion Belt","Question Card"],"acts_visited":["Exordium"],"potions_floor_usage":[14],"damage_taken":[{"damage":10.0,"enemies":"Small Slimes","floor":1.0,"turns":3.0},{"damage":15,"enemies":"2 Louse","floor":4,"turns":2},{"damage":0,"enemies":"Gremlin Nob","floor":6,"turns":4},{"damage":12,"enemies":"Jaw Worm","floor":7,"turns":2},{"damage":0,"enemies":"2 Fungi Beasts","floor":13,"turns":3},{"damage":18,"enemies":"3 Sentries","floor":14,"turns":4}],"seed_played":"-1919085761755327494","potions_obtained":[{"floor":6,"key":"AttackPotion"}],"is_trial":false,"path_per_floor":["M","?","?","M","T","E","M","R","T","R","$","R","M","E"],"character_chosen":"Angela","items_purchased":["Lamp","Regret_ego"],"campfire_rested":0,"item_purchase_floors":[11,11],"current_hp_per_floor":[60,60,49,34,34,34,22,22,22,22,22,22,22,8,8],"gold":86,"neow_bonus":"TRANSFORM_CARD","is_daily":false,"chose_seed":false,"campfire_upgraded":0,"win_rate":0.0,"timestamp":1614083782,"path_taken":["M","?","?","M","?","E","M","R","T","R","$","R","M","E"],"items_purchased_type":["Card","Card"],"build_version":"2020-12-22","purchased_purges":1,"victory":false,"max_hp_per_floor":[70,70,70,70,70,70,70,70,70,70,70,70,70,70,70],"card_choices":[{"not_picked":["CENSORED_ego"],"picked":"FourthMatchFlame","floor":1.0},{"not_picked":["Harvest","RapturousDream"],"picked":"SKIP","floor":4},{"not_picked":["SomewhereSpear","Loneliness"],"picked":"SKIP","floor":6},{"not_picked":["RapturousDream"],"picked":"Gaze","floor":7},{"not_picked":["WristCuter","Lantern"],"picked":"BloodyDesire","floor":13}],"player_experience":221343,"relics_obtained":[{"floor":1.0,"key":"LetterFromLob"},{"floor":5,"key":"AT_EbonyIvory"},{"floor":6,"key":"Potion Belt"},{"floor":9,"key":"Question Card"}],"event_choices":[{"damage_healed":0,"gold_gain":75,"player_choice":"Gather Gold","damage_taken":11,"max_hp_gain":0,"max_hp_loss":0,"event_name":"World of Goop","floor":3,"gold_loss":0}],"is_beta":false,"boss_relics":[],"items_purged_floors":[11],"is_endless":false,"potions_floor_spawned":[6],"killed_by":"3 Sentries","ascension_level":3}}