{"host":"359hz4210ybch7ku","time":1614059416,"event":{"mods":["BaseMod","Block Reminder","Colored Map","Colored Powertips","Highlight Path","Minty Spire (QoL Compilation)","Slay the Relics Exporter","StSLib"],"gold_per_floor":[115,115,115,35,56,56,90,105,105,128,128,171,192,228,228,347,347,371,386,386,406,102,102,102,141,153,204,235,268,293,305,305],"floor_reached":31,"language":"ENG","playtime":2165,"items_purged":[],"score":465,"play_id":"fdb7454f-e334-41dc-b75b-ff1f5c9de89c","local_time":"20210222215016","is_ascension_mode":true,"campfire_choices":[{"data":"Footwork","floor":6.0,"key":"SMITH"},{"data":"Catalyst","floor":15.0,"key":"SMITH"},{"data":"Tools of the Trade","floor":23.0,"key":"SMITH"}],"circlet_count":0,"master_deck":["Strike_G","Strike_G","Strike_G+1","Strike_G","Strike_G","Defend_G","Defend_G","Defend_G","Defend_G","Defend_G","Survivor","Neutralize","Blur+1","Footwork+1","Deadly Poison","PiercingWail","Dodge and Roll","Blade Dance","Leg Sweep","Catalyst+1","Blur","Tools of the Trade+1","Flechettes+1","Finisher","Blade Dance","Acrobatics","Bane"],"relics":["Ring of the Snake","NeowsBlessing","Golden Idol","Bottled Lightning","Vajra","Akabeko","Mercury Hourglass","Sozu","Nilry\u0027s Codex","Shuriken","MawBank","Smiling Mask","Regal Pillow"],"acts_visited":["TheCity"],"potions_floor_usage":[],"damage_taken":[{"damage":0.0,"enemies":"Jaw Worm","floor":1.0,"turns":1.0},{"damage":0.0,"enemies":"2 Louse","floor":5.0,"turns":1.0},{"damage":0.0,"enemies":"Gremlin Nob","floor":7.0,"turns":1.0},{"damage":0.0,"enemies":"Small Slimes","floor":8.0,"turns":3.0},{"damage":1.0,"enemies":"Exordium Wildlife","floor":10.0,"turns":5.0},{"damage":2.0,"enemies":"3 Sentries","floor":12.0,"turns":9.0},{"damage":0.0,"enemies":"Large Slime","floor":13.0,"turns":7.0},{"damage":0.0,"enemies":"Lagavulin","floor":14.0,"turns":8.0},{"damage":10.0,"enemies":"The Guardian","floor":16.0,"turns":12.0},{"damage":13.0,"enemies":"Chosen","floor":18.0,"turns":6.0},{"damage":0.0,"enemies":"Shell Parasite","floor":19.0,"turns":6.0},{"damage":0.0,"enemies":"Snecko","floor":21.0,"turns":2.0},{"damage":0.0,"enemies":"Book of Stabbing","floor":25.0,"turns":1.0},{"damage":10.0,"enemies":"Slavers","floor":27.0,"turns":4.0},{"damage":3.0,"enemies":"Centurion and Healer","floor":28.0,"turns":5.0},{"damage":7.0,"enemies":"3 Cultists","floor":29.0,"turns":6.0},{"damage":9.0,"enemies":"Shelled Parasite and Fungi","floor":30.0,"turns":5.0},{"damage":0,"enemies":"Gremlin Leader","floor":31,"turns":2}],"seed_played":"-6050368491322873202","potions_obtained":[{"floor":1.0,"key":"BlessingOfTheForge"},{"floor":8.0,"key":"SkillPotion"},{"floor":12.0,"key":"AttackPotion"},{"floor":13.0,"key":"Strength Potion"},{"floor":14.0,"key":"LiquidMemories"}],"is_trial":false,"path_per_floor":["M","$","?","$","M","R","E","M","T","M","?","E","M","E","R","B",null,"M","M","?","M","$","R","T","E","T","E","M","M","M","E"],"character_chosen":"THE_SILENT","items_purchased":["Footwork","Shuriken","Blade Dance"],"campfire_rested":0,"item_purchase_floors":[4,22,22],"current_hp_per_floor":[70,70,65,65,65,65,65,65,65,64,51,49,49,49,49,39,59,46,46,30,30,30,30,30,30,30,20,17,10,1,1,1],"gold":305,"neow_bonus":"THREE_ENEMY_KILL","is_daily":false,"chose_seed":false,"campfire_upgraded":3,"win_rate":0.0,"timestamp":1614059416,"path_taken":["M","$","?","$","M","R","E","M","T","M","?","E","M","E","R","BOSS","M","M","?","M","$","R","?","E","T","E","M","M","M","E"],"items_purchased_type":["Card","Relic","Card"],"build_version":"2020-12-22","purchased_purges":0,"victory":false,"max_hp_per_floor":[70,70,65,65,65,65,65,65,65,65,65,65,65,65,65,65,65,65,65,65,65,65,65,65,65,65,65,65,65,65,65,65],"card_choices":[{"not_picked":["Bouncing Flask","Sucker Punch"],"picked":"Blur","floor":1.0},{"not_picked":["Quick Slash","Poisoned Stab"],"picked":"Deadly Poison","floor":5.0},{"not_picked":["Skewer","All Out Attack"],"picked":"PiercingWail","floor":7.0},{"not_picked":["Sucker Punch","Infinite Blades"],"picked":"Dodge and Roll","floor":8.0},{"not_picked":["Outmaneuver","Storm of Steel"],"picked":"Blade Dance","floor":10.0},{"not_picked":["PiercingWail","Eviscerate"],"picked":"Leg Sweep","floor":12.0},{"not_picked":["Backstab","Tactician"],"picked":"Catalyst","floor":13.0},{"not_picked":["Quick Slash","Bane"],"picked":"Blur","floor":14.0},{"not_picked":["Bullet Time","Grand Finale"],"picked":"Tools of the Trade","floor":16.0},{"not_picked":["Outmaneuver","Caltrops"],"picked":"Flechettes+1","floor":18.0},{"not_picked":["Calculated Gamble+1","Skewer+1"],"picked":"Finisher","floor":19.0},{"not_picked":["Dagger Throw","Heel Hook","Noxious Fumes"],"picked":"SKIP","floor":21.0},{"not_picked":["Slice","Distraction"],"picked":"Acrobatics","floor":25.0},{"not_picked":["Unload","Grand Finale"],"picked":"Bane","floor":27.0},{"not_picked":["Deflect","Underhanded Strike","Flying Knee"],"picked":"SKIP","floor":28.0},{"not_picked":["Prepared","Poisoned Stab+1","Flying Knee"],"picked":"SKIP","floor":29.0},{"not_picked":["Riddle With Holes+1","Dagger Throw","Bane"],"picked":"SKIP","floor":30.0}],"player_experience":346247,"relics_obtained":[{"floor":7.0,"key":"Bottled Lightning"},{"floor":9.0,"key":"Vajra"},{"floor":12.0,"key":"Akabeko"},{"floor":14.0,"key":"Mercury Hourglass"},{"floor":20.0,"key":"Nilry\u0027s Codex"},{"floor":25.0,"key":"MawBank"},{"floor":26.0,"key":"Smiling Mask"},{"floor":27.0,"key":"Regal Pillow"}],"event_choices":[{"damage_healed":0.0,"max_hp_gain":0.0,"max_hp_loss":5.0,"gold_gain":0.0,"event_name":"Golden Idol","player_choice":"Lose Max HP","floor":3.0,"gold_loss":0.0,"damage_taken":0.0,"relics_obtained":["Golden Idol"]},{"damage_healed":0.0,"max_hp_gain":0.0,"max_hp_loss":0.0,"gold_gain":0.0,"event_name":"Shining Light","player_choice":"Entered Light","floor":11.0,"gold_loss":0.0,"damage_taken":13.0,"cards_upgraded":["Blur","Strike_G"]},{"damage_healed":0.0,"max_hp_gain":0.0,"max_hp_loss":0.0,"gold_gain":0.0,"event_name":"Cursed Tome","player_choice":"Obtained Book","floor":20.0,"gold_loss":0.0,"damage_taken":16.0}],"is_beta":false,"boss_relics":[{"not_picked":["Runic Pyramid","Coffee Dripper"],"picked":"Sozu"}],"items_purged_floors":[],"is_endless":false,"potions_floor_spawned":[1,8,12,13,14,19,27,29],"killed_by":"Gremlin Leader","ascension_level":5}}