{"host":"q9szs7qndgdlcq24","time":1614099671,"event":{"mods":["2.2 Compatiblity","AchievementEnabler","BaseMod","Bestiary","Colored Map","Colored Powertips","Dark Map","DeckTracker","Displayed Cursed Tome","Highlight Path","Minty Spire (QoL Compilation)","Random Character Button","StSLib","Unknown Chances"],"gold_per_floor":[116,39,39,49,49,77,91,116,143,143,163,178,103,115,115,219,219,237,249,249,101,118,118,118,138,138,156,156,172,172,183,183,288,288,305,305,305],"floor_reached":36,"language":"ENG","playtime":4582,"items_purged":["Strike_B","Strike_B"],"score":403,"play_id":"d32c2d92-0ddb-42f6-ab1c-f773e3da985f","local_time":"20210223200111","is_ascension_mode":false,"campfire_choices":[{"floor":10,"key":"REST"},{"floor":15,"key":"REST"},{"floor":24,"key":"REST"},{"floor":28,"key":"REST"},{"floor":30,"key":"REST"},{"floor":32,"key":"REST"}],"circlet_count":0,"master_deck":["Defend_B+1","Defend_B","Zap+1","Dualcast","Barrage+1","Capacitor","Leap","Rip and Tear","Defragment","Ball Lightning","Leap","Consume","Thunder Strike","Conserve Battery","Conserve Battery","Conserve Battery","Defragment","Melter","Rebound","Echo Form","Leap+1","Scrape+1","Melter+1","Gash"],"relics":["Cracked Core","NeowsBlessing","Ancient Tea Set","Centennial Puzzle","War Paint","Inserter","Ornamental Fan","Astrolabe"],"acts_visited":["Exordium","TheCity","TheBeyond"],"potions_floor_usage":[16,19,27,27,33,33],"damage_taken":[{"damage":0,"enemies":"Jaw Worm","floor":1,"turns":1},{"damage":0,"enemies":"2 Louse","floor":4,"turns":1},{"damage":0,"enemies":"Lagavulin","floor":6,"turns":1},{"damage":0,"enemies":"Cultist","floor":7,"turns":3},{"damage":28,"enemies":"Gremlin Nob","floor":8,"turns":4},{"damage":6,"enemies":"Large Slime","floor":11,"turns":4},{"damage":10,"enemies":"3 Louse","floor":12,"turns":3},{"damage":6,"enemies":"2 Fungi Beasts","floor":14,"turns":3},{"damage":49,"enemies":"Slime Boss","floor":16,"turns":10},{"damage":5,"enemies":"Chosen","floor":18,"turns":4},{"damage":17,"enemies":"3 Byrds","floor":19,"turns":3},{"damage":11,"enemies":"Snake Plant","floor":22,"turns":4},{"damage":15,"enemies":"Cultist and Chosen","floor":25,"turns":6},{"damage":23,"enemies":"Sentry and Sphere","floor":27,"turns":5},{"damage":35,"enemies":"Snake Plant","floor":29,"turns":5},{"damage":9,"enemies":"Snecko","floor":31,"turns":5},{"damage":29,"enemies":"Champ","floor":33,"turns":10},{"damage":11,"enemies":"Orb Walker","floor":35,"turns":4},{"damage":69,"enemies":"3 Darklings","floor":36,"turns":5}],"seed_played":"6159405476918431393","potions_obtained":[{"floor":4,"key":"SkillPotion"},{"floor":6,"key":"Regen Potion"},{"floor":8,"key":"LiquidBronze"},{"floor":19,"key":"Explosive Potion"},{"floor":27,"key":"FearPotion"},{"floor":29,"key":"Weak Potion"}],"is_trial":false,"path_per_floor":["M","$","?","M","?","E","M","E","T","R","M","M","$","M","R","B",null,"M","M","?","$","M","?","R","M","T","M","R","M","R","M","R","B",null,"M","M"],"character_chosen":"DEFECT","items_purchased":["Capacitor","Conserve Battery"],"campfire_rested":6,"item_purchase_floors":[2,21],"current_hp_per_floor":[75,75,75,75,75,75,75,47,47,69,63,53,53,47,69,20,75,70,53,53,53,42,28,52,37,37,19,43,8,32,23,47,18,80,69,0,0],"gold":305,"neow_bonus":"THREE_ENEMY_KILL","is_daily":false,"chose_seed":false,"campfire_upgraded":0,"win_rate":0.0,"timestamp":1614099671,"path_taken":["M","$","?","M","?","E","M","E","T","R","M","M","$","M","R","BOSS","M","M","?","$","?","?","R","M","T","M","R","M","R","M","R","BOSS","M","M"],"items_purchased_type":["Card","Card"],"build_version":"2020-12-22","purchased_purges":2,"victory":false,"max_hp_per_floor":[75,75,75,75,75,75,75,75,75,75,75,75,75,75,75,75,75,75,75,75,75,75,80,80,80,80,80,80,80,80,80,80,80,80,80,80,80],"card_choices":[{"not_picked":["Compile Driver","Steam"],"picked":"Barrage","floor":1},{"not_picked":["Go for the Eyes","Scrape"],"picked":"Leap","floor":4},{"not_picked":["Redo","Coolheaded"],"picked":"Rip and Tear","floor":6},{"not_picked":["Loop","Coolheaded"],"picked":"Defragment","floor":7},{"not_picked":["Barrage","Doom and Gloom"],"picked":"Ball Lightning","floor":8},{"not_picked":["Reprogram","Darkness","Cold Snap"],"picked":"SKIP","floor":11},{"not_picked":["Force Field","Darkness"],"picked":"Leap","floor":12},{"not_picked":["Hologram","Doom and Gloom"],"picked":"Consume","floor":14},{"not_picked":["Multi-Cast","All For One"],"picked":"Thunder Strike","floor":16},{"not_picked":["Chill+1","Sweeping Beam"],"picked":"Conserve Battery","floor":18},{"not_picked":["Coolheaded","Hello World+1"],"picked":"Conserve Battery","floor":19},{"not_picked":["Force Field","Recycle+1","Go for the Eyes"],"picked":"SKIP","floor":22},{"not_picked":["Rip and Tear","Redo+1"],"picked":"Defragment","floor":25},{"not_picked":["Hello World","Sweeping Beam"],"picked":"Melter","floor":27},{"not_picked":["Genetic Algorithm","Redo","Fission"],"picked":"SKIP","floor":29},{"not_picked":["Heatsinks","Sunder+1"],"picked":"Rebound","floor":31},{"not_picked":["Buffer","Amplify"],"picked":"Echo Form","floor":33},{"not_picked":["Sweeping Beam+1","Coolheaded+1"],"picked":"Gash","floor":35}],"player_experience":81739,"relics_obtained":[{"floor":6,"key":"Ancient Tea Set"},{"floor":8,"key":"Centennial Puzzle"},{"floor":9,"key":"War Paint"},{"floor":26,"key":"Ornamental Fan"}],"event_choices":[{"damage_healed":0,"gold_gain":0,"player_choice":"Grow","damage_taken":0,"max_hp_gain":0,"max_hp_loss":0,"event_name":"Living Wall","floor":3,"gold_loss":0,"cards_upgraded":["Barrage"]},{"damage_healed":0,"gold_gain":0,"player_choice":"Ignored","damage_taken":0,"max_hp_gain":0,"max_hp_loss":0,"event_name":"Liars Game","floor":5,"gold_loss":0},{"cards_removed":["Defend_B"],"damage_healed":0,"gold_gain":0,"player_choice":"Offered Basic","damage_taken":0,"max_hp_gain":0,"max_hp_loss":0,"event_name":"Bonfire Elementals","floor":20,"gold_loss":0},{"damage_healed":0,"gold_gain":0,"player_choice":"Shed Blood","damage_taken":19,"max_hp_gain":5,"max_hp_loss":0,"event_name":"Forgotten Altar","floor":23,"gold_loss":0}],"is_beta":false,"boss_relics":[{"not_picked":["Nuclear Battery","Calling Bell"],"picked":"Inserter"},{"not_picked":["Runic Dome","Coffee Dripper"],"picked":"Astrolabe"}],"items_purged_floors":[13,21],"is_endless":false,"potions_floor_spawned":[4,6,8,12,19,27,29],"killed_by":"3 Darklings","ascension_level":0}}