{"host":"6406jj8da6015sxr","time":1614064660,"event":{"mods":["AchievementEnabler","BaseMod","Colored Map","DeckTracker","Keyboard Shortcuts","Minty Spire (QoL Compilation)","Permanent Neow","Relic Stats","SuperFastMode","everything is the same but u backflip on backflip"],"gold_per_floor":[364,25,25,35,53,87,87,87,87,106,116,116,126,136,136,209,209,223,24,40,40,55,55,55,55],"floor_reached":24,"language":"KOR","playtime":1088,"items_purged":["Strike_G"],"score":400,"play_id":"48b31cde-8f15-445b-b06f-9ee0a2ddb041","local_time":"20210223161740","is_ascension_mode":true,"campfire_choices":[{"data":"Caltrops","floor":8,"key":"SMITH"},{"data":"Bouncing Flask","floor":12,"key":"SMITH"},{"data":"Neutralize","floor":15,"key":"SMITH"},{"floor":23,"key":"REST"}],"circlet_count":0,"master_deck":["AscendersBane","Strike_G","Strike_G","Strike_G","Strike_G","Defend_G","Defend_G","Defend_G","Defend_G","Defend_G","Survivor","Neutralize+1","Dagger Spray","Dagger Throw","Caltrops+1","Predator","Bouncing Flask+1","Cloak And Dagger","Bane","Tools of the Trade","HandOfGreed","Well Laid Plans","Escape Plan"],"relics":["Ring of the Snake","Meat on the Bone","Anchor","Letter Opener","StrikeDummy","Velvet Choker","Enchiridion"],"acts_visited":["Exordium","TheCity"],"potions_floor_usage":[6,6,14,22,22],"damage_taken":[{"damage":6.0,"enemies":"Cultist","floor":1.0,"turns":5.0},{"damage":9.0,"enemies":"Jaw Worm","floor":4.0,"turns":5.0},{"damage":9.0,"enemies":"Small Slimes","floor":5.0,"turns":4.0},{"damage":12,"enemies":"Lagavulin","floor":6,"turns":6},{"damage":7,"enemies":"Blue Slaver","floor":10,"turns":4},{"damage":27,"enemies":"2 Fungi Beasts","floor":11,"turns":3},{"damage":12,"enemies":"Large Slime","floor":13,"turns":5},{"damage":0,"enemies":"Lots of Slimes","floor":14,"turns":1},{"damage":15,"enemies":"Hexaghost","floor":16,"turns":9},{"damage":6,"enemies":"Shell Parasite","floor":18,"turns":5},{"damage":8,"enemies":"2 Thieves","floor":20,"turns":5},{"damage":12,"enemies":"Cultist and Chosen","floor":22,"turns":4},{"damage":15,"enemies":"Book of Stabbing","floor":24,"turns":4}],"seed_played":"-5773933442287726257","potions_obtained":[{"floor":1.0,"key":"SkillPotion"},{"floor":5.0,"key":"AttackPotion"},{"floor":11,"key":"BlessingOfTheForge"},{"floor":14,"key":"Strength Potion"},{"floor":16,"key":"Explosive Potion"},{"floor":22,"key":"Explosive Potion"}],"is_trial":false,"path_per_floor":["M","$","?","M","M","E","?","R","T","M","M","R","M","M","R","B",null,"M","$","M","?","M","R","E"],"character_chosen":"THE_SILENT","items_purchased":["Meat on the Bone","HandOfGreed"],"campfire_rested":1,"item_purchase_floors":[2,19],"current_hp_per_floor":[53,53,53,44,35,35,35,35,35,40,25,25,25,37,37,34,54,48,48,40,19,19,37,22,22],"gold":55,"neow_bonus":"TWO_FIFTY_GOLD","is_daily":false,"chose_seed":false,"campfire_upgraded":3,"win_rate":0.0,"timestamp":1614064660,"path_taken":["M","$","?","M","M","E","?","R","T","M","M","R","M","M","R","BOSS","M","$","?","?","M","R","E"],"items_purchased_type":["Relic","Card"],"build_version":"2020-12-22","purchased_purges":1,"victory":false,"max_hp_per_floor":[60,60,60,60,60,60,60,60,60,60,60,60,60,60,60,60,60,60,60,60,60,60,60,60,60],"relic_stats":{"counters":[13,60],"Letter Opener":[15],"obtain_stats":[{"Anchor":6,"Velvet Choker":17,"Enchiridion":21,"Letter Opener":7,"StrikeDummy":9,"Ring of the Snake":0,"Meat on the Bone":2},{"Anchor":4,"Velvet Choker":9,"Enchiridion":11,"Letter Opener":4,"StrikeDummy":4,"Ring of the Snake":0,"Meat on the Bone":1},{"Anchor":20,"Velvet Choker":42,"Enchiridion":52,"Letter Opener":20,"StrikeDummy":20,"Ring of the Snake":0,"Meat on the Bone":5}],"Ring of the Snake":[26],"Meat on the Bone":84},"card_choices":[{"not_picked":["Flying Knee","Deadly Poison"],"picked":"Dagger Spray","floor":1.0},{"not_picked":["Expertise","Setup"],"picked":"Infinite Blades","floor":4.0},{"not_picked":["Flying Knee","Deflect"],"picked":"Dagger Throw","floor":5.0},{"not_picked":["Sucker Punch","Outmaneuver"],"picked":"Caltrops","floor":6},{"not_picked":["Underhanded Strike","Poisoned Stab"],"picked":"Predator","floor":10},{"not_picked":["Blade Dance","Concentrate"],"picked":"Bouncing Flask","floor":11},{"not_picked":["Sucker Punch","Heel Hook"],"picked":"Cloak And Dagger","floor":13},{"not_picked":["Masterful Stab","Blade Dance"],"picked":"Bane","floor":14},{"not_picked":["Bullet Time","Venomology"],"picked":"Tools of the Trade","floor":16},{"not_picked":["Deadly Poison","Slice","All Out Attack"],"picked":"SKIP","floor":18},{"not_picked":["Dagger Throw","Endless Agony"],"picked":"Well Laid Plans","floor":20},{"not_picked":["Bouncing Flask","All Out Attack"],"picked":"Escape Plan","floor":22}],"player_experience":82312,"relics_obtained":[{"floor":6,"key":"Anchor"},{"floor":9,"key":"StrikeDummy"},{"floor":21,"key":"Enchiridion"}],"event_choices":[{"damage_healed":0.0,"max_hp_gain":0.0,"max_hp_loss":0.0,"gold_gain":0.0,"event_name":"Liars Game","player_choice":"Ignored","floor":3.0,"gold_loss":0.0,"damage_taken":0.0},{"cards_removed":["Infinite Blades"],"damage_healed":0,"gold_gain":0,"player_choice":"Gave Card","damage_taken":0,"relics_obtained":["Letter Opener"],"max_hp_gain":0,"max_hp_loss":0,"event_name":"WeMeetAgain","floor":7,"gold_loss":0},{"damage_healed":0,"gold_gain":0,"player_choice":"Obtained Book","damage_taken":21,"max_hp_gain":0,"max_hp_loss":0,"event_name":"Cursed Tome","floor":21,"gold_loss":0}],"is_beta":false,"boss_relics":[{"not_picked":["Fusion Hammer","Busted Crown"],"picked":"Velvet Choker"}],"items_purged_floors":[2],"is_endless":false,"potions_floor_spawned":[1,5,11,14,16,22],"killed_by":"Book of Stabbing","ascension_level":20}}