{"host":"7wi4qgm5yw4j7oz0","time":1614075271,"event":{"mods":["AchievementEnabler","BaseMod","Block Reminder","Colored Map","Colored Powertips","Highlight Path","Minty Spire (QoL Compilation)","Permanent Neow","Random Character Button","StSLib","SuperFastMode","everything is the same but u backflip on backflip"],"gold_per_floor":[110,110,110,124,134,134,167,185,185,185,202,227,38,38,38,115,115,131,131,142,152,17,44,44,44,44,55,55,86,99,115,115,115,115],"floor_reached":33,"language":"KOR","playtime":1470,"items_purged":[],"score":485,"play_id":"d55aa6f7-4842-475e-8444-f2a079ccbdd9","local_time":"20210223191431","is_ascension_mode":true,"campfire_choices":[{"data":"Body Slam","floor":6.0,"key":"SMITH"},{"data":"Spot Weakness","floor":10.0,"key":"SMITH"},{"floor":15.0,"key":"REST"},{"floor":24.0,"key":"REST"},{"floor":28.0,"key":"REST"},{"floor":32.0,"key":"REST"}],"circlet_count":0,"master_deck":["AscendersBane","Strike_R","Strike_R","Strike_R","Strike_R","Defend_R","Defend_R","Defend_R","Defend_R","Bash","Spot Weakness+1","Body Slam+1","Clothesline","Carnage","Sword Boomerang","Heavy Blade","Apotheosis","Impervious","True Grit","Rage","True Grit","Impervious","Disarm","Burning Pact","Shrug It Off","Power Through"],"relics":["Burning Blood","Orichalcum","Bag of Preparation","Darkstone Periapt","Frozen Egg 2","Dream Catcher","Sozu","Blood Vial","Juzu Bracelet","Red Mask"],"acts_visited":["Exordium","TheCity"],"potions_floor_usage":[],"damage_taken":[{"damage":9.0,"enemies":"Jaw Worm","floor":1.0,"turns":5.0},{"damage":12.0,"enemies":"2 Louse","floor":4.0,"turns":3.0},{"damage":0.0,"enemies":"Cultist","floor":5.0,"turns":3.0},{"damage":23.0,"enemies":"3 Sentries","floor":7.0,"turns":7.0},{"damage":0.0,"enemies":"3 Louse","floor":8.0,"turns":3.0},{"damage":9.0,"enemies":"2 Fungi Beasts","floor":11.0,"turns":4.0},{"damage":28.0,"enemies":"Gremlin Nob","floor":12.0,"turns":7.0},{"damage":6.0,"enemies":"Slime Boss","floor":16.0,"turns":7.0},{"damage":5.0,"enemies":"Spheric Guardian","floor":18.0,"turns":3.0},{"damage":6.0,"enemies":"3 Byrds","floor":20.0,"turns":5.0},{"damage":29.0,"enemies":"3 Cultists","floor":21.0,"turns":5.0},{"damage":26.0,"enemies":"Slavers","floor":23.0,"turns":8.0},{"damage":25.0,"enemies":"Shelled Parasite and Fungi","floor":27.0,"turns":6.0},{"damage":50.0,"enemies":"Masked Bandits","floor":29.0,"turns":7.0},{"damage":5.0,"enemies":"Snecko","floor":30.0,"turns":5.0},{"damage":2.0,"enemies":"Cultist and Chosen","floor":31.0,"turns":7.0},{"damage":71,"enemies":"Automaton","floor":33,"turns":6}],"seed_played":"8876081611544783575","potions_obtained":[{"floor":4.0,"key":"Strength Potion"},{"floor":5.0,"key":"EssenceOfSteel"}],"is_trial":false,"path_per_floor":["M","?","?","M","M","R","E","M","T","R","M","E","$","?","R","B",null,"M","?","M","M","$","E","R","?","T","M","R","?","M","M","R","B"],"character_chosen":"IRONCLAD","items_purchased":["Apotheosis","Impervious"],"campfire_rested":4,"item_purchase_floors":[13,22],"current_hp_per_floor":[65,65,70,64,70,70,53,59,59,59,56,34,34,16,40,40,70,71,71,71,48,48,28,52,52,52,35,59,17,20,26,50,0,0],"gold":115,"neow_bonus":"RANDOM_COMMON_RELIC","is_daily":false,"chose_seed":false,"campfire_upgraded":2,"win_rate":0.0,"timestamp":1614075271,"path_taken":["M","?","?","M","M","R","E","M","T","R","M","E","?","?","R","BOSS","M","?","M","M","?","E","R","?","T","M","R","?","M","M","R","BOSS"],"items_purchased_type":["Card","Card"],"build_version":"2020-12-22","purchased_purges":0,"victory":false,"max_hp_per_floor":[75,75,80,80,80,80,80,80,80,80,80,80,80,80,80,80,80,80,80,80,80,80,80,80,80,80,80,80,80,80,80,80,80,80],"card_choices":[{"not_picked":["True Grit","Iron Wave"],"picked":"Spot Weakness","floor":1.0},{"not_picked":["Spot Weakness","Clash"],"picked":"Body Slam","floor":4.0},{"not_picked":["Searing Blow","Flex"],"picked":"Clothesline","floor":5.0},{"not_picked":["Spot Weakness","Twin Strike"],"picked":"Carnage","floor":7.0},{"not_picked":["Perfected Strike","Fire Breathing","Flex"],"picked":"SKIP","floor":8.0},{"not_picked":["Perfected Strike","Fire Breathing","Flex"],"picked":"SKIP","floor":8.0},{"not_picked":["Shrug It Off","Wild Strike"],"picked":"Sword Boomerang","floor":11.0},{"not_picked":["Clothesline","Havoc"],"picked":"Heavy Blade","floor":12.0},{"not_picked":["Exhume","Immolate"],"picked":"Impervious","floor":16.0},{"not_picked":["Armaments","Evolve+1"],"picked":"True Grit","floor":18.0},{"not_picked":["Pommel Strike","Havoc","Sever Soul"],"picked":"SKIP","floor":20.0},{"not_picked":["Clothesline","Anger"],"picked":"True Grit","floor":21.0},{"not_picked":["Perfected Strike","Anger"],"picked":"Disarm","floor":23.0},{"not_picked":["Anger","Havoc+1"],"picked":"Burning Pact","floor":24.0},{"not_picked":["Feel No Pain+1","Twin Strike"],"picked":"Shrug It Off","floor":27.0},{"not_picked":["Feed","Flex","Havoc"],"picked":"SKIP","floor":30.0},{"not_picked":["Heavy Blade","Uppercut+1"],"picked":"Power Through","floor":31.0}],"player_experience":350071,"relics_obtained":[{"floor":7.0,"key":"Bag of Preparation"},{"floor":9.0,"key":"Darkstone Periapt"},{"floor":12.0,"key":"Frozen Egg 2"},{"floor":23.0,"key":"Blood Vial"},{"floor":26.0,"key":"Juzu Bracelet"},{"floor":29.0,"key":"Red Mask"}],"event_choices":[{"damage_healed":0.0,"max_hp_gain":0.0,"max_hp_loss":0.0,"gold_gain":0.0,"event_name":"Liars Game","player_choice":"Ignored","floor":2.0,"gold_loss":0.0,"damage_taken":0.0},{"damage_healed":0.0,"max_hp_gain":5.0,"max_hp_loss":0.0,"gold_gain":0.0,"event_name":"Big Fish","player_choice":"Donut","floor":3.0,"gold_loss":0.0,"damage_taken":0.0},{"damage_healed":0.0,"max_hp_gain":0.0,"max_hp_loss":0.0,"gold_gain":0.0,"event_name":"Scrap Ooze","player_choice":"Success","floor":14.0,"gold_loss":0.0,"damage_taken":18.0,"relics_obtained":["Dream Catcher"]},{"damage_healed":0.0,"max_hp_gain":0.0,"max_hp_loss":0.0,"gold_gain":0.0,"cards_transformed":["Strike_R"],"event_name":"Transmorgrifier","player_choice":"Transformed","floor":19.0,"gold_loss":0.0,"damage_taken":0.0,"cards_obtained":["Rage"]},{"damage_healed":0.0,"max_hp_gain":0.0,"max_hp_loss":0.0,"gold_gain":0.0,"event_name":"Masked Bandits","player_choice":"Fought Bandits","floor":29.0,"gold_loss":0.0,"damage_taken":0.0}],"is_beta":false,"boss_relics":[{"not_picked":["Astrolabe","Empty Cage"],"picked":"Sozu"}],"items_purged_floors":[],"is_endless":false,"potions_floor_spawned":[4,5,8,18,21,23,30,31],"killed_by":"Automaton","ascension_level":15}}