{"host":"gf8hyl7jhl0is674","time":1614050961,"event":{"mods":["2.2 Compatiblity","Act Like it!","Astrologer","BaseMod","CapriCore","Colored Map","Gensokyo","Minty Spire (QoL Compilation)","Permanent Neow","Relic Sorter","StSLib","The Blue Laboratory","Unceasing Turn Reminder","Waifu the Spire"],"gold_per_floor":[117,117,117,129,129,156,156,9,63,76,104,118,118,118,118,237,237,253,21,37,217,230,264,264,280,352,377,408,61,61,82,82,202,202,226,226,2,22,22,60,84,98,98,142,142,177,177,193,193,193,193],"floor_reached":50,"language":"ENG","playtime":3854,"items_purged":["astrologer:Defend","astrologer:Strike"],"score":695,"play_id":"77d08b72-7afc-454a-b1e9-99330e884d92","local_time":"20210222202921","is_ascension_mode":false,"campfire_choices":[{"data":"astrologer:Moonlight","floor":7,"key":"SMITH"},{"data":"astrologer:Opposition","floor":15,"key":"SMITH"},{"data":"astrologer:TheChariot","floor":24,"key":"SMITH"},{"data":"astrologer:Strike","floor":32,"key":"SMITH"},{"floor":45,"key":"DIG"},{"floor":47,"key":"DIG"},{"floor":49,"key":"RECALL"}],"circlet_count":0,"master_deck":["astrologer:Strike+1","astrologer:Strike+1","astrologer:Defend","astrologer:NorthStar","astrologer:TheFool","astrologer:ShootingStar+1","astrologer:Moonlight+1","astrologer:Conjunction","astrologer:Eclipse+1","astrologer:Opposition+1","astrologer:TheChariot+1","astrologer:Shine+1","astrologer:SolarFlare","astrologer:FadingStar","astrologer:Opposition","astrologer:DarkMatter","astrologer:Sunrise+1","astrologer:Novile+1","Madness+1","Madness+1"],"relics":["astrologer:SkyMirror","Shuriken","Medical Kit","Odd Mushroom","MutagenicStrength","Gremlin Horn","Whetstone","Regal Pillow","Bag of Marbles","Golden Idol","Blood Vial","Busted Crown","Gambling Chip","Meat on the Bone","Toxic Egg 2","SlaversCollar","Shovel","Bronze Scales","CeramicFish","FossilizedHelix","Incense Burner"],"acts_visited":["Exordium","TheCity","TheBeyond"],"potions_floor_usage":[6,33,33,44,50,50],"damage_taken":[{"damage":0,"enemies":"2 Louse","floor":1,"turns":2},{"damage":0,"enemies":"Small Slimes","floor":4,"turns":2},{"damage":20,"enemies":"Lagavulin","floor":6,"turns":8},{"damage":0,"enemies":"Cultist","floor":10,"turns":3},{"damage":0,"enemies":"The Mushroom Lair","floor":11,"turns":5},{"damage":0,"enemies":"3 Louse","floor":12,"turns":3},{"damage":3,"enemies":"The Guardian","floor":16,"turns":10},{"damage":3,"enemies":"3 Byrds","floor":18,"turns":6},{"damage":13,"enemies":"Shell Parasite","floor":20,"turns":4},{"damage":0,"enemies":"Snecko","floor":22,"turns":4},{"damage":0,"enemies":"Book of Stabbing","floor":23,"turns":6},{"damage":2,"enemies":"Snake Plant","floor":25,"turns":4},{"damage":0,"enemies":"Chosen and Byrds","floor":27,"turns":6},{"damage":0,"enemies":"Gremlin Leader","floor":28,"turns":6},{"damage":0,"enemies":"Shelled Parasite and Fungi","floor":31,"turns":5},{"damage":19,"enemies":"Collector","floor":33,"turns":12},{"damage":4,"enemies":"Orb Walker","floor":35,"turns":3},{"damage":0,"enemies":"3 Darklings","floor":38,"turns":4},{"damage":0,"enemies":"Giant Head","floor":40,"turns":7},{"damage":0,"enemies":"Transient","floor":41,"turns":5},{"damage":2,"enemies":"Maw","floor":42,"turns":6},{"damage":8,"enemies":"Reptomancer","floor":44,"turns":5},{"damage":1,"enemies":"Nemesis","floor":46,"turns":4},{"damage":0,"enemies":"Sphere and 2 Shapes","floor":48,"turns":4},{"damage":55,"enemies":"Donu and Deca","floor":50,"turns":6}],"seed_played":"1119361381036340987","potions_obtained":[{"floor":4,"key":"blueLaboratory:FruitPunch"},{"floor":11,"key":"SpeedPotion"},{"floor":18,"key":"blueLaboratory:NullPotion"},{"floor":25,"key":"blueLaboratory:BottleOfVodka"},{"floor":28,"key":"Energy Potion"},{"floor":35,"key":"DuplicationPotion"},{"floor":38,"key":"blueLaboratory:PhilterOfMotion"},{"floor":41,"key":"PowerPotion"}],"is_trial":false,"path_per_floor":["M","?","?","M","?","E","R","$","T","M","?","M","?","?","R","B",null,"M","$","M","?","M","E","R","M","T","M","E","$","?","M","R","B",null,"M","?","$","M","?","E","M","M","T","E","R","E","R","M","R","B"],"character_chosen":"ASTROLOGER","items_purchased":["Regal Pillow","Medical Kit","Toxic Egg 2","Whetstone","astrologer:Novile+1"],"campfire_rested":0,"item_purchase_floors":[8,19,29,37,37],"current_hp_per_floor":[63,63,63,63,50,32,32,32,32,32,32,32,32,20,20,19,60,57,57,46,27,29,31,31,31,31,33,35,35,35,37,37,32,60,56,56,56,58,50,52,54,54,54,48,48,49,49,51,51,0,0],"gold":193,"neow_bonus":"REMOVE_TWO","is_daily":false,"chose_seed":false,"campfire_upgraded":4,"win_rate":0.0,"timestamp":1614050961,"path_taken":["M","?","?","?","?","E","R","?","T","M","?","M","?","?","R","BOSS","M","$","M","?","M","E","R","M","T","?","E","$","?","M","R","BOSS","M","?","$","M","?","E","M","M","T","E","R","E","R","M","R","BOSS"],"items_purchased_type":["Relic","Relic","Relic","Relic","Card"],"build_version":"2020-12-22","purchased_purges":2,"victory":false,"max_hp_per_floor":[63,63,63,63,63,65,65,65,65,65,65,65,60,60,60,60,60,60,60,60,60,60,60,60,60,60,60,60,60,60,60,60,60,60,60,60,60,60,60,60,60,60,60,60,60,60,60,60,60,60,60],"card_choices":[{"not_picked":["astrologer:Conjunction","astrologer:Divination"],"picked":"astrologer:ShootingStar","floor":1},{"not_picked":["astrologer:SolarFlare","astrologer:Radiance"],"picked":"astrologer:Moonlight","floor":4},{"not_picked":["astrologer:Temperance","astrologer:Radiance"],"picked":"astrologer:Conjunction","floor":6},{"not_picked":["astrologer:Radiance","astrologer:ShiningStar","astrologer:Conjunction"],"picked":"SKIP","floor":10},{"not_picked":["astrologer:MeteorShower","astrologer:ReadTheStars"],"picked":"astrologer:Eclipse","floor":11},{"not_picked":["astrologer:Fate","astrologer:Divination"],"picked":"astrologer:Opposition","floor":12},{"not_picked":["astrologer:Death","astrologer:WheelofFortune"],"picked":"astrologer:TheChariot","floor":16},{"not_picked":[],"picked":"astrologer:Shine+1","floor":18},{"not_picked":[],"picked":"astrologer:SolarFlare","floor":20},{"not_picked":["astrologer:Still+1"],"picked":"SKIP","floor":22},{"not_picked":["astrologer:ReadTheStars"],"picked":"SKIP","floor":23},{"not_picked":[],"picked":"astrologer:FadingStar","floor":25},{"not_picked":["astrologer:Conjunction"],"picked":"SKIP","floor":27},{"not_picked":["astrologer:Still"],"picked":"SKIP","floor":28},{"not_picked":[],"picked":"astrologer:Opposition","floor":31},{"not_picked":[],"picked":"astrologer:DarkMatter","floor":33},{"not_picked":[],"picked":"astrologer:Sunrise+1","floor":35},{"not_picked":["astrologer:SolarFlare+1"],"picked":"SKIP","floor":38},{"not_picked":["astrologer:Conjunction+1"],"picked":"SKIP","floor":40},{"not_picked":["astrologer:ReadTheStars+1"],"picked":"SKIP","floor":41},{"not_picked":["astrologer:Opposition+1"],"picked":"SKIP","floor":42},{"not_picked":["astrologer:TheSun"],"picked":"SKIP","floor":44},{"not_picked":["astrologer:SpaceDust+1"],"picked":"SKIP","floor":46},{"not_picked":["astrologer:SolarFlare+1"],"picked":"SKIP","floor":48}],"player_experience":362481,"relics_obtained":[{"floor":6,"key":"Shuriken"},{"floor":9,"key":"Bag of Marbles"},{"floor":11,"key":"Odd Mushroom"},{"floor":23,"key":"Gambling Chip"},{"floor":26,"key":"Meat on the Bone"},{"floor":28,"key":"Gremlin Horn"},{"floor":40,"key":"Shovel"},{"floor":44,"key":"Bronze Scales"},{"floor":45,"key":"CeramicFish"},{"floor":46,"key":"FossilizedHelix"},{"floor":47,"key":"Incense Burner"}],"event_choices":[{"damage_healed":0,"gold_gain":0,"player_choice":"Ignored","damage_taken":0,"max_hp_gain":0,"max_hp_loss":0,"event_name":"Liars Game","floor":2,"gold_loss":0},{"damage_healed":0,"gold_gain":0,"player_choice":"Ignored","damage_taken":0,"max_hp_gain":0,"max_hp_loss":0,"event_name":"NoteForYourself","floor":3,"gold_loss":0},{"damage_healed":0,"gold_gain":0,"player_choice":"Entered Light","damage_taken":13,"max_hp_gain":0,"max_hp_loss":0,"event_name":"Shining Light","floor":5,"gold_loss":0,"cards_upgraded":["astrologer:ShootingStar","astrologer:Defend"]},{"damage_healed":0,"gold_gain":0,"player_choice":"Fought Mushrooms","damage_taken":0,"max_hp_gain":0,"max_hp_loss":0,"event_name":"Mushrooms","floor":11,"gold_loss":0},{"damage_healed":0,"gold_gain":0,"player_choice":"Lose Max HP","damage_taken":0,"relics_obtained":["Golden Idol"],"max_hp_gain":0,"max_hp_loss":5,"event_name":"Golden Idol","floor":13,"gold_loss":0},{"damage_healed":0,"gold_gain":0,"player_choice":"Success","damage_taken":12,"relics_obtained":["Blood Vial"],"max_hp_gain":0,"max_hp_loss":0,"event_name":"Scrap Ooze","floor":14,"gold_loss":0},{"damage_healed":0,"gold_gain":180,"player_choice":"GOLD GOLD ","damage_taken":19,"max_hp_gain":0,"max_hp_loss":0,"event_name":"Knowing Skull","floor":21,"potions_obtained":[],"gold_loss":0,"cards_obtained":[]},{"damage_healed":0,"gold_gain":0,"player_choice":"Inject Mutagens","damage_taken":0,"relics_obtained":["MutagenicStrength"],"max_hp_gain":0,"max_hp_loss":0,"event_name":"Drug Dealer","floor":30,"gold_loss":0},{"cards_removed":["astrologer:Defend"],"damage_healed":0,"gold_gain":0,"player_choice":"Removed Skill","damage_taken":0,"max_hp_gain":0,"max_hp_loss":0,"event_name":"Falling","floor":36,"gold_loss":0},{"damage_healed":0,"gold_gain":0,"player_choice":"Embrace Madness","damage_taken":8,"max_hp_gain":0,"max_hp_loss":0,"event_name":"Winding Halls","floor":39,"gold_loss":0,"cards_obtained":["Madness","Madness"]}],"is_beta":false,"boss_relics":[{"not_picked":["Ectoplasm","Runic Pyramid"],"picked":"Busted Crown"},{"not_picked":["Tiny House","Cursed Key"],"picked":"SlaversCollar"}],"items_purged_floors":[19,29],"is_endless":false,"potions_floor_spawned":[4,11,18,25,28,35,38,41],"killed_by":"Donu and Deca","ascension_level":0}}