{"host":"y0i0tbisecj7yjyn","time":1614066446,"event":{"mods":["2.2 Compatiblity","AchievementEnabler","AlwaysNeverKeys","BaseMod","Better Third Choice","BetterRewards","Colored Map","Colored Powertips","Curses Come First","Disable Question Mark Monsters","Displayed Cursed Tome","Highlight Path","Keyboard Shortcuts","Minty Spire (QoL Compilation)","Quick Restart","Random Character Button","Rare Cards Sparkle","Relic Stats","Reliquary","Smile Girya","StSLib","SuperFastMode","The Marked","Transform Curses","Weighted Paths"],"gold_per_floor":[113,113,113,124,138,171,187,215,215,34,34,45,55,67,67,166,166,182,182,182,197,215,215,215],"floor_reached":23,"language":"ENG","playtime":1900,"items_purged":[],"score":351,"play_id":"c5393b94-0bef-4e91-868d-e6b6d71eeb5e","local_time":"20210223014726","is_ascension_mode":true,"campfire_choices":[{"floor":11,"key":"REST"},{"floor":15,"key":"REST"}],"circlet_count":0,"master_deck":["Strike_G","Strike_G","Strike_G","Strike_G","Strike_G","Defend_G","Defend_G","Defend_G","Defend_G","Defend_G","Survivor","Neutralize","Metamorphosis","Poisoned Stab","Deadly Poison","Dodge and Roll","Noxious Fumes","Transmutation","Distraction","Deadly Poison","Deflect","Venomology","Flying Knee+1","Dagger Spray","Blade Dance+1"],"relics":["Ring of the Snake","Dead Branch","reliquary:BallBearing","reliquary:SharkskinSheath","reliquary:RedPaperclip","MutagenicStrength"],"acts_visited":["Exordium","TheCity"],"potions_floor_usage":[6,8,16,22,22],"damage_taken":[{"damage":0,"enemies":"Cultist","floor":1,"turns":5},{"damage":0,"enemies":"Jaw Worm","floor":4,"turns":4},{"damage":0,"enemies":"2 Louse","floor":5,"turns":3},{"damage":7,"enemies":"3 Sentries","floor":6,"turns":6},{"damage":13,"enemies":"Large Slime","floor":7,"turns":7},{"damage":16,"enemies":"Gremlin Nob","floor":8,"turns":3},{"damage":10,"enemies":"Red Slaver","floor":12,"turns":2},{"damage":8,"enemies":"Exordium Wildlife","floor":13,"turns":5},{"damage":11,"enemies":"2 Fungi Beasts","floor":14,"turns":3},{"damage":13,"enemies":"Hexaghost","floor":16,"turns":7},{"damage":15,"enemies":"Shell Parasite","floor":18,"turns":7},{"damage":29,"enemies":"3 Byrds","floor":21,"turns":5},{"damage":15,"enemies":"Centurion and Healer","floor":22,"turns":6},{"damage":28,"enemies":"Slavers","floor":23,"turns":2}],"seed_played":"-3807148565015487225","potions_obtained":[{"floor":4,"key":"Dexterity Potion"},{"floor":6,"key":"Poison Potion"},{"floor":12,"key":"BlessingOfTheForge"},{"floor":13,"key":"LiquidMemories"},{"floor":22,"key":"Ancient Potion"}],"is_trial":false,"path_per_floor":["M","?","T","M","M","E","M","E","T","$","R","M","M","M","R","B",null,"M","?","?","M","M","E"],"character_chosen":"THE_SILENT","items_purchased":["Metamorphosis","Transmutation"],"campfire_rested":2,"item_purchase_floors":[0,10],"current_hp_per_floor":[63,63,63,63,63,56,43,27,27,27,48,38,30,19,40,27,70,55,55,70,41,26,0,0],"gold":215,"neow_bonus":"","is_daily":false,"chose_seed":false,"campfire_upgraded":0,"win_rate":0.0,"timestamp":1614066446,"path_taken":["M","?","?","M","M","E","M","E","T","$","R","?","M","?","R","BOSS","M","?","?","?","M","E"],"items_purchased_type":["Card","Card"],"build_version":"2020-12-22","purchased_purges":0,"victory":false,"max_hp_per_floor":[70,70,70,70,70,70,70,70,70,70,70,70,70,70,70,70,70,70,70,70,70,70,70,70],"relic_stats":{"counters":[39,181],"Dead Branch":[62],"obtain_stats":[{"Singing Bowl":31,"StoneCalendar":45,"Juzu Bracelet":31,"Bag of Preparation":40,"reliquary:QuartzCube":3,"Old Coin":27,"HornCleat":23,"WristBlade":34,"Sundial":6,"DollysMirror":48,"Mummified Hand":6,"reliquary:Buckler":20,"WingedGreaves":14,"Fusion Hammer":17,"Ring of the Snake":0,"reliquary:SharkskinSheath":9,"Dead Branch":0,"Pen Nib":10,"PreservedInsect":48,"reliquary:WeakTea":54,"Anchor":9,"Bottled Flame":43,"reliquary:RedPaperclip":17,"Bird Faced Urn":7,"MutagenicStrength":19,"reliquary:BallBearing":8,"Pocketwatch":25,"Meat on the Bone":26},{"Singing Bowl":14,"StoneCalendar":22,"Juzu Bracelet":14,"Bag of Preparation":19,"reliquary:QuartzCube":26,"Old Coin":12,"HornCleat":10,"WristBlade":15,"Sundial":4,"DollysMirror":22,"Mummified Hand":29,"reliquary:Buckler":8,"WingedGreaves":6,"Fusion Hammer":7,"Ring of the Snake":0,"reliquary:SharkskinSheath":31,"Dead Branch":25,"Pen Nib":4,"PreservedInsect":22,"reliquary:WeakTea":24,"Anchor":4,"Bottled Flame":20,"reliquary:RedPaperclip":35,"Bird Faced Urn":4,"MutagenicStrength":36,"reliquary:BallBearing":31,"Pocketwatch":11,"Meat on the Bone":11},{"Singing Bowl":68,"StoneCalendar":101,"Juzu Bracelet":68,"Bag of Preparation":93,"reliquary:QuartzCube":121,"Old Coin":60,"HornCleat":50,"WristBlade":77,"Sundial":16,"DollysMirror":101,"Mummified Hand":134,"reliquary:Buckler":41,"WingedGreaves":27,"Fusion Hammer":37,"Ring of the Snake":0,"reliquary:SharkskinSheath":144,"Dead Branch":116,"Pen Nib":16,"PreservedInsect":101,"reliquary:WeakTea":110,"Anchor":16,"Bottled Flame":95,"reliquary:RedPaperclip":161,"Bird Faced Urn":16,"MutagenicStrength":168,"reliquary:BallBearing":144,"Pocketwatch":54,"Meat on the Bone":54}],"Ring of the Snake":[78]},"card_choices":[{"not_picked":["Deflect","Backflip"],"picked":"Poisoned Stab","floor":1},{"not_picked":["Deflect","Dagger Spray"],"picked":"Deadly Poison","floor":4},{"not_picked":["Underhanded Strike","Predator"],"picked":"Dodge and Roll","floor":5},{"not_picked":["Acrobatics","Tools of the Trade","Quick Slash"],"picked":"SKIP","floor":6},{"not_picked":["Flying Knee","Flechettes"],"picked":"Catalyst","floor":7},{"not_picked":["Dagger Throw","Backflip"],"picked":"Noxious Fumes","floor":8},{"not_picked":["Backflip","Poisoned Stab"],"picked":"Distraction","floor":12},{"not_picked":["Heel Hook","Calculated Gamble"],"picked":"Deadly Poison","floor":13},{"not_picked":["Cloak And Dagger","Eviscerate"],"picked":"Deflect","floor":14},{"not_picked":["Glass Knife","Die Die Die"],"picked":"Venomology","floor":16},{"not_picked":["Dagger Throw+1","Sucker Punch"],"picked":"Flying Knee+1","floor":18},{"not_picked":["Slice","PiercingWail+1"],"picked":"Dagger Spray","floor":21},{"not_picked":["Calculated Gamble","Eviscerate"],"picked":"Blade Dance+1","floor":22}],"player_experience":539059,"relics_obtained":[{"floor":3,"key":"reliquary:QuartzCube"},{"floor":6,"key":"Mummified Hand"},{"floor":8,"key":"reliquary:BallBearing"},{"floor":9,"key":"reliquary:SharkskinSheath"}],"event_choices":[{"damage_healed":0,"gold_gain":0,"player_choice":"Ignored","damage_taken":0,"max_hp_gain":0,"max_hp_loss":0,"event_name":"Golden Wing","floor":2,"gold_loss":0},{"damage_healed":0,"gold_gain":0,"player_choice":"Inject Mutagens","damage_taken":0,"relics_obtained":["MutagenicStrength"],"max_hp_gain":0,"max_hp_loss":0,"event_name":"Drug Dealer","floor":19,"gold_loss":0},{"cards_removed":["Catalyst"],"damage_healed":15,"gold_gain":0,"player_choice":"Offered Uncommon","damage_taken":0,"max_hp_gain":0,"max_hp_loss":0,"event_name":"Bonfire Elementals","floor":20,"gold_loss":0}],"is_beta":false,"boss_relics":[{"not_picked":["HoveringKite","Ring of the Serpent"],"picked":"reliquary:RedPaperclip"}],"items_purged_floors":[],"is_endless":false,"potions_floor_spawned":[4,6,12,13,21,22],"killed_by":"Slavers","ascension_level":3}}