{"host":"sav7uxregyirlf69","time":1614095061,"event":{"mods":["AchievementEnabler","BaseMod","Colored Map","DeckTracker","Keyboard Shortcuts","Minty Spire (QoL Compilation)","READ ME - Guardian Mod","StSLib","SuperFastMode"],"gold_per_floor":[110,110,130,80,98,125,136,136,212,212,223,4,79,106,106,202,202,221,221,146,146,72,99,99,134,134,150,150,150,150,165,165,261,261,273,221,221,221,51,85,85,115,140,140,117,117,117,171,171,171,171,171,50,83,83,83],"floor_reached":55,"language":"KOR","playtime":1263,"items_purged":["Defend_R","Reckless Charge"],"score":879,"play_id":"c65a6e34-ac9f-49ff-a327-e8348e05af29","local_time":"20210224004421","daily_mods":["Heirloom"],"is_ascension_mode":true,"campfire_choices":[{"data":"Armaments","floor":10.0,"key":"SMITH"},{"data":"Evolve","floor":15.0,"key":"SMITH"},{"data":"Barricade","floor":28,"key":"SMITH"},{"floor":30,"key":"DIG"},{"data":"Battle Trance","floor":32,"key":"SMITH"},{"floor":41,"key":"REST"},{"floor":46,"key":"DIG"},{"floor":49,"key":"RECALL"},{"data":"Dark Embrace","floor":52,"key":"SMITH"}],"circlet_count":0,"master_deck":["Defend_R","Bash","Battle Trance+1","Hemokinesis","Armaments+1","Evolve+1","Second Wind","Fire Breathing","CurseOfTheBell","Rupture","Barricade+1","Impervious+1","Combust+1","Sword Boomerang+1","Body Slam+1","Dark Embrace+1","Shrug It Off","Pummel+1","Combust"],"relics":["Burning Blood","Magic Flower","Shovel","Anchor","Pantograph","Medical Kit","Toy Ornithopter","Calling Bell","Lantern","Molten Egg 2","FossilizedHelix","Juzu Bracelet","Vajra","Lizard Tail","Paper Frog","Incense Burner","Empty Cage","Bottled Lightning","Happy Flower","TungstenRod","Calipers","Strawberry"],"acts_visited":["Exordium","TheCity","TheBeyond","TheEnding"],"potions_floor_usage":[31,40,50,50,55,55],"damage_taken":[{"damage":5.0,"enemies":"Small Slimes","floor":1.0,"turns":4.0},{"damage":3.0,"enemies":"Jaw Worm","floor":3.0,"turns":3.0},{"damage":3.0,"enemies":"2 Louse","floor":5.0,"turns":2.0},{"damage":26.0,"enemies":"Gremlin Nob","floor":6.0,"turns":4.0},{"damage":20.0,"enemies":"Gremlin Gang","floor":7.0,"turns":6.0},{"damage":6.0,"enemies":"Large Slime","floor":11.0,"turns":5.0},{"damage":27.0,"enemies":"Lagavulin","floor":14.0,"turns":6.0},{"damage":35.0,"enemies":"Hexaghost","floor":16.0,"turns":8.0},{"damage":11.0,"enemies":"Shell Parasite","floor":18.0,"turns":6.0},{"damage":22.0,"enemies":"Book of Stabbing","floor":23.0,"turns":5.0},{"damage":24.0,"enemies":"Gremlin Leader","floor":25.0,"turns":8.0},{"damage":2,"enemies":"3 Byrds","floor":27,"turns":4},{"damage":28,"enemies":"3 Cultists","floor":31,"turns":6},{"damage":14,"enemies":"Champ","floor":33,"turns":9},{"damage":11,"enemies":"Orb Walker","floor":35,"turns":4},{"damage":56,"enemies":"Nemesis","floor":40,"turns":7},{"damage":8,"enemies":"Giant Head","floor":42,"turns":6},{"damage":13,"enemies":"2 Orb Walkers","floor":48,"turns":5},{"damage":137,"enemies":"Awakened One","floor":50,"turns":13},{"damage":41,"enemies":"Shield and Spear","floor":54,"turns":8},{"damage":95,"enemies":"The Heart","floor":55,"turns":9}],"seed_played":"-1893881944266854985","potions_obtained":[{"floor":5.0,"key":"AttackPotion"},{"floor":7.0,"key":"AttackPotion"},{"floor":11.0,"key":"LiquidBronze"},{"floor":14.0,"key":"Ancient Potion"},{"floor":16.0,"key":"SmokeBomb"},{"floor":23.0,"key":"Explosive Potion"},{"floor":33,"key":"Weak Potion"},{"floor":35,"key":"Explosive Potion"},{"floor":48,"key":"Regen Potion"}],"is_trial":true,"path_per_floor":["M","?","M","?","M","E","M","?","T","R","M","$","?","E","R","B",null,"M","?","?","?","$","E","?","E","T","M","R","?","R","M","R","B",null,"M","$","?","?","$","E","R","E","T","?","$","R","?","?","R","B",null,"R","$","E","B"],"character_chosen":"IRONCLAD","items_purchased":["Medical Kit","Barricade","Body Slam+1","Dark Embrace","Shrug It Off","Combust","Swift Potion"],"campfire_rested":1,"item_purchase_floors":[12,22,36,39,45,53,53],"current_hp_per_floor":[80,80,80,80,80,63,52,49,49,49,52,52,41,23,23,43,80,78,78,78,78,78,65,65,50,50,57,57,57,57,46,46,75,80,78,78,78,78,78,39,63,64,64,64,64,64,64,60,60,50,76,76,76,51,0,0],"gold":83,"neow_bonus":"","is_daily":false,"chose_seed":false,"campfire_upgraded":5,"win_rate":0.0,"timestamp":1614095061,"path_taken":["M","?","M","?","M","E","?","?","T","R","M","$","?","E","R","BOSS","M","?","?","?","$","E","?","E","T","M","R","?","R","M","R","BOSS","M","?","?","?","?","E","R","E","T","?","$","R","?","?","R","BOSS","R","$","E","BOSS"],"items_purchased_type":["Relic","Card","Card","Card","Card","Card","Potion"],"build_version":"2020-12-22","purchased_purges":2,"victory":false,"max_hp_per_floor":[80,80,80,80,80,80,80,80,80,80,80,80,80,80,80,80,80,80,80,80,80,80,80,80,80,80,80,80,80,80,80,80,80,80,80,80,80,80,80,80,80,80,80,80,80,80,76,76,76,76,76,76,76,83,83,83],"card_choices":[{"not_picked":["Warcry","Flex"],"picked":"Battle Trance","floor":1.0},{"not_picked":["Metallicize","Clothesline"],"picked":"Armaments","floor":3.0},{"not_picked":["Entrench","Spot Weakness"],"picked":"Evolve","floor":5.0},{"not_picked":["Pommel Strike","Warcry"],"picked":"Second Wind","floor":6.0},{"not_picked":["Blood for Blood","Cleave"],"picked":"Fire Breathing","floor":7.0},{"not_picked":["Second Wind","Clash","Clothesline"],"picked":"SKIP","floor":11.0},{"not_picked":["Shockwave","Armaments"],"picked":"Reckless Charge","floor":14.0},{"not_picked":["Iron Wave+1","Warcry"],"picked":"Rupture","floor":18.0},{"not_picked":["Sever Soul+1","Perfected Strike+1"],"picked":"Impervious","floor":23.0},{"not_picked":["Evolve","Havoc","Battle Trance"],"picked":"SKIP","floor":25.0},{"not_picked":["Headbutt+1","Carnage+1","Thunderclap+1"],"picked":"SKIP","floor":27},{"not_picked":["Whirlwind+1","Armaments+1"],"picked":"Combust+1","floor":31},{"not_picked":["Carnage+1","Anger+1"],"picked":"Sword Boomerang+1","floor":35},{"not_picked":["Armaments","Cleave+1","Double Tap"],"picked":"SKIP","floor":40},{"not_picked":["Evolve","Dropkick+1","Inflame"],"picked":"SKIP","floor":42},{"not_picked":["Wild Strike+1","Thunderclap+1"],"picked":"Pummel+1","floor":48},{"not_picked":["Intimidate","Spot Weakness","Second Wind+1"],"picked":"SKIP","floor":54}],"player_experience":1677801,"relics_obtained":[{"floor":6.0,"key":"Shovel"},{"floor":9.0,"key":"Pantograph"},{"floor":14.0,"key":"Toy Ornithopter"},{"floor":17.0,"key":"Lantern"},{"floor":17.0,"key":"Molten Egg 2"},{"floor":17.0,"key":"FossilizedHelix"},{"floor":23.0,"key":"Juzu Bracelet"},{"floor":25.0,"key":"Lizard Tail"},{"floor":26,"key":"Paper Frog"},{"floor":30,"key":"Incense Burner"},{"floor":40,"key":"Bottled Lightning"},{"floor":42,"key":"Happy Flower"},{"floor":46,"key":"TungstenRod"},{"floor":48,"key":"Calipers"},{"floor":54,"key":"Strawberry"}],"event_choices":[{"damage_healed":0.0,"max_hp_gain":0.0,"max_hp_loss":0.0,"gold_gain":0.0,"cards_transformed":["Strike_R"],"event_name":"Living Wall","player_choice":"Change","floor":2.0,"gold_loss":0.0,"damage_taken":0.0,"cards_obtained":["Hemokinesis"]},{"cards_removed":["Strike_R"],"damage_healed":0.0,"max_hp_gain":0.0,"max_hp_loss":0.0,"gold_gain":0.0,"event_name":"The Cleric","player_choice":"Card Removal","floor":4.0,"gold_loss":50.0,"damage_taken":0.0},{"damage_healed":0.0,"max_hp_gain":0.0,"max_hp_loss":0.0,"gold_gain":0.0,"event_name":"Scrap Ooze","player_choice":"Success","floor":8.0,"gold_loss":0.0,"damage_taken":3.0,"relics_obtained":["Anchor"]},{"damage_healed":0.0,"max_hp_gain":0.0,"max_hp_loss":0.0,"gold_gain":75.0,"event_name":"World of Goop","player_choice":"Gather Gold","floor":13.0,"gold_loss":0.0,"damage_taken":11.0},{"cards_removed":["Strike_R"],"damage_healed":0.0,"max_hp_gain":0.0,"max_hp_loss":0.0,"gold_gain":0.0,"event_name":"Back to Basics","player_choice":"Elegance","floor":19.0,"gold_loss":0.0,"damage_taken":0.0},{"cards_removed":["Strike_R"],"damage_healed":0.0,"max_hp_gain":0.0,"max_hp_loss":0.0,"gold_gain":0.0,"event_name":"Beggar","player_choice":"Gave Gold","floor":20.0,"gold_loss":75.0,"damage_taken":0.0},{"damage_healed":0.0,"max_hp_gain":0.0,"max_hp_loss":0.0,"gold_gain":0.0,"event_name":"NoteForYourself","player_choice":"Ignored","floor":21.0,"gold_loss":0.0,"damage_taken":0.0},{"damage_healed":0.0,"max_hp_gain":0.0,"max_hp_loss":0.0,"gold_gain":0.0,"event_name":"The Mausoleum","player_choice":"Opened","floor":24.0,"gold_loss":0.0,"damage_taken":0.0,"relics_obtained":["Vajra"]},{"damage_healed":0,"gold_gain":0,"player_choice":"Ignored","damage_taken":0,"max_hp_gain":0,"max_hp_loss":0,"event_name":"N\u0027loth","floor":29,"gold_loss":0},{"damage_healed":0,"gold_gain":0,"player_choice":"0 cards matched","damage_taken":0,"max_hp_gain":0,"max_hp_loss":0,"event_name":"Match and Keep!","floor":37,"gold_loss":0,"cards_obtained":[]},{"damage_healed":0,"gold_gain":0,"player_choice":"Upgraded","damage_taken":0,"max_hp_gain":0,"max_hp_loss":0,"event_name":"Upgrade Shrine","floor":38,"gold_loss":0,"cards_upgraded":["Impervious"]},{"cards_removed":["Defend_R"],"damage_healed":0,"gold_gain":0,"player_choice":"Removed Skill","damage_taken":0,"max_hp_gain":0,"max_hp_loss":0,"event_name":"Falling","floor":44,"gold_loss":0},{"damage_healed":0,"gold_gain":0,"player_choice":"Max HP","damage_taken":0,"max_hp_gain":0,"max_hp_loss":4,"event_name":"Winding Halls","floor":47,"gold_loss":0},{"damage_healed":0,"gold_gain":0,"player_choice":"Fight","damage_taken":0,"max_hp_gain":0,"max_hp_loss":0,"event_name":"Mysterious Sphere","floor":48,"gold_loss":0}],"is_beta":false,"boss_relics":[{"not_picked":["Runic Pyramid","Cursed Key"],"picked":"Calling Bell"},{"not_picked":["Velvet Choker","Snecko Eye"],"picked":"Empty Cage"}],"items_purged_floors":[12,39],"is_endless":false,"potions_floor_spawned":[5,7,11,14,16,23,33,35,48],"killed_by":"The Heart","ascension_level":1}}