{"host":"3uh6d38h6u62bhfi","time":1614102381,"event":{"mods":["AchievementEnabler","BaseMod","DeckTracker","Minty Spire (QoL Compilation)","Permanent Neow","SuperFastMode","everything is the same but u backflip on backflip"],"gold_per_floor":[116,135,148,98,23,23,58,58,358,358,358,373,405,416,416,511,511,529,529,546,229,240,268,278,307,307,307,335,345,345,370,370,468,468,481,501,511,521,0,28,28,28,28,55,105,135,45,58,58,58],"floor_reached":51,"language":"KOR","playtime":2808,"items_purged":["Writhe","Strike_G","Strike_G"],"score":1595,"play_id":"595ace99-e5fb-4ab9-89b0-b1d10f6f6802","local_time":"20210224024621","is_ascension_mode":true,"campfire_choices":[{"data":"Apotheosis","floor":6.0,"key":"SMITH"},{"floor":8.0,"key":"REST"},{"floor":10.0,"key":"REST"},{"data":"Wraith Form v2","floor":15.0,"key":"SMITH"},{"floor":27.0,"key":"REST"},{"floor":30.0,"key":"REST"},{"data":"Adrenaline","floor":32.0,"key":"SMITH"},{"floor":41,"key":"REST"},{"floor":42,"key":"REST"},{"floor":49,"key":"REST"}],"circlet_count":0,"master_deck":["AscendersBane","Strike_G","Strike_G","Defend_G","Defend_G","Survivor","Neutralize+1","Apotheosis+1","Quick Slash","Acrobatics","Footwork","Adrenaline+1","Wraith Form v2+1","Crippling Poison","Backstab","Doppelganger","Tactician+1","Noxious Fumes","PiercingWail","Poisoned Stab+1","Heel Hook","Masterful Stab","Dash","Backflip","Leg Sweep","Backflip+1","Calculated Gamble+1","Prepared","A Thousand Cuts","Dodge and Roll+1"],"relics":["Ring of the Snake","TungstenRod","Old Coin","WingedGreaves","Empty Cage","Happy Flower","Lee\u0027s Waffle","PreservedInsect","Torii","Ornamental Fan","Ancient Tea Set","HornCleat","Black Star","Toxic Egg 2","ClockworkSouvenir","The Specimen","Orichalcum","Omamori","Dead Branch","Singing Bowl","Tough Bandages","Sundial","Whetstone"],"acts_visited":["Exordium","TheCity","TheBeyond"],"potions_floor_usage":[40,50,50],"damage_taken":[{"damage":0.0,"enemies":"Cultist","floor":1.0,"turns":4.0},{"damage":2.0,"enemies":"Jaw Worm","floor":2.0,"turns":4.0},{"damage":12.0,"enemies":"2 Louse","floor":3.0,"turns":3.0},{"damage":25.0,"enemies":"3 Sentries","floor":7.0,"turns":11.0},{"damage":12.0,"enemies":"Lots of Slimes","floor":12.0,"turns":5.0},{"damage":0.0,"enemies":"Gremlin Nob","floor":13.0,"turns":5.0},{"damage":0.0,"enemies":"Gremlin Gang","floor":14.0,"turns":4.0},{"damage":0.0,"enemies":"The Guardian","floor":16.0,"turns":16.0},{"damage":20.0,"enemies":"2 Thieves","floor":18.0,"turns":4.0},{"damage":2.0,"enemies":"3 Byrds","floor":20.0,"turns":5.0},{"damage":12.0,"enemies":"Shelled Parasite and Fungi","floor":22.0,"turns":7.0},{"damage":24.0,"enemies":"Book of Stabbing","floor":23.0,"turns":7.0},{"damage":0.0,"enemies":"Centurion and Healer","floor":24.0,"turns":4.0},{"damage":13.0,"enemies":"Gremlin Leader","floor":25.0,"turns":6.0},{"damage":0.0,"enemies":"Book of Stabbing","floor":28.0,"turns":4.0},{"damage":0.0,"enemies":"Snake Plant","floor":29.0,"turns":5.0},{"damage":0.0,"enemies":"Slavers","floor":31.0,"turns":5.0},{"damage":61.0,"enemies":"Champ","floor":33.0,"turns":14.0},{"damage":19.0,"enemies":"3 Darklings","floor":35.0,"turns":5.0},{"damage":9.0,"enemies":"3 Shapes","floor":36.0,"turns":4.0},{"damage":0.0,"enemies":"Maw","floor":37.0,"turns":8.0},{"damage":5.0,"enemies":"Sphere and 2 Shapes","floor":38.0,"turns":6.0},{"damage":0,"enemies":"Giant Head","floor":40,"turns":9},{"damage":0,"enemies":"Nemesis","floor":44,"turns":5},{"damage":0,"enemies":"Mind Bloom Boss Battle","floor":45,"turns":7},{"damage":13,"enemies":"Giant Head","floor":46,"turns":9},{"damage":5,"enemies":"Writhing Mass","floor":48,"turns":8},{"damage":21,"enemies":"Awakened One","floor":50,"turns":15}],"seed_played":"-5462174227091952550","potions_obtained":[{"floor":7.0,"key":"SneckoOil"},{"floor":12.0,"key":"EntropicBrew"},{"floor":16.0,"key":"Poison Potion"},{"floor":18.0,"key":"Swift Potion"},{"floor":22.0,"key":"Fruit Juice"},{"floor":25.0,"key":"GhostInAJar"},{"floor":28.0,"key":"Poison Potion"},{"floor":37.0,"key":"GamblersBrew"},{"floor":38.0,"key":"Swift Potion"},{"floor":40,"key":"Swift Potion"}],"is_trial":false,"path_per_floor":["M","M","M","?","$","R","E","R","T","R","?","M","E","M","R","B",null,"M","?","M","$","M","E","M","E","T","R","E","M","R","E","R","B",null,"M","M","M","M","$","E","R","R","T","E","?","E","?","M","R","B",null],"character_chosen":"THE_SILENT","items_purchased":["PiercingWail","Poisoned Stab","Lee\u0027s Waffle","Toxic Egg 2","ClockworkSouvenir"],"campfire_rested":7,"item_purchase_floors":[21,21,21,39,39],"current_hp_per_floor":[63,61,49,49,49,49,24,45,45,66,66,54,54,54,54,54,66,46,46,44,77,70,46,46,33,33,57,57,57,81,81,81,20,67,48,39,39,34,34,34,58,82,82,82,82,71,71,68,86,65],"gold":58,"neow_bonus":"RANDOM_COLORLESS_2","is_daily":false,"chose_seed":false,"campfire_upgraded":3,"win_rate":0.0,"timestamp":1614102381,"path_taken":["M","M","M","?","$","R","E","R","T","R","?","M","E","M","R","BOSS","M","?","M","$","M","E","?","E","T","R","E","?","R","E","R","BOSS","M","?","M","M","$","E","R","R","T","E","?","E","?","?","R","BOSS"],"items_purchased_type":["Card","Card","Relic","Relic","Relic"],"build_version":"2020-12-22","purchased_purges":3,"victory":true,"max_hp_per_floor":[70,70,70,70,70,70,70,70,70,70,70,70,70,70,70,70,70,70,70,70,77,82,82,82,82,82,82,82,82,82,82,82,82,82,82,82,82,82,82,82,82,82,82,82,82,84,84,86,86,86],"card_choices":[{"not_picked":["HandOfGreed","Transmutation"],"picked":"Apotheosis","floor":0.0},{"not_picked":["PiercingWail","Dagger Throw"],"picked":"Quick Slash","floor":1.0},{"not_picked":["Corpse Explosion","Skewer"],"picked":"Acrobatics","floor":2.0},{"not_picked":["Prepared","Backflip"],"picked":"Footwork","floor":3.0},{"not_picked":["Poisoned Stab","Dodge and Roll"],"picked":"Adrenaline","floor":7.0},{"not_picked":["Cloak And Dagger","Endless Agony"],"picked":"Crippling Poison","floor":12.0},{"not_picked":["Backflip","Concentrate"],"picked":"Backstab","floor":13.0},{"not_picked":["Cloak And Dagger","Footwork"],"picked":"Accuracy","floor":14.0},{"not_picked":["Wraith Form v2","Phantasmal Killer"],"picked":"Doppelganger","floor":16.0},{"not_picked":["Underhanded Strike","Outmaneuver"],"picked":"Tactician","floor":18.0},{"not_picked":["Quick Slash","Leg Sweep"],"picked":"Noxious Fumes","floor":20.0},{"not_picked":["Choke","Setup"],"picked":"Heel Hook","floor":22.0},{"not_picked":["Poisoned Stab","Dagger Spray"],"picked":"Masterful Stab","floor":23.0},{"not_picked":["Bouncing Flask","Poisoned Stab+1"],"picked":"Dash","floor":24.0},{"not_picked":["Blur","Dodge and Roll"],"picked":"Backflip","floor":25.0},{"not_picked":["Storm of Steel","Quick Slash"],"picked":"Leg Sweep","floor":28.0},{"not_picked":["Dodge and Roll","Dagger Spray+1","Slice"],"picked":"SKIP","floor":29.0},{"not_picked":["Deadly Poison","Deflect","Tools of the Trade"],"picked":"SKIP","floor":31.0},{"not_picked":["Bane","Quick Slash+1","Footwork"],"picked":"SKIP","floor":35.0},{"not_picked":["Dagger Throw","Deflect+1"],"picked":"Backflip+1","floor":36.0},{"not_picked":["Dodge and Roll","Footwork+1"],"picked":"Calculated Gamble+1","floor":37.0},{"not_picked":["Acrobatics+1","Poisoned Stab"],"picked":"Prepared","floor":38.0},{"not_picked":["Bouncing Flask+1","Outmaneuver+1","Underhanded Strike"],"picked":"SKIP","floor":40},{"not_picked":["Deadly Poison+1","Flying Knee+1"],"picked":"A Thousand Cuts","floor":44},{"not_picked":["Poisoned Stab","Predator"],"picked":"Dodge and Roll+1","floor":45},{"not_picked":["Quick Slash","Finisher","Underhanded Strike"],"picked":"Singing Bowl","floor":46},{"not_picked":["Deadly Poison+1","Outmaneuver+1","Distraction+1"],"picked":"Singing Bowl","floor":48}],"player_experience":179161,"relics_obtained":[{"floor":7.0,"key":"TungstenRod"},{"floor":9.0,"key":"Old Coin"},{"floor":13.0,"key":"WingedGreaves"},{"floor":23.0,"key":"PreservedInsect"},{"floor":25.0,"key":"Torii"},{"floor":26.0,"key":"Ornamental Fan"},{"floor":28.0,"key":"Ancient Tea Set"},{"floor":31.0,"key":"HornCleat"},{"floor":40,"key":"The Specimen"},{"floor":40,"key":"Orichalcum"},{"floor":43,"key":"Omamori"},{"floor":44,"key":"Dead Branch"},{"floor":44,"key":"Singing Bowl"},{"floor":45,"key":"Tough Bandages"},{"floor":46,"key":"Sundial"},{"floor":46,"key":"Whetstone"}],"event_choices":[{"cards_removed":["Defend_G"],"damage_healed":0.0,"max_hp_gain":0.0,"max_hp_loss":0.0,"gold_gain":0.0,"event_name":"The Cleric","player_choice":"Card Removal","floor":4.0,"gold_loss":50.0,"damage_taken":0.0},{"damage_healed":0.0,"max_hp_gain":0.0,"max_hp_loss":0.0,"gold_gain":0.0,"cards_transformed":["Strike_G"],"event_name":"Living Wall","player_choice":"Change","floor":11.0,"gold_loss":0.0,"damage_taken":0.0,"cards_obtained":["Wraith Form v2"]},{"damage_healed":0.0,"max_hp_gain":0.0,"max_hp_loss":0.0,"gold_gain":0.0,"event_name":"WeMeetAgain","player_choice":"Gave Potion","floor":19.0,"gold_loss":0.0,"damage_taken":0.0,"relics_obtained":["Happy Flower"]},{"damage_healed":0,"gold_gain":0,"player_choice":"Fight","damage_taken":0,"max_hp_gain":0,"max_hp_loss":0,"event_name":"MindBloom","floor":45,"gold_loss":0},{"cards_removed":["Accuracy"],"damage_healed":0,"gold_gain":0,"player_choice":"Upgrade and Remove","damage_taken":0,"max_hp_gain":0,"max_hp_loss":0,"event_name":"Designer","floor":47,"gold_loss":90,"cards_upgraded":["Tactician"]}],"is_beta":false,"boss_relics":[{"not_picked":["Runic Dome","Cursed Key"],"picked":"Empty Cage"},{"not_picked":["Runic Pyramid","HoveringKite"],"picked":"Black Star"}],"items_purged_floors":[5,21,39],"is_endless":false,"potions_floor_spawned":[7,12,13,16,18,22,25,28,33,37,38,40,46],"ascension_level":12}}