{"host":"2yqfi47fogfu1ic4","time":1614122602,"event":{"mods":["AchievementEnabler","BaseMod","Colored Map","Colored Powertips","Highlight Path","Minty Spire (QoL Compilation)","Permanent Neow","Relic Stats","StSLib"],"gold_per_floor":[116,128,140,154,154,185,185,185,233,259,276,305,321,321,321,395,395,415,415,415,435,451,451,478,217,217,246,258,31,31,46,46,120,120,135,85,85,97,107,138,10,52,52,61,84,141,141,150,150,150,150,150,150,9,52,52],"floor_reached":57,"language":"DEU","playtime":14764,"items_purged":["Decay","Setup","Prepared","Dagger Spray","Slice"],"score":2890,"play_id":"a8e1a80d-995d-46e5-b650-a46971dae547","local_time":"20210224002322","is_ascension_mode":true,"campfire_choices":[{"data":"Choke","floor":7.0,"key":"SMITH"},{"data":"Night Terror","floor":15.0,"key":"SMITH"},{"data":"Malaise","floor":23.0,"key":"SMITH"},{"data":"Accuracy","floor":32.0,"key":"SMITH"},{"floor":47,"key":"RECALL"},{"data":"Malaise","floor":49,"key":"SMITH"},{"data":"Master of Strategy","floor":53,"key":"SMITH"}],"circlet_count":0,"master_deck":["AscendersBane","Survivor","Neutralize","Eviscerate+1","Expertise","Night Terror+1","Choke+1","Endless Agony","Malaise+1","Heel Hook","Masterful Stab","Blade Dance","PiercingWail","Dash","Endless Agony","Heel Hook+1","PiercingWail","Accuracy+1","Acrobatics","Deflect","PiercingWail","Blade Dance","Backflip","Dodge and Roll","Malaise+1","Deflect+1","Deflect+1","Master of Strategy+1","Deflect+1","Cloak And Dagger","Backflip","Acrobatics","Dark Shackles","Accuracy","Deflect","Footwork"],"relics":["Pandora\u0027s Box","Matryoshka","Bronze Scales","Vajra","Strawberry","Paper Crane","Smiling Mask","Coffee Dripper","Oddly Smooth Stone","Membership Card","Art of War","Gambling Chip","Shuriken","Snake Skull","Black Star","The Courier","CeramicFish","Torii","Eternal Feather","Letter Opener","Dead Branch","Sundial","Pantograph"],"acts_visited":["Exordium","TheCity","TheBeyond","TheEnding"],"potions_floor_usage":[56,56],"damage_taken":[{"damage":0.0,"enemies":"Cultist","floor":1.0,"turns":2.0},{"damage":0.0,"enemies":"Small Slimes","floor":2.0,"turns":2.0},{"damage":0.0,"enemies":"2 Louse","floor":3.0,"turns":2.0},{"damage":0.0,"enemies":"Looter","floor":4.0,"turns":1.0},{"damage":30.0,"enemies":"3 Sentries","floor":6.0,"turns":6.0},{"damage":6.0,"enemies":"Gremlin Nob","floor":10.0,"turns":3.0},{"damage":0.0,"enemies":"Lots of Slimes","floor":11.0,"turns":1.0},{"damage":0.0,"enemies":"Lagavulin","floor":12.0,"turns":4.0},{"damage":0.0,"enemies":"Exordium Wildlife","floor":13.0,"turns":4.0},{"damage":0.0,"enemies":"Slime Boss","floor":16.0,"turns":6.0},{"damage":0.0,"enemies":"Chosen","floor":18.0,"turns":3.0},{"damage":10.0,"enemies":"Shell Parasite","floor":21.0,"turns":3.0},{"damage":0.0,"enemies":"Snake Plant","floor":22.0,"turns":3.0},{"damage":34.0,"enemies":"Slavers","floor":24.0,"turns":4.0},{"damage":0.0,"enemies":"Gremlin Leader","floor":27.0,"turns":6.0},{"damage":0.0,"enemies":"Chosen and Byrds","floor":28.0,"turns":2.0},{"damage":5.0,"enemies":"Snecko","floor":31.0,"turns":3.0},{"damage":12.0,"enemies":"Champ","floor":33.0,"turns":7.0},{"damage":0.0,"enemies":"3 Shapes","floor":35.0,"turns":3.0},{"damage":23,"enemies":"3 Darklings","floor":38,"turns":5},{"damage":21,"enemies":"Spire Growth","floor":39,"turns":5},{"damage":24,"enemies":"Reptomancer","floor":40,"turns":7},{"damage":10,"enemies":"Giant Head","floor":42,"turns":8},{"damage":0,"enemies":"Transient","floor":45,"turns":6},{"damage":1,"enemies":"2 Orb Walkers","floor":46,"turns":3},{"damage":3,"enemies":"Donu and Deca","floor":50,"turns":9},{"damage":19,"enemies":"Awakened One","floor":51,"turns":14},{"damage":7,"enemies":"Shield and Spear","floor":55,"turns":7},{"damage":64,"enemies":"The Heart","floor":56,"turns":11}],"seed_played":"8407292756302260851","potions_obtained":[{"floor":2.0,"key":"ColorlessPotion"},{"floor":6.0,"key":"SneckoOil"},{"floor":10.0,"key":"Explosive Potion"},{"floor":11.0,"key":"FairyPotion"},{"floor":13.0,"key":"CunningPotion"},{"floor":22.0,"key":"Strength Potion"},{"floor":24.0,"key":"Poison Potion"},{"floor":27.0,"key":"ColorlessPotion"},{"floor":38,"key":"Fire Potion"},{"floor":40,"key":"SteroidPotion"}],"is_trial":false,"path_per_floor":["M","M","M","M","?","E","R","?","T","E","M","E","M","?","R","B",null,"M","?","?","M","M","R","E","$","T","E","M","$","?","M","R","B",null,"M","$","$","M","M","E","$","E","T","?","M","?","R","?","R","B","B",null,"R","$","E","B",null],"character_chosen":"THE_SILENT","items_purchased":["Membership Card","Acrobatics","Deflect","Shuriken","Blade Dance","Backflip","Master of Strategy","PowerPotion","GhostInAJar","Accuracy","Deflect"],"campfire_rested":0,"item_purchase_floors":[25,25,25,29,29,29,41,54,54,54,54],"current_hp_per_floor":[59,59,59,59,59,29,29,11,18,12,12,12,12,17,17,17,63,63,63,63,53,53,53,19,19,19,19,19,19,19,14,14,2,59,59,59,59,36,15,23,23,13,13,13,13,12,30,30,48,45,26,65,78,78,71,14],"gold":52,"neow_bonus":"BOSS_RELIC","is_daily":false,"chose_seed":false,"campfire_upgraded":6,"win_rate":0.0,"timestamp":1614122602,"path_taken":["M","M","M","?","?","E","R","?","T","E","M","E","M","?","R","BOSS","M","?","?","M","?","R","E","$","T","E","M","$","?","M","R","BOSS","M","?","$","M","M","E","$","E","T","?","?","?","R","?","R","BOSS","BOSS","R","$","E","BOSS"],"items_purchased_type":["Relic","Card","Card","Relic","Card","Card","Card","Potion","Potion","Card","Card"],"build_version":"2020-12-22","purchased_purges":5,"victory":true,"max_hp_per_floor":[66,66,66,66,66,66,66,66,73,73,73,73,73,78,78,78,78,78,78,78,78,78,78,78,78,78,78,78,78,78,78,78,78,78,78,78,78,78,78,78,78,78,78,78,78,78,78,78,78,78,78,78,78,78,78,78],"relic_stats":{"Torii":35,"counters":[29,140],"CeramicFish":81,"Dead Branch":[140],"Eternal Feather":49,"Snake Skull":[8],"Letter Opener":[286],"Smiling Mask":31,"Shuriken":[87],"Sundial":[0],"Bronze Scales":[451],"Gambling Chip":[50],"Pantograph":7,"Pandora\u0027s Box":["Eviscerate","Expertise","Night Terror","Slice","Choke","Endless Agony","Malaise","Setup","Heel Hook","Masterful Stab"],"Art of War":[6],"Black Star":3,"obtain_stats":[{"Torii":42,"CeramicFish":40,"Dead Branch":46,"Vajra":9,"Oddly Smooth Stone":24,"Eternal Feather":42,"Snake Skull":30,"The Courier":40,"Letter Opener":43,"Paper Crane":10,"Smiling Mask":12,"Matryoshka":6,"Shuriken":29,"Sundial":55,"Bronze Scales":8,"Strawberry":9,"Gambling Chip":27,"Pantograph":55,"Pandora\u0027s Box":0,"Coffee Dripper":17,"Art of War":26,"Black Star":34,"Membership Card":25,"Ring of the Snake":0},{"Torii":23,"CeramicFish":22,"Dead Branch":25,"Vajra":5,"Oddly Smooth Stone":14,"Eternal Feather":23,"Snake Skull":16,"The Courier":22,"Letter Opener":23,"Paper Crane":6,"Smiling Mask":8,"Matryoshka":5,"Shuriken":16,"Sundial":28,"Bronze Scales":5,"Strawberry":5,"Gambling Chip":15,"Pantograph":28,"Pandora\u0027s Box":0,"Coffee Dripper":10,"Art of War":14,"Black Star":18,"Membership Card":14,"Ring of the Snake":0},{"Torii":90,"CeramicFish":82,"Dead Branch":99,"Vajra":13,"Oddly Smooth Stone":44,"Eternal Feather":90,"Snake Skull":52,"The Courier":82,"Letter Opener":90,"Paper Crane":16,"Smiling Mask":21,"Matryoshka":13,"Shuriken":52,"Sundial":129,"Bronze Scales":13,"Strawberry":13,"Gambling Chip":50,"Pantograph":129,"Pandora\u0027s Box":0,"Coffee Dripper":31,"Art of War":44,"Black Star":62,"Membership Card":44,"Ring of the Snake":0}]},"card_choices":[{"not_picked":["Flying Knee","Well Laid Plans","Prepared"],"picked":"SKIP","floor":1.0},{"not_picked":["Expertise","Sucker Punch","Caltrops"],"picked":"SKIP","floor":2.0},{"not_picked":["Deflect","Skewer"],"picked":"Blade Dance","floor":3.0},{"not_picked":["Slice","Flying Knee"],"picked":"Dagger Spray","floor":4.0},{"not_picked":["All Out Attack","Well Laid Plans"],"picked":"Prepared","floor":6.0},{"not_picked":["Setup","Envenom"],"picked":"PiercingWail","floor":10.0},{"not_picked":["Outmaneuver","Bane"],"picked":"Dodge and Roll","floor":11.0},{"not_picked":["Flying Knee","Well Laid Plans"],"picked":"Dash","floor":12.0},{"not_picked":["Poisoned Stab","Expertise"],"picked":"Endless Agony","floor":13.0},{"not_picked":["Prepared","Poisoned Stab"],"picked":"Heel Hook+1","floor":18.0},{"not_picked":["Deadly Poison+1","Dagger Throw"],"picked":"PiercingWail","floor":21.0},{"not_picked":["Dagger Throw","Acrobatics"],"picked":"Accuracy","floor":22.0},{"not_picked":["Cloak And Dagger","Flechettes"],"picked":"Blur+1","floor":24.0},{"not_picked":["Dagger Throw","Cloak And Dagger","Skewer"],"picked":"SKIP","floor":27.0},{"not_picked":["Accuracy","Sucker Punch"],"picked":"PiercingWail","floor":28.0},{"not_picked":["Dagger Spray","Flying Knee"],"picked":"Dodge and Roll","floor":31.0},{"not_picked":["Glass Knife","Bullet Time"],"picked":"Malaise","floor":33.0},{"not_picked":["Slice","Noxious Fumes"],"picked":"Deflect+1","floor":35.0},{"not_picked":["Endless Agony","Dodge and Roll"],"picked":"Deflect+1","floor":38},{"not_picked":["Dagger Throw","Concentrate","Bane"],"picked":"SKIP","floor":39},{"not_picked":["Concentrate","Glass Knife","Skewer"],"picked":"SKIP","floor":40},{"not_picked":["Dagger Throw+1","Quick Slash"],"picked":"Deflect+1","floor":42},{"not_picked":["Slice","Bouncing Flask"],"picked":"Backflip","floor":45},{"not_picked":["Flying Knee","Bane"],"picked":"Acrobatics","floor":46},{"not_picked":["Swift Strike","Enlightenment"],"picked":"Dark Shackles","floor":48},{"not_picked":["Crippling Poison","Calculated Gamble+1"],"picked":"Footwork","floor":55}],"player_experience":1971417,"relics_obtained":[{"floor":6.0,"key":"Matryoshka"},{"floor":9.0,"key":"Vajra"},{"floor":9.0,"key":"Strawberry"},{"floor":10.0,"key":"Paper Crane"},{"floor":12.0,"key":"Smiling Mask"},{"floor":24.0,"key":"Oddly Smooth Stone"},{"floor":26.0,"key":"Art of War"},{"floor":27.0,"key":"Gambling Chip"},{"floor":40,"key":"The Courier"},{"floor":40,"key":"CeramicFish"},{"floor":42,"key":"Torii"},{"floor":42,"key":"Eternal Feather"},{"floor":43,"key":"Letter Opener"},{"floor":46,"key":"Dead Branch"},{"floor":55,"key":"Sundial"},{"floor":55,"key":"Pantograph"}],"event_choices":[{"damage_healed":0.0,"max_hp_gain":0.0,"max_hp_loss":0.0,"gold_gain":0.0,"event_name":"Living Wall","player_choice":"Grow","floor":5.0,"gold_loss":0.0,"damage_taken":0.0,"cards_upgraded":["Eviscerate"]},{"damage_healed":0.0,"max_hp_gain":0.0,"max_hp_loss":0.0,"gold_gain":0.0,"event_name":"Scrap Ooze","player_choice":"Success","floor":8.0,"gold_loss":0.0,"damage_taken":18.0,"relics_obtained":["Bronze Scales"]},{"damage_healed":0.0,"max_hp_gain":5.0,"max_hp_loss":0.0,"gold_gain":0.0,"event_name":"Big Fish","player_choice":"Donut","floor":14.0,"gold_loss":0.0,"damage_taken":0.0},{"damage_healed":0.0,"max_hp_gain":0.0,"max_hp_loss":0.0,"gold_gain":0.0,"event_name":"Vampires","player_choice":"Ignored","floor":19.0,"gold_loss":0.0,"damage_taken":0.0},{"damage_healed":0.0,"max_hp_gain":0.0,"max_hp_loss":0.0,"gold_gain":0.0,"event_name":"Wheel of Change","player_choice":"Cursed","floor":20.0,"gold_loss":0.0,"damage_taken":0.0,"cards_obtained":["Decay"]},{"cards_removed":["Blur"],"damage_healed":0.0,"max_hp_gain":0.0,"max_hp_loss":0.0,"gold_gain":0.0,"event_name":"WeMeetAgain","player_choice":"Gave Card","floor":30.0,"gold_loss":0.0,"damage_taken":0.0,"relics_obtained":["Snake Skull"]},{"damage_healed":0,"gold_gain":0,"cards_transformed":["Dodge and Roll"],"player_choice":"Transformed","damage_taken":0,"max_hp_gain":0,"max_hp_loss":0,"event_name":"Transmorgrifier","floor":44,"gold_loss":0,"cards_obtained":["Cloak And Dagger"]},{"damage_healed":0,"gold_gain":0,"player_choice":"Fight","damage_taken":0,"max_hp_gain":0,"max_hp_loss":0,"event_name":"Mysterious Sphere","floor":46,"gold_loss":0},{"damage_healed":0,"gold_gain":0,"player_choice":"Memory 1","damage_taken":0,"max_hp_gain":0,"max_hp_loss":0,"event_name":"SensoryStone","floor":48,"gold_loss":0}],"is_beta":false,"boss_relics":[{"not_picked":["Astrolabe","Cursed Key"],"picked":"Coffee Dripper"},{"not_picked":["Sozu","Velvet Choker"],"picked":"Black Star"}],"items_purged_floors":[25,29,36,41,54],"is_endless":false,"potions_floor_spawned":[2,6,10,11,13,22,24,27,38,40,42,55],"ascension_level":20}}