{"host":"sav7uxregyirlf69","time":1614044225,"event":{"mods":["AchievementEnabler","BaseMod","Colored Map","DeckTracker","Keyboard Shortcuts","Minty Spire (QoL Compilation)","READ ME - Guardian Mod","StSLib","SuperFastMode"],"gold_per_floor":[111,186,212,222,236,263,263,288,288,322,337,348,30,44,44,44,44],"floor_reached":16,"language":"KOR","playtime":328,"items_purged":["Strike_R"],"score":294,"play_id":"ca1b83e8-91e9-469a-ac16-a81fe5769e99","local_time":"20210223103705","is_ascension_mode":true,"campfire_choices":[{"data":"Dark Embrace","floor":7,"key":"SMITH"},{"data":"Uppercut","floor":15,"key":"SMITH"}],"circlet_count":0,"master_deck":["AscendersBane","Strike_R","Strike_R","Strike_R","Strike_R","Defend_R","Defend_R","Defend_R","Defend_R","Bash","Offering","Ghostly Armor","Uppercut+1","Dark Embrace+1","Carnage","Pummel+1","Whirlwind+1","Shockwave"],"relics":["Burning Blood","Potion Belt","Meat on the Bone","Molten Egg 2","Centennial Puzzle","Letter Opener","Anchor"],"acts_visited":["Exordium"],"potions_floor_usage":[6],"damage_taken":[{"damage":13,"enemies":"Jaw Worm","floor":1,"turns":3},{"damage":6,"enemies":"2 Louse","floor":4,"turns":3},{"damage":1,"enemies":"Cultist","floor":5,"turns":4},{"damage":6,"enemies":"3 Sentries","floor":6,"turns":3},{"damage":37,"enemies":"Gremlin Nob","floor":8,"turns":4},{"damage":21,"enemies":"3 Sentries","floor":10,"turns":10},{"damage":6,"enemies":"Large Slime","floor":11,"turns":4},{"damage":6,"enemies":"Red Slaver","floor":12,"turns":3},{"damage":0,"enemies":"2 Fungi Beasts","floor":14,"turns":2},{"damage":51,"enemies":"The Guardian","floor":16,"turns":15}],"seed_played":"-1003400211819205961","potions_obtained":[{"floor":4,"key":"AttackPotion"},{"floor":5,"key":"LiquidBronze"},{"floor":10,"key":"Dexterity Potion"}],"is_trial":false,"path_per_floor":["M","?","T","M","M","E","R","E","T","E","M","M","$","M","R","B"],"character_chosen":"IRONCLAD","items_purchased":["Shockwave","Anchor"],"campfire_rested":0,"item_purchase_floors":[13,13],"current_hp_per_floor":[61,50,50,50,55,55,55,36,36,33,45,45,45,51,51,0,0],"gold":44,"neow_bonus":"ONE_RANDOM_RARE_CARD","is_daily":false,"chose_seed":false,"campfire_upgraded":2,"win_rate":0.0,"timestamp":1614044225,"path_taken":["M","?","?","M","M","E","R","E","T","E","M","M","$","M","R","BOSS"],"items_purchased_type":["Card","Relic"],"build_version":"2020-12-22","purchased_purges":1,"victory":false,"max_hp_per_floor":[75,75,75,75,75,75,75,75,75,75,75,75,75,75,75,75,75],"card_choices":[{"not_picked":["Armaments","Metallicize"],"picked":"Ghostly Armor","floor":1},{"not_picked":["Pommel Strike","Searing Blow"],"picked":"Uppercut","floor":4},{"not_picked":["Evolve","Combust"],"picked":"Dark Embrace","floor":5},{"not_picked":["Heavy Blade","Spot Weakness"],"picked":"Carnage","floor":6},{"not_picked":["Iron Wave+1","Infernal Blade","True Grit"],"picked":"SKIP","floor":8},{"not_picked":["Twin Strike+1","Thunderclap+1"],"picked":"Pummel+1","floor":10},{"not_picked":["Searing Blow+1","Warcry","Headbutt+1"],"picked":"SKIP","floor":11},{"not_picked":["Thunderclap+1","Twin Strike+1"],"picked":"Whirlwind+1","floor":12},{"not_picked":["Disarm","Sever Soul+1","Perfected Strike+1"],"picked":"SKIP","floor":14}],"player_experience":1663055,"relics_obtained":[{"floor":3,"key":"Potion Belt"},{"floor":6,"key":"Meat on the Bone"},{"floor":8,"key":"Molten Egg 2"},{"floor":9,"key":"Centennial Puzzle"},{"floor":10,"key":"Letter Opener"}],"event_choices":[{"damage_healed":0,"gold_gain":75,"player_choice":"Gather Gold","damage_taken":11,"max_hp_gain":0,"max_hp_loss":0,"event_name":"World of Goop","floor":2,"gold_loss":0}],"is_beta":false,"boss_relics":[],"items_purged_floors":[13],"is_endless":false,"potions_floor_spawned":[4,5,10],"killed_by":"The Guardian","ascension_level":20}}