{"host":"skr63qsdfgeey3it","time":1614064013,"event":{"mods":["BaseMod","Colored Map","Hubris","Minty Spire (QoL Compilation)","Monster B Gone","Reliquary","Replay The Spire","Spicy Shops","StSLib"],"gold_per_floor":[109,109,122,47,60,60,93,93,164,184,184,218,228,238,238,311,311,328,35,35,35,395,395,395,395],"floor_reached":24,"language":"ENG","playtime":803,"items_purged":["Regret"],"score":457,"play_id":"7f01a182-2c58-4efd-b382-cacede8906fd","local_time":"20210223010653","is_ascension_mode":true,"campfire_choices":[{"data":"Darkness","floor":6,"key":"SMITH"},{"floor":11,"key":"REST"},{"floor":15,"key":"DIG"},{"floor":23,"key":"REST"}],"circlet_count":0,"master_deck":["AscendersBane","Zap","Dualcast","Panic Button","Leap","Darkness+1","Time Bomb","Hologram","hubris:PowerSurge","Panic Button","Hologram","All For One","ReplayRNGCard","Beam Cell","Multi-Cast","All For One","Biased Cognition","Blizzard","Ball Lightning","Recycle","Lockon","Loop","Rebound","Shame","Bandage Up","Flash of Steel"],"relics":["Philosopher\u0027s Stone","ReplayTheSpireMod:Shallot","hubris:Potato","CultistMask","Replay:Bottled Snecko","reliquary:SilkGlove","reliquary:WeakTea","Pandora\u0027s Box","reliquary:BrokenClock","hubris:Icosahedron","reliquary:PartyBalloon"],"acts_visited":["Exordium","TheCity"],"potions_floor_usage":[16,16,16,18,24],"damage_taken":[{"damage":11,"enemies":"Jaw Worm","floor":1,"turns":4},{"damage":5,"enemies":"Cultist","floor":3,"turns":3},{"damage":4,"enemies":"Small Slimes","floor":5,"turns":5},{"damage":18,"enemies":"Lagavulin","floor":7,"turns":6},{"damage":1,"enemies":"Looter","floor":10,"turns":2},{"damage":12,"enemies":"3 Sentries","floor":12,"turns":9},{"damage":8,"enemies":"Exordium Thugs","floor":13,"turns":4},{"damage":3,"enemies":"Exordium Wildlife","floor":14,"turns":3},{"damage":0,"enemies":"Slime Boss","floor":16,"turns":4},{"damage":1,"enemies":"Shell Parasite","floor":18,"turns":2},{"damage":34,"enemies":"3 Byrds","floor":24,"turns":4}],"seed_played":"8586382439636470478","potions_obtained":[{"floor":13,"key":"ColorlessPotion"},{"floor":14,"key":"Dexterity Potion"},{"floor":16,"key":"SkillPotion"},{"floor":18,"key":"Venom Potion"}],"is_trial":false,"path_per_floor":["M","?","M","$","M","R","E","?","T","M","R","E","M","M","R_BF","B",null,"M","$","?","?","?","R","M"],"character_chosen":"DEFECT","items_purchased":["reliquary:BrokenClock","Loop","Rebound"],"campfire_rested":2,"item_purchase_floors":[19,19,19],"current_hp_per_floor":[53,53,48,48,44,44,26,26,26,25,46,34,26,23,23,23,59,58,58,58,58,9,30,0,0],"gold":395,"neow_bonus":"BOSS_RELIC","is_daily":false,"chose_seed":false,"campfire_upgraded":1,"win_rate":0.0,"timestamp":1614064013,"path_taken":["M","?","M","$","M","R","E","?","T","?","R","E","M","M","R_BF","BOSS","M","$","?","?","?","R","?"],"items_purchased_type":["Relic","Card","Card"],"build_version":"2020-12-22","purchased_purges":1,"victory":false,"max_hp_per_floor":[71,71,71,71,71,71,71,71,71,71,71,71,71,71,71,71,71,71,71,71,71,71,71,71,71],"card_choices":[{"not_picked":["ReplayTheSpireMod:GoodbyeWorld","Barrage"],"picked":"Panic Button","floor":1},{"not_picked":["Reinforced Body","Barrage"],"picked":"Leap","floor":3},{"not_picked":["Turbo","ReplayTheSpireMod:Repulse"],"picked":"Darkness","floor":5},{"not_picked":["Loop","Rebound"],"picked":"Time Bomb","floor":7},{"not_picked":["Turbo","Steam Power"],"picked":"Hologram","floor":10},{"not_picked":["Steam","Beam Cell"],"picked":"hubris:PowerSurge","floor":12},{"not_picked":["Gash","Meteor Strike"],"picked":"Panic Button","floor":13},{"not_picked":["Steam","Streamline"],"picked":"Hologram","floor":14},{"not_picked":["Meteor Strike","Reboot"],"picked":"All For One","floor":16},{"not_picked":["Doom and Gloom","Panic Button"],"picked":"Lockon","floor":18}],"player_experience":1000478,"relics_obtained":[{"floor":7,"key":"hubris:Potato"},{"floor":9,"key":"Replay:Bottled Snecko"},{"floor":12,"key":"reliquary:SilkGlove"},{"floor":15,"key":"reliquary:WeakTea"}],"event_choices":[{"damage_healed":0,"gold_gain":0,"player_choice":"Box","damage_taken":0,"relics_obtained":["ReplayTheSpireMod:Shallot"],"max_hp_gain":0,"max_hp_loss":0,"event_name":"Big Fish","floor":2,"gold_loss":0,"cards_obtained":["Regret"]},{"damage_healed":0,"gold_gain":0,"player_choice":"Trade","damage_taken":0,"relics_obtained":["CultistMask"],"max_hp_gain":0,"max_hp_loss":0,"event_name":"FaceTrader","floor":8,"gold_loss":0},{"damage_healed":0,"gold_gain":0,"player_choice":"Stole Relic","damage_taken":0,"relics_obtained":["reliquary:PartyBalloon"],"max_hp_gain":0,"max_hp_loss":0,"event_name":"Addict","floor":21,"gold_loss":0,"cards_obtained":["Shame"]},{"damage_healed":0,"gold_gain":360,"player_choice":"CARD CARD GOLD GOLD GOLD GOLD ","damage_taken":49,"max_hp_gain":0,"max_hp_loss":0,"event_name":"Knowing Skull","floor":22,"potions_obtained":[],"gold_loss":0,"cards_obtained":["Bandage Up","Flash of Steel"]}],"is_beta":false,"boss_relics":[{"not_picked":["Tiny House","reliquary:WritOfMandamus"],"picked":"Pandora\u0027s Box"}],"items_purged_floors":[4],"is_endless":false,"potions_floor_spawned":[13,14,16,18],"killed_by":"3 Byrds","ascension_level":16}}