{"host":"xwl7b08i4vco8s3a","time":1614092479,"event":{"mods":["BaseMod","Colored Powertips","Downfall","Hermit","Minty Spire (QoL Compilation)","Replay The Spire","StSLib","Wandering Minibosses"],"gold_per_floor":[119,129,129,145,76,111,125,1,27,27,43,43,43],"floor_reached":12,"language":"ENG","playtime":467,"items_purged":["hermit:Defend_Hermit"],"score":80,"play_id":"c7bc245f-d6cd-4039-b82a-e2f4788ad00a","local_time":"20210223160119","is_ascension_mode":false,"campfire_choices":[],"circlet_count":0,"master_deck":["hermit:Strike_Hermit","hermit:Strike_Hermit","hermit:Strike_Hermit","hermit:Strike_Hermit","hermit:Defend_Hermit","hermit:Defend_Hermit","hermit:Defend_Hermit","hermit:Snapshot+1","hermit:Covet","hermit:Glare","hermit:GoldenBullet","Pain","hermit:Virtue","hermit:FromBeyond","hermit:Headshot","hermit:BodyArmor","hermit:Determination+1","Regret","hermit:Spite"],"relics":["hermit:Momento","WarpedTongs","Dream Catcher","Art of War","Bag of Marbles"],"acts_visited":["Exordium"],"potions_floor_usage":[6,7],"damage_taken":[{"damage":0,"enemies":"Small Slimes","floor":1,"turns":4},{"damage":13,"enemies":"Cultist","floor":2,"turns":5},{"damage":8,"enemies":"2 Louse","floor":4,"turns":3},{"damage":18,"enemies":"Lagavulin","floor":6,"turns":5},{"damage":6,"enemies":"Large Slime","floor":7,"turns":6},{"damage":10,"enemies":"Looter","floor":11,"turns":2},{"damage":23,"enemies":"3 Sentries","floor":12,"turns":4}],"seed_played":"-2145927927229946082","potions_obtained":[{"floor":2,"key":"FearPotion"},{"floor":6,"key":"SkillPotion"}],"is_trial":false,"path_per_floor":["M","M","?","M","$","E","M","$","T","?","M","E"],"character_chosen":"HERMIT","items_purchased":["hermit:FromBeyond","hermit:Determination+1"],"campfire_rested":0,"item_purchase_floors":[5,8],"current_hp_per_floor":[75,62,62,54,54,36,30,30,30,30,20,0,0],"gold":43,"neow_bonus":"RANDOM_EVENT","is_daily":false,"chose_seed":false,"campfire_upgraded":0,"win_rate":0.0,"timestamp":1614092479,"path_taken":["M","M","?","M","?","E","?","?","T","?","M","E"],"items_purchased_type":["Card","Card"],"build_version":"2020-12-22","purchased_purges":1,"victory":false,"max_hp_per_floor":[75,75,75,75,75,75,75,75,75,75,75,75,75],"card_choices":[{"not_picked":["hermit:CalledShot","hermit:Shortfuse"],"picked":"hermit:Glare","floor":1},{"not_picked":["hermit:CursedWeapon","hermit:Glare"],"picked":"hermit:GoldenBullet","floor":2},{"not_picked":["hermit:Spite","hermit:LuckOfTheDraw"],"picked":"hermit:Virtue","floor":4},{"not_picked":["hermit:Desperado","hermit:NoHoldsBarred"],"picked":"hermit:Headshot","floor":6},{"not_picked":["hermit:Roulette","hermit:Shortfuse"],"picked":"hermit:BodyArmor","floor":7},{"not_picked":["hermit:Headshot","hermit:EyeOfTheStorm"],"picked":"hermit:Spite","floor":11}],"player_experience":451439,"relics_obtained":[{"floor":6,"key":"Dream Catcher"},{"floor":9,"key":"Art of War"}],"event_choices":[{"damage_healed":0,"gold_gain":0,"player_choice":"Grow","damage_taken":0,"max_hp_gain":0,"max_hp_loss":0,"event_name":"Living Wall","floor":0,"gold_loss":0,"cards_upgraded":["hermit:Snapshot"]},{"damage_healed":0,"gold_gain":0,"player_choice":"Rummage","damage_taken":0,"relics_obtained":["WarpedTongs"],"max_hp_gain":0,"max_hp_loss":0,"event_name":"Accursed Blacksmith","floor":3,"gold_loss":0,"cards_obtained":["Pain"]},{"damage_healed":0,"gold_gain":0,"player_choice":"Box","damage_taken":0,"relics_obtained":["Bag of Marbles"],"max_hp_gain":0,"max_hp_loss":0,"event_name":"Big Fish","floor":10,"gold_loss":0,"cards_obtained":["Regret"]}],"is_beta":false,"boss_relics":[],"items_purged_floors":[8],"is_endless":false,"potions_floor_spawned":[2,6],"killed_by":"3 Sentries","ascension_level":0}}