{"host":"rzxtdhi6dlaar4wu","time":1614104919,"event":{"mods":["2.2 Compatiblity","AchievementEnabler","BaseMod","Block Reminder","Colored Map","Colored Powertips","Minty Spire (QoL Compilation)","Quick Restart","Random Character Button","Rare Cards Sparkle","Relic Stats","StSLib","The IronCluck"],"gold_per_floor":[111,81,91,6,6,6,6,6,6,23,23,42,56,71,71,71,71],"floor_reached":16,"language":"ENG","playtime":462,"items_purged":[],"score":92,"play_id":"d3b1fb93-532c-4ff6-8e50-f3980516d67c","local_time":"20210223192839","is_ascension_mode":false,"campfire_choices":[{"data":"Survivor","floor":6,"key":"SMITH"},{"data":"Neutralize","floor":8,"key":"SMITH"},{"data":"Bouncing Flask","floor":11,"key":"SMITH"},{"floor":15,"key":"REST"}],"circlet_count":0,"master_deck":["Strike_G","Strike_G","Strike_G","Strike_G","Strike_G","Defend_G","Defend_G","Defend_G","Defend_G","Defend_G","Survivor+1","Neutralize+1","The Bomb","Deadly Poison","Bouncing Flask+1","Noxious Fumes","Bane","Bane","Burst","Dagger Spray"],"relics":["Ring of the Snake","Sundial","Shovel"],"acts_visited":["Exordium"],"potions_floor_usage":[14],"damage_taken":[{"damage":9,"enemies":"2 Louse","floor":1,"turns":3},{"damage":6,"enemies":"Cultist","floor":3,"turns":4},{"damage":7,"enemies":"Small Slimes","floor":10,"turns":3},{"damage":2,"enemies":"Looter","floor":12,"turns":3},{"damage":16,"enemies":"Lots of Slimes","floor":13,"turns":3},{"damage":17,"enemies":"Gremlin Gang","floor":14,"turns":5},{"damage":33,"enemies":"The Guardian","floor":16,"turns":8}],"seed_played":"908068914599232131","potions_obtained":[{"floor":1,"key":"ColorlessPotion"},{"floor":2,"key":"BlessingOfTheForge"},{"floor":2,"key":"Ancient Potion"},{"floor":3,"key":"FairyPotion"}],"is_trial":false,"path_per_floor":["M","?","M","$","?","R","$","R","T","M","R","M","M","M","R","B"],"character_chosen":"THE_SILENT","items_purchased":["Noxious Fumes","Bane"],"campfire_rested":1,"item_purchase_floors":[4,4],"current_hp_per_floor":[54,54,48,48,36,36,36,36,36,29,29,27,11,18,36,3,3],"gold":71,"neow_bonus":"RANDOM_COLORLESS_2","is_daily":false,"chose_seed":false,"campfire_upgraded":3,"win_rate":0.0,"timestamp":1614104919,"path_taken":["M","?","?","$","?","R","$","R","T","M","R","M","M","M","R","BOSS"],"items_purchased_type":["Card","Card"],"build_version":"2020-12-22","purchased_purges":0,"victory":false,"max_hp_per_floor":[63,63,63,63,63,63,63,63,63,63,63,63,63,63,63,63,63],"relic_stats":{"Shovel":0,"counters":[7,29],"Sundial":[2],"obtain_stats":[{"Shovel":9,"Sundial":5,"Ring of the Snake":0},{"Shovel":2,"Sundial":2,"Ring of the Snake":0},{"Shovel":7,"Sundial":7,"Ring of the Snake":0}],"Ring of the Snake":[14]},"card_choices":[{"not_picked":["Thinking Ahead","Transmutation"],"picked":"The Bomb","floor":0},{"not_picked":["Outmaneuver","Flying Knee"],"picked":"Deadly Poison","floor":1},{"not_picked":["Underhanded Strike","Dodge and Roll"],"picked":"Bouncing Flask","floor":3},{"not_picked":["Cloak And Dagger","Prepared"],"picked":"Bane","floor":10},{"not_picked":["Blur","Finisher"],"picked":"Burst","floor":12},{"not_picked":["Reflex","Quick Slash","Finisher"],"picked":"SKIP","floor":13},{"not_picked":["Acrobatics","Blade Dance"],"picked":"Dagger Spray","floor":14}],"player_experience":174506,"relics_obtained":[{"floor":9,"key":"Shovel"}],"event_choices":[{"damage_healed":0,"gold_gain":0,"player_choice":"Bought 2 Potions","damage_taken":0,"max_hp_gain":0,"max_hp_loss":0,"event_name":"The Woman in Blue","floor":2,"gold_loss":0},{"damage_healed":0,"gold_gain":0,"player_choice":"Success","damage_taken":12,"relics_obtained":["Sundial"],"max_hp_gain":0,"max_hp_loss":0,"event_name":"Scrap Ooze","floor":5,"gold_loss":0}],"is_beta":false,"boss_relics":[],"items_purged_floors":[],"is_endless":false,"potions_floor_spawned":[1,3,12],"killed_by":"The Guardian","ascension_level":0}}