{"host":"dbkc9h3etq50r1dq","time":1614123213,"event":{"mods":["AchievementEnabler","BaseMod","Block Reminder","Colored Powertips","Curses Come First","Dark Map","Minty Spire (QoL Compilation)","Permanent Neow","Potion Indicator Mod","Rare Cards Sparkle","StSLib","SuperFastMode"],"gold_per_floor":[113,288,301,376,326,326,340,354,354,279,290,290,318,318,318,318,318],"floor_reached":16,"language":"ZHS","playtime":502,"items_purged":["Strike_R"],"score":135,"play_id":"dac26770-86d3-40c4-84b9-7bd8c5aa3a72","local_time":"20210224073333","is_ascension_mode":true,"campfire_choices":[{"data":"Barricade","floor":6,"key":"SMITH"},{"data":"Battle Trance","floor":12,"key":"SMITH"},{"data":"Shrug It Off","floor":15,"key":"SMITH"}],"circlet_count":0,"master_deck":["Strike_R","Strike_R","Strike_R","Strike_R","Defend_R","Defend_R","Defend_R","Defend_R","Bash","Barricade+1","Shrug It Off+1","Sentinel","Battle Trance+1","Parasite"],"relics":["Burning Blood","White Beast Statue","Question Card"],"acts_visited":["Exordium"],"potions_floor_usage":[11,13,16],"damage_taken":[{"damage":6,"enemies":"2 Louse","floor":1,"turns":3},{"damage":14,"enemies":"Jaw Worm","floor":3,"turns":5},{"damage":3,"enemies":"Cultist","floor":7,"turns":4},{"damage":2,"enemies":"3 Louse","floor":8,"turns":6},{"damage":5,"enemies":"Large Slime","floor":11,"turns":11},{"damage":6,"enemies":"Lagavulin","floor":13,"turns":8},{"damage":82,"enemies":"Hexaghost","floor":16,"turns":14}],"seed_played":"-2495939069214363101","potions_obtained":[{"floor":3,"key":"ColorlessPotion"},{"floor":11,"key":"BlessingOfTheForge"},{"floor":13,"key":"Strength Potion"}],"is_trial":false,"path_per_floor":["M","?","M","?","?","R","M","M","T","$","M","R","E","?","R","B"],"character_chosen":"IRONCLAD","items_purchased":[],"campfire_rested":0,"item_purchase_floors":[],"current_hp_per_floor":[72,72,64,53,53,53,56,60,60,60,61,61,61,80,80,0,0],"gold":318,"neow_bonus":"ONE_RANDOM_RARE_CARD","is_daily":false,"chose_seed":false,"campfire_upgraded":3,"win_rate":0.0,"timestamp":1614123213,"path_taken":["M","?","M","?","?","R","M","M","T","?","?","R","E","?","R","BOSS"],"items_purchased_type":[],"build_version":"2020-12-22","purchased_purges":1,"victory":false,"max_hp_per_floor":[80,80,80,80,80,80,80,80,80,80,80,80,80,80,80,80,80],"card_choices":[{"not_picked":["Spot Weakness","Heavy Blade"],"picked":"Shrug It Off","floor":1},{"not_picked":["Flex","Cleave","Iron Wave"],"picked":"SKIP","floor":3},{"not_picked":["Wild Strike","Rage"],"picked":"Sentinel","floor":7},{"not_picked":["Shrug It Off","Havoc"],"picked":"Battle Trance","floor":8},{"not_picked":["Blood for Blood","Wild Strike","Searing Blow"],"picked":"SKIP","floor":11},{"not_picked":["Sword Boomerang","Flex","Perfected Strike"],"picked":"SKIP","floor":13}],"player_experience":152891,"relics_obtained":[{"floor":9,"key":"White Beast Statue"},{"floor":13,"key":"Question Card"}],"event_choices":[{"damage_healed":0,"gold_gain":175,"player_choice":"AGREE","damage_taken":0,"max_hp_gain":0,"max_hp_loss":0,"event_name":"Liars Game","floor":2,"gold_loss":0,"cards_obtained":["Doubt"]},{"damage_healed":0,"gold_gain":75,"player_choice":"Gather Gold","damage_taken":11,"max_hp_gain":0,"max_hp_loss":0,"event_name":"World of Goop","floor":4,"gold_loss":0},{"cards_removed":["Doubt"],"damage_healed":0,"gold_gain":0,"player_choice":"Card Removal","damage_taken":0,"max_hp_gain":0,"max_hp_loss":0,"event_name":"The Cleric","floor":5,"gold_loss":50},{"damage_healed":20,"gold_gain":0,"player_choice":"Healed and dodged fight","damage_taken":0,"max_hp_gain":0,"max_hp_loss":0,"event_name":"Mushrooms","floor":14,"gold_loss":0,"cards_obtained":["Parasite"]}],"is_beta":false,"boss_relics":[],"items_purged_floors":[10],"is_endless":false,"potions_floor_spawned":[3,11,13],"killed_by":"Hexaghost","ascension_level":7}}