{"host":"xo0glkmxta74xh34","time":1614117472,"event":{"mods":["BaseMod","Downfall","Minty Spire (QoL Compilation)","Reliquary","Replay The Spire","StSLib"],"gold_per_floor":[16,16,16,26,26,56,56,56,109,109,138,156,331,256,256,357,357,371,381,401,416,435,468,468,483,506,416,416,433,285,295,295,400,400,414,289,302,313,327,327,343,343,343,374,374,374,374,392,392,392,392,392,0,32,32,32],"floor_reached":55,"language":"ENG","playtime":1758,"items_purged":["Regret","Strike_B","Defend_B"],"score":904,"play_id":"a26b6f73-8172-4c2c-967e-f55e93595e21","local_time":"20210223155752","is_ascension_mode":false,"campfire_choices":[{"floor":7.0,"key":"RECALL"},{"floor":10.0,"key":"REST"},{"floor":15.0,"key":"REST"},{"floor":24.0,"key":"REST"},{"floor":28.0,"key":"REST"},{"floor":32.0,"key":"REST"},{"floor":40.0,"key":"REST"},{"data":"ReplayTheSpireMod:Omega Cannon","floor":42.0,"key":"SMITH"},{"data":"ReplayTheSpireMod:Omega Cannon","floor":47.0,"key":"SMITH"},{"floor":49.0,"key":"REST"},{"data":"Echo Form","floor":52.0,"key":"SMITH"}],"circlet_count":0,"master_deck":["Strike_B+1","Defend_B","Defend_B","Defend_B","Zap+1","Dualcast","ReplayTheSpireMod:Omega Cannon+1","Static Discharge","Echo Form+1","Loop","ReplayTheSpireMod:Omega Cannon+1","Conserve Battery","ReplayTheSpireMod:System Scan+1","Chill","Conserve Battery","ReplayTheSpireMod:Omega Cannon+1","Loop+1","ReplaySort+1","Replay:BasicMightCard"],"relics":["Cracked Core","Replay:Mystery Machine","Slimebound:PreparedRelic","Potion Belt","Pen Nib","Painkiller Herb","Tiny Chest","reliquary:PorcupineQuills","bronze:MakeshiftBattery","reliquary:PurpleTingedLeaf","Shuriken","reliquary:RoseTintedGlasses","bronze:DecasWashers"],"acts_visited":["Exordium","TheCity","TheBeyond","TheEnding"],"potions_floor_usage":[55,55,55,55],"damage_taken":[{"damage":0.0,"enemies":"Small Slimes","floor":1.0,"turns":1.0},{"damage":1.0,"enemies":"Jaw Worm","floor":4.0,"turns":2.0},{"damage":34.0,"enemies":"Gremlin Nob","floor":6.0,"turns":4.0},{"damage":8.0,"enemies":"Replay:BlueRogue","floor":11.0,"turns":3.0},{"damage":6.0,"enemies":"Cultist","floor":12.0,"turns":3.0},{"damage":17.0,"enemies":"The Guardian","floor":16.0,"turns":8.0},{"damage":0.0,"enemies":"Spheric Guardian","floor":18.0,"turns":2.0},{"damage":8.0,"enemies":"2 Thieves","floor":19.0,"turns":3.0},{"damage":0.0,"enemies":"Centurion and Healer","floor":20.0,"turns":3.0},{"damage":28.0,"enemies":"Snake Plant","floor":21.0,"turns":3.0},{"damage":0.0,"enemies":"3 Cultists","floor":22.0,"turns":2.0},{"damage":11.0,"enemies":"Gremlin Leader","floor":23.0,"turns":3.0},{"damage":14.0,"enemies":"Snecko","floor":25.0,"turns":4.0},{"damage":0.0,"enemies":"Cultist and Chosen","floor":29.0,"turns":2.0},{"damage":0.0,"enemies":"Centurion and Healer","floor":31.0,"turns":2.0},{"damage":4.0,"enemies":"Pondfish","floor":33.0,"turns":6.0},{"damage":0.0,"enemies":"3 Shapes","floor":35.0,"turns":2.0},{"damage":10.0,"enemies":"Orb Walker","floor":37.0,"turns":2.0},{"damage":0.0,"enemies":"4 Shapes","floor":38.0,"turns":2.0},{"damage":7.0,"enemies":"Transient","floor":39.0,"turns":5.0},{"damage":0.0,"enemies":"Jaw Worm Horde","floor":41.0,"turns":1.0},{"damage":13.0,"enemies":"Nemesis","floor":44.0,"turns":5.0},{"damage":0.0,"enemies":"Sphere and 2 Shapes","floor":48.0,"turns":1.0},{"damage":40.0,"enemies":"Time Eater","floor":50.0,"turns":7.0},{"damage":0.0,"enemies":"Shield and Spear","floor":54.0,"turns":2.0},{"damage":78,"enemies":"The Heart","floor":55,"turns":6}],"seed_played":"-8285534258730602104","potions_obtained":[{"floor":6.0,"key":"PowerPotion"},{"floor":11.0,"key":"LifebloodPotion"},{"floor":12.0,"key":"Ancient Potion"},{"floor":18.0,"key":"Adrenaline Potion"},{"floor":22.0,"key":"Energy Potion"},{"floor":29.0,"key":"BlessingOfTheForge"},{"floor":37.0,"key":"Weak Potion"},{"floor":41.0,"key":"Languid Potion"},{"floor":48.0,"key":"champ:CounterPotion"}],"is_trial":false,"path_per_floor":["M","?","?","M","?","E","R","?","T","R","E","M","?","$","R","B",null,"?","?","?","?","?","E","T","?","T","?","T","?","T","?","T","B",null,"?","T","?","?","?","T","?","T","T","E","?","T","T","?","T","B",null,"T","T","E","B"],"character_chosen":"DEFECT","items_purchased":["PowerPotion","reliquary:RoseTintedGlasses","reliquary:FerryPass","Replay:BasicMightCard"],"campfire_rested":7,"item_purchase_floors":[30,53,53,53],"current_hp_per_floor":[75,75,75,74,74,40,40,25,25,47,39,33,33,33,55,38,75,75,67,67,39,39,28,50,36,36,36,58,58,58,58,75,71,75,75,75,65,65,58,75,75,75,75,62,62,62,62,63,75,37,75,75,75,75,0,0],"gold":32,"neow_bonus":"THREE_RARE_CARDS","is_daily":false,"chose_seed":false,"campfire_upgraded":3,"win_rate":0.0,"timestamp":1614117472,"path_taken":["M","?","?","?","?","E","R","?","T","R","E","M","?","$","R","BOSS","?","?","?","?","?","E","T","?","T","?","T","?","T","?","T","BOSS","?","T","?","?","?","T","?","T","T","E","?","?","T","?","T","BOSS","T","T","E","BOSS"],"items_purchased_type":["Potion","Relic","Relic","Card"],"build_version":"2020-12-22","purchased_purges":3,"victory":false,"max_hp_per_floor":[75,75,75,75,75,75,75,75,75,75,75,75,75,75,75,75,75,75,75,75,75,75,75,75,75,75,75,75,75,75,75,75,75,75,75,75,75,75,75,75,75,75,75,75,75,75,75,75,75,75,75,75,75,75,75,75],"card_choices":[{"not_picked":["Meteor Strike","Reboot"],"picked":"ReplayTheSpireMod:Omega Cannon","floor":0.0},{"not_picked":["Go for the Eyes","Doom and Gloom"],"picked":"Static Discharge","floor":1.0},{"not_picked":["Streamline","Compile Driver","Doom and Gloom"],"picked":"SKIP","floor":4.0},{"not_picked":["Gash","ReplayTheSpireMod:Reroute Power"],"picked":"Echo Form","floor":6.0},{"not_picked":["Ball Lightning","Panic Button"],"picked":"Loop","floor":11.0},{"not_picked":["Gash","ReplayTheSpireMod:Calculation Training","Steam"],"picked":"SKIP","floor":12.0},{"not_picked":["Seek","Buffer"],"picked":"ReplayTheSpireMod:Omega Cannon","floor":16.0},{"not_picked":["ReplayGash+1","Glacier","Time Bomb"],"picked":"SKIP","floor":18.0},{"not_picked":["Coolheaded+1","Compile Driver","Sweeping Beam"],"picked":"SKIP","floor":19.0},{"not_picked":["BasicCrystalCard","Gash","Barrage"],"picked":"SKIP","floor":20.0},{"not_picked":["Sweeping Beam","Reinforced Body"],"picked":"Conserve Battery","floor":21.0},{"not_picked":["Rebound","Sweeping Beam+1","Steam"],"picked":"SKIP","floor":22.0},{"not_picked":["Doom and Gloom+1","BootSequence"],"picked":"ReplayTheSpireMod:System Scan+1","floor":23.0},{"not_picked":["Darkness","Cold Snap","Machine Learning"],"picked":"SKIP","floor":25.0},{"not_picked":["Cold Snap","Leap"],"picked":"Chill","floor":29.0},{"not_picked":["Steam","Sweeping Beam"],"picked":"Conserve Battery","floor":31.0},{"not_picked":["Echo Form","Amplify"],"picked":"ReplayTheSpireMod:Omega Cannon","floor":33.0},{"not_picked":["Hologram","Defragment+1","Chaos+1"],"picked":"SKIP","floor":35.0},{"not_picked":["Ball Lightning","Beam Cell+1"],"picked":"Loop+1","floor":37.0},{"not_picked":["Barrage+1","Coolheaded+1","Ball Lightning+1"],"picked":"SKIP","floor":38.0},{"not_picked":["Ball Lightning","Melter","BasicCrystalCard+1"],"picked":"SKIP","floor":39.0},{"not_picked":["Hologram","Fusion+1","Leap+1"],"picked":"SKIP","floor":41.0},{"not_picked":["Turbo+1","Ball Lightning+1"],"picked":"ReplaySort+1","floor":44.0},{"not_picked":["Blizzard+1","Rebound+1","Hello World"],"picked":"SKIP","floor":48.0},{"not_picked":["Aggregate+1","Leap","Defragment"],"picked":"SKIP","floor":54.0}],"player_experience":548768,"relics_obtained":[{"floor":6.0,"key":"Slimebound:PreparedRelic"},{"floor":9.0,"key":"Potion Belt"},{"floor":11.0,"key":"Pen Nib"},{"floor":23.0,"key":"Tiny Chest"},{"floor":26.0,"key":"reliquary:PorcupineQuills"},{"floor":44.0,"key":"reliquary:PurpleTingedLeaf"},{"floor":46.0,"key":"Shuriken"},{"floor":54.0,"key":"bronze:DecasWashers"}],"event_choices":[{"cards_removed":["Strike_B"],"damage_healed":0.0,"max_hp_gain":0.0,"max_hp_loss":0.0,"gold_gain":0.0,"event_name":"Purifier","player_choice":"Purged","floor":3.0,"gold_loss":0.0,"damage_taken":0.0},{"damage_healed":0.0,"max_hp_gain":0.0,"max_hp_loss":0.0,"gold_gain":0.0,"event_name":"Big Fish","player_choice":"Box","floor":5.0,"gold_loss":0.0,"damage_taken":0.0,"relics_obtained":["Replay:Mystery Machine"],"cards_obtained":["Regret"]},{"damage_healed":0.0,"max_hp_gain":0.0,"max_hp_loss":0.0,"gold_gain":0.0,"event_name":"Shining Light","player_choice":"Entered Light","floor":8.0,"gold_loss":0.0,"damage_taken":15.0,"cards_upgraded":["ReplayTheSpireMod:Omega Cannon","Strike_B"]},{"damage_healed":0.0,"max_hp_gain":0.0,"max_hp_loss":0.0,"gold_gain":175.0,"event_name":"Liars Game","player_choice":"AGREE","floor":13.0,"gold_loss":0.0,"damage_taken":0.0,"cards_obtained":["Doubt"]},{"cards_removed":["Doubt"],"damage_healed":0.0,"max_hp_gain":0.0,"max_hp_loss":0.0,"gold_gain":0.0,"event_name":"Designer","player_choice":"Upgrade and Remove","floor":27.0,"gold_loss":90.0,"damage_taken":0.0,"cards_upgraded":["Strike_B"]},{"cards_removed":["Strike_B"],"damage_healed":0.0,"max_hp_gain":0.0,"max_hp_loss":0.0,"gold_gain":0.0,"event_name":"Falling","player_choice":"Removed Attack","floor":45.0,"gold_loss":0.0,"damage_taken":0.0}],"is_beta":false,"boss_relics":[{"not_picked":["reliquary:Ember","Fusion Hammer"],"picked":"Painkiller Herb"},{"not_picked":["Pandora\u0027s Box","Cursed Key"],"picked":"bronze:MakeshiftBattery"}],"items_purged_floors":[14,30,36],"is_endless":false,"potions_floor_spawned":[6,11,12,18,22,29,37,41,48],"killed_by":"The Heart","ascension_level":0}}