{"host":"ve9aztkoyqeblvav","time":1614079621,"event":{"mods":["Act Like it!","Aspiration","BaseMod","Colored Map","Colored Powertips","Highlight Path","Marked Mod","Minty Spire (QoL Compilation)","Pale of the Ancients","Quick Restart","Reorder Act Four","StSLib","The Hierophant","Waifu the Spire"],"gold_per_floor":[118,118,118,43,55,88,88,88,113,131,131,131,31,44,44,116,116,132,132,145,145,155,155,174,208,208,208,208,222,253,271,271,344,344,359,76,89,139,152,152,183,183,183,183,193,193,207,234,234,234,234,234,2,2,31,31,31],"floor_reached":56,"language":"ZHS","playtime":3052,"items_purged":["Strike_G","Strike_G","Defend_G","Defend_G"],"score":2440,"play_id":"189bf083-dc60-4536-b634-bcc62890bd5b","local_time":"20210223192701","is_ascension_mode":true,"campfire_choices":[{"data":"Blade Dance","floor":8.0,"key":"SMITH"},{"data":"Accuracy","floor":11.0,"key":"SMITH"},{"data":"Neutralize","floor":15.0,"key":"SMITH"},{"floor":23.0,"key":"REST"},{"data":"Acrobatics","floor":27.0,"key":"SMITH"},{"data":"Concentrate","floor":32.0,"key":"SMITH"},{"data":"Finisher","floor":40.0,"key":"SMITH"},{"floor":42.0,"key":"RECALL"},{"data":"Backflip","floor":44.0,"key":"SMITH"},{"data":"Adrenaline","floor":49.0,"key":"SMITH"},{"data":"Escape Plan","floor":54.0,"key":"SMITH"}],"circlet_count":0,"master_deck":["AscendersBane","Defend_G","Defend_G","Survivor","Neutralize+1","Finisher+1","Flechettes","Blade Dance+1","Escape Plan+1","Accuracy+1","Corpse Explosion","Concentrate+1","Adrenaline+1","Backflip+1","Acrobatics+1","Adrenaline+1","Calculated Gamble+1","Storm of Steel+1","Steam Power+1","Blasphemy+1","Reprogram+1","Expertise+1","Entrench+1","Tactician+1","Purity+1"],"relics":["Ring of the Snake","NeowsBlessing","Ice Cream","Anchor","Ancient Tea Set","HoveringKite","PrismaticShard","Toxic Egg 2","Incense Burner","Philosopher\u0027s Stone","ClockworkSouvenir","Juzu Bracelet","The Courier","TungstenRod","StrikeDummy"],"acts_visited":["Exordium","TheCity","TheBeyond","TheEnding"],"potions_floor_usage":[],"damage_taken":[{"damage":0.0,"enemies":"Cultist","floor":1.0,"turns":1.0},{"damage":0.0,"enemies":"Jaw Worm","floor":5.0,"turns":1.0},{"damage":0.0,"enemies":"Gremlin Nob","floor":6.0,"turns":1.0},{"damage":0.0,"enemies":"2 Louse","floor":10.0,"turns":2.0},{"damage":0.0,"enemies":"Large Slime","floor":14.0,"turns":1.0},{"damage":52.0,"enemies":"Hexaghost","floor":16.0,"turns":11.0},{"damage":1.0,"enemies":"2 Thieves","floor":18.0,"turns":3.0},{"damage":0.0,"enemies":"Chosen","floor":20.0,"turns":2.0},{"damage":0.0,"enemies":"3 Cultists","floor":22.0,"turns":2.0},{"damage":0.0,"enemies":"Sentry and Sphere","floor":24.0,"turns":2.0},{"damage":0.0,"enemies":"Slavers","floor":25.0,"turns":1.0},{"damage":0.0,"enemies":"Shelled Parasite and Fungi","floor":29.0,"turns":1.0},{"damage":0.0,"enemies":"Gremlin Leader","floor":30.0,"turns":2.0},{"damage":0.0,"enemies":"Snake Plant","floor":31.0,"turns":1.0},{"damage":0.0,"enemies":"Collector","floor":33.0,"turns":3.0},{"damage":0.0,"enemies":"3 Darklings","floor":35.0,"turns":1.0},{"damage":0.0,"enemies":"Orb Walker","floor":37.0,"turns":1.0},{"damage":0.0,"enemies":"4 Shapes","floor":39.0,"turns":1.0},{"damage":0.0,"enemies":"Giant Head","floor":41.0,"turns":3.0},{"damage":0.0,"enemies":"Sphere and 2 Shapes","floor":45.0,"turns":1.0},{"damage":0.0,"enemies":"Writhing Mass","floor":47.0,"turns":1.0},{"damage":0.0,"enemies":"Nemesis","floor":48.0,"turns":1.0},{"damage":25.0,"enemies":"Time Eater","floor":50.0,"turns":6.0},{"damage":0.0,"enemies":"Donu and Deca","floor":51.0,"turns":3.0},{"damage":0.0,"enemies":"Shield and Spear","floor":55.0,"turns":3.0},{"damage":101,"enemies":"The Heart","floor":56,"turns":3}],"seed_played":"-2121171101157754488","potions_obtained":[{"floor":5.0,"key":"Energy Potion"},{"floor":6.0,"key":"PowerPotion"},{"floor":16.0,"key":"CunningPotion"},{"floor":25.0,"key":"Explosive Potion"},{"floor":39.0,"key":"SneckoOil"}],"is_trial":false,"path_per_floor":["M","$","?","$","M","E","?","R","T","M","R","?","$","M","R","B",null,"M","?","M","?","M","R","M","E","T","R","?","M","E","M","R","B",null,"M","$","M","?","M","R","E","R","T","R","M","?","M","E","R","B","B",null,"$","R","E","B"],"character_chosen":"THE_SILENT","items_purchased":["ClockworkSouvenir","Tactician+1","Purity+1"],"campfire_rested":1,"item_purchase_floors":[36,53,53],"current_hp_per_floor":[59,59,59,59,59,59,59,59,59,59,59,59,59,59,59,7,51,50,32,32,20,20,41,41,41,41,41,41,41,41,41,41,41,64,64,64,64,64,64,64,64,64,64,64,64,64,64,64,64,39,39,60,60,60,60,0,0],"gold":31,"neow_bonus":"THREE_ENEMY_KILL","is_daily":false,"chose_seed":false,"campfire_upgraded":9,"win_rate":0.0,"timestamp":1614079621,"path_taken":["M","$","?","$","M","E","?","R","T","?","R","?","?","M","R","BOSS","M","?","M","?","M","R","M","E","T","R","?","M","E","M","R","BOSS","M","$","M","?","?","R","E","R","T","R","M","?","M","E","R","BOSS","BOSS","$","R","E","BOSS"],"items_purchased_type":["Relic","Card","Card"],"build_version":"2020-12-22","purchased_purges":4,"victory":false,"max_hp_per_floor":[66,66,66,66,66,66,66,66,66,66,66,66,66,66,66,66,66,66,71,71,71,71,71,71,71,71,71,71,71,71,71,71,71,71,71,71,71,71,71,71,71,71,71,71,71,67,67,67,67,67,67,67,67,67,67,67,67],"card_choices":[{"not_picked":["Slice","PiercingWail"],"picked":"Finisher","floor":1.0},{"not_picked":["Deflect","Bane"],"picked":"Blade Dance","floor":5.0},{"not_picked":["PiercingWail","Slice"],"picked":"Escape Plan","floor":6.0},{"not_picked":["Flechettes","Dodge and Roll"],"picked":"Accuracy","floor":10.0},{"not_picked":["Setup","Leg Sweep"],"picked":"Concentrate","floor":14.0},{"not_picked":["Phantasmal Killer","Corpse Explosion"],"picked":"Adrenaline","floor":16.0},{"not_picked":["PiercingWail","Noxious Fumes"],"picked":"Backflip","floor":18.0},{"not_picked":["Eviscerate","PiercingWail","Deadly Poison"],"picked":"SKIP","floor":20.0},{"not_picked":["Outmaneuver","Deflect"],"picked":"Acrobatics","floor":21.0},{"not_picked":["hierophant:RustyCrate+1","Headbutt+1","hierophant:FieryStrike"],"picked":"SKIP","floor":22.0},{"not_picked":["hierophant:SealAway","Fusion","Slice"],"picked":"SKIP","floor":24.0},{"not_picked":["Flying Knee","Wild Strike"],"picked":"Adrenaline+1","floor":25.0},{"not_picked":["Pommel Strike","Hemokinesis"],"picked":"Steam Power+1","floor":29.0},{"not_picked":["Panacea+1","Deflect+1","Crippling Poison+1"],"picked":"SKIP","floor":30.0},{"not_picked":["Outmaneuver+1","hierophant:AuricBeam","MarkedMod:GentlePulse+1"],"picked":"SKIP","floor":31.0},{"not_picked":["Corruption","hierophant:Determination"],"picked":"Blasphemy+1","floor":33.0},{"not_picked":["hierophant:Purify","Turbo+1","Indignation+1"],"picked":"SKIP","floor":35.0},{"not_picked":["Bane+1","hierophant:Remorse+1"],"picked":"Reprogram+1","floor":37.0},{"not_picked":["hierophant:OrnateBuckler+1","Underhanded Strike+1","Battle Trance+1"],"picked":"SKIP","floor":39.0},{"not_picked":["Dodge and Roll+1","Cleave"],"picked":"Expertise+1","floor":41.0},{"not_picked":["PathToVictory+1","Anger"],"picked":"Entrench+1","floor":45.0},{"not_picked":["Chrysalis+1","Beam Cell+1","hierophant:Rebuild+1"],"picked":"SKIP","floor":47.0},{"not_picked":["Flying Knee","hierophant:FieryStrike","hierophant:HolyVerse+1"],"picked":"SKIP","floor":48.0},{"not_picked":["hierophant:DisplayOfPower","Dodge and Roll+1","hierophant:Shelter+1"],"picked":"SKIP","floor":55.0}],"player_experience":1677724,"relics_obtained":[{"floor":6.0,"key":"Ice Cream"},{"floor":9.0,"key":"Ancient Tea Set"},{"floor":21.0,"key":"PrismaticShard"},{"floor":25.0,"key":"Toxic Egg 2"},{"floor":30.0,"key":"Incense Burner"},{"floor":41.0,"key":"Juzu Bracelet"},{"floor":43.0,"key":"The Courier"},{"floor":48.0,"key":"TungstenRod"},{"floor":55.0,"key":"StrikeDummy"}],"event_choices":[{"damage_healed":0.0,"max_hp_gain":0.0,"max_hp_loss":0.0,"gold_gain":0.0,"cards_transformed":["Strike_G"],"event_name":"Living Wall","player_choice":"Change","floor":3.0,"gold_loss":0.0,"damage_taken":0.0,"cards_obtained":["Flechettes"]},{"damage_healed":0.0,"max_hp_gain":0.0,"max_hp_loss":0.0,"gold_gain":0.0,"event_name":"WeMeetAgain","player_choice":"Gave Potion","floor":7.0,"gold_loss":0.0,"damage_taken":0.0,"relics_obtained":["Anchor"]},{"damage_healed":0.0,"max_hp_gain":0.0,"max_hp_loss":0.0,"gold_gain":0.0,"cards_transformed":["Strike_G"],"event_name":"Transmorgrifier","player_choice":"Transformed","floor":12.0,"gold_loss":0.0,"damage_taken":0.0,"cards_obtained":["Corpse Explosion"]},{"damage_healed":0.0,"max_hp_gain":5.0,"max_hp_loss":0.0,"gold_gain":0.0,"event_name":"Forgotten Altar","player_choice":"Shed Blood","floor":19.0,"gold_loss":0.0,"damage_taken":23.0},{"damage_healed":0.0,"max_hp_gain":0.0,"max_hp_loss":0.0,"gold_gain":0.0,"cards_transformed":["Strike_G","Defend_G"],"event_name":"Drug Dealer","player_choice":"Became Test Subject","floor":28.0,"gold_loss":0.0,"damage_taken":0.0,"cards_obtained":["Calculated Gamble","Storm of Steel"]},{"damage_healed":0.0,"max_hp_gain":0.0,"max_hp_loss":0.0,"gold_gain":50.0,"event_name":"Golden Shrine","player_choice":"Pray","floor":38.0,"gold_loss":0.0,"damage_taken":0.0},{"damage_healed":0.0,"max_hp_gain":0.0,"max_hp_loss":4.0,"gold_gain":0.0,"event_name":"Winding Halls","player_choice":"Max HP","floor":46.0,"gold_loss":0.0,"damage_taken":0.0}],"is_beta":false,"boss_relics":[{"not_picked":["Velvet Choker","aspiration:FutureDiary"],"picked":"HoveringKite"},{"not_picked":["SlaversCollar","Calling Bell"],"picked":"Philosopher\u0027s Stone"}],"items_purged_floors":[4,13,36,53],"is_endless":false,"potions_floor_spawned":[5,6,16,22,25,31,33,39,41,48],"killed_by":"The Heart","ascension_level":20}}