{"host":"hig4mmxcip4vq5ai","time":1614078548,"event":{"mods":["Aspiration","BaseMod","Challenge The Spire","Colored Powertips","Conspire","Energized Spire","Friendly Minions","Halation","Hubris","Infinite Spire","Minty Spire (QoL Compilation)","Replay The Spire","Shop Mod","Small Relic Pack","StSLib"],"gold_per_floor":[117,117,130,143,193,193,228,92,92,92,127,127,143,113,113,211,211,231,262,278,278,278,278],"floor_reached":22,"language":"RUS","playtime":1063,"items_purged":["Delirium"],"score":202,"play_id":"3c1a7076-ea60-4277-89a6-050901737cbc","local_time":"20210223140908","is_ascension_mode":true,"campfire_choices":[{"data":"ForeignInfluence","floor":6,"key":"SMITH"},{"floor":10,"key":"REST"},{"data":"Prostrate","floor":15,"key":"SMITH"}],"circlet_count":0,"master_deck":["Strike_P","Strike_P","Defend_P","Defend_P","Defend_P","Vigilance","BowlingBash","ForeignInfluence+1","Steam","Prostrate+1","ConjureBlade","Normality","Normality","LikeWater+1","Worship","MentalFortress+1","Normality","Devotion+1","Prostrate","Prostrate","Hallucinations","Consecrate+1","hubris:SlightOfHand","Reflex","hubris:Counter"],"relics":["PureWater","aspiration:DSix","Ring of Greed","ReplayTheSpireMod:Ring of Collecting","Membership Card","MealTicket","Regal Pillow","ReplayTheSpireMod:CursedCoin","Frozen Egg 2","Art of War","Pear","energizedSpire:BlackCloud"],"acts_visited":["Exordium","TheCity"],"potions_floor_usage":[16,18,22,22],"damage_taken":[{"damage":0,"enemies":"2 Louse","floor":1,"turns":1},{"damage":2,"enemies":"Small Slimes","floor":3,"turns":4},{"damage":6,"enemies":"Jaw Worm","floor":4,"turns":2},{"damage":55,"enemies":"Lagavulin","floor":7,"turns":12},{"damage":7,"enemies":"Gremlin Nob","floor":11,"turns":3},{"damage":0,"enemies":"2 Fungi Beasts","floor":13,"turns":2},{"damage":8,"enemies":"Looter","floor":14,"turns":4},{"damage":9,"enemies":"The Guardian","floor":16,"turns":12},{"damage":28,"enemies":"3 Byrds","floor":18,"turns":9},{"damage":8,"enemies":"Spheric Guardian","floor":20,"turns":5},{"damage":26,"enemies":"Shelled Parasite and Fungi","floor":22,"turns":2}],"seed_played":"-5735626354524593648","potions_obtained":[{"floor":7,"key":"Flashbang"},{"floor":13,"key":"Toxic Potion"},{"floor":16,"key":"StancePotion"},{"floor":19,"key":"FearPotion"},{"floor":19,"key":"SteroidPotion"},{"floor":19,"key":"Toxic Potion"}],"is_trial":false,"path_per_floor":["M","?","M","M","?","R","E","$","T","R","E","?","M","M","R","B",null,"M","?","M","?","M"],"character_chosen":"WATCHER","items_purchased":["ReplayTheSpireMod:CursedCoin","Frozen Egg 2","LikeWater+1","Worship","Art of War"],"campfire_rested":1,"item_purchase_floors":[8,8,8,8,8],"current_hp_per_floor":[72,72,70,64,64,64,9,24,24,60,63,63,63,55,55,46,82,54,34,26,26,0,0],"gold":278,"neow_bonus":"DSIX","is_daily":false,"chose_seed":false,"campfire_upgraded":2,"win_rate":0.0,"timestamp":1614078548,"path_taken":["M","?","M","M","?","R","E","$","T","R","E","?","M","M","R","BOSS","M","?","M","?","?"],"items_purchased_type":["Relic","Relic","Card","Card","Relic"],"build_version":"2020-12-22","purchased_purges":1,"victory":false,"max_hp_per_floor":[72,72,72,72,72,72,72,72,72,72,82,82,82,82,82,82,82,82,82,82,82,82,82],"card_choices":[{"not_picked":["Replay:Cycle","ClearTheMind"],"picked":"BowlingBash","floor":1},{"not_picked":["JustLucky","ClearTheMind"],"picked":"Halt","floor":3},{"not_picked":["Replay:BluntJabs","CrushJoints"],"picked":"Prostrate","floor":4},{"not_picked":["BattleHymn","ClearTheMind"],"picked":"ConjureBlade","floor":7},{"not_picked":["Replay:Anticipation","Evaluate"],"picked":"Halt","floor":11},{"not_picked":["Replay:BluntJabs","ThirdEye","EmptyBody"],"picked":"SKIP","floor":13},{"not_picked":["CrushJoints","EmptyMind"],"picked":"MentalFortress+1","floor":14},{"not_picked":["MasterReality+1","DeusExMachina"],"picked":"Devotion+1","floor":16},{"not_picked":["Replay:AtTheReady+1","PathToVictory"],"picked":"Prostrate","floor":18},{"not_picked":["JustLucky","ThirdEye+1"],"picked":"Prostrate","floor":19},{"not_picked":["Swivel","CutThroughFate+1"],"picked":"Consecrate+1","floor":20}],"player_experience":444220,"relics_obtained":[{"floor":5,"key":"Ring of Greed"},{"floor":5,"key":"ReplayTheSpireMod:Ring of Collecting"},{"floor":5,"key":"Membership Card"},{"floor":5,"key":"MealTicket"},{"floor":7,"key":"Regal Pillow"},{"floor":11,"key":"Pear"}],"event_choices":[],"is_beta":false,"boss_relics":[{"not_picked":["Black Star","energizedSpire:MagnifyingGlass"],"picked":"energizedSpire:BlackCloud"}],"items_purged_floors":[8],"is_endless":false,"potions_floor_spawned":[7,13,16],"killed_by":"Shelled Parasite and Fungi","ascension_level":1}}