{"host":"5qewjvycy34u7aeo","time":1614110866,"event":{"mods":["BaseMod","Curses Come First","Downfall","GifTheSpireLib","Infinite Spire","Minty Spire (QoL Compilation)","Permanent Neow","Replay The Spire","StSLib","Wandering Minibosses"],"gold_per_floor":[99,110,126,143,143,175,175,207,224,224,238,64,75,90,109,209,209,209,224,224,224,224,240,240,263,278,288,304,323,123,155,179,293,293,293,321,380,396,405,151,233,243,279,321,366,33,54,95,95,199,199,99,120,133,145,174,75,101,123,123,165,15,27,27,63,76,172,172,172,201,201,301,326,6,39,39,71,71,91,132,182,282,302,414,414,414,434,451,474,483,532,592,649,710,774,857,928,1015,788,852,1011,1011,1011,1096,1096,1200,1293,1397,1520,1653,1653,1790,1799,1799,1799,1937,2075,2319,2319,2319,2483,2662,2867,3067,3067,3300,3400,3400,3631,3877,80,80,95,118,224,324,324,363,397,457,499,499,623,754,554,563,633,774,774,916,1075,1385,1385,1631,1390,1390,1482,1482,1482],"floor_reached":157,"language":"ENG","playtime":13682,"items_purged":["downfall:Aged","bronze:Strike","bronze:Defend","Jack Of All Trades","bronze:Replicate","Doubt","bronze:Overheat","bronze:WhirlingStrike","bronze:Iterate","downfall:Malfunctioning","bronze:AlphaBuild","Decay"],"score":4723,"play_id":"785ae45a-ccd7-48b5-bc41-8fbe2b55d6d7","local_time":"20210223140746","is_ascension_mode":true,"campfire_choices":[{"floor":1.0,"key":"DIG"},{"data":"bronze:Goto","floor":10.0,"key":"SMITH"},{"floor":18.0,"key":"RECALL"},{"data":"bronze:Repulsor","floor":30.0,"key":"SMITH"},{"data":"bronze:HardenedForm","floor":35.0,"key":"SMITH"},{"data":"bronze:Turbo","floor":49.0,"key":"SMITH"},{"data":"bronze:BronzeOrb","floor":52.0,"key":"SMITH"},{"data":"bronze:Library","floor":60.0,"key":"SMITH"},{"data":"bronze:Turbo","floor":64.0,"key":"SMITH"},{"data":"bronze:Branch","floor":69.0,"key":"SMITH"},{"data":"bronze:Branch","floor":76.0,"key":"SMITH"},{"data":"ReplayTheSpireMod:Chaos Vortex","floor":86.0,"key":"SMITH"},{"data":"Pot Of Greed","floor":103,"key":"SMITH"},{"data":"Pot Of Greed","floor":111,"key":"SMITH"},{"data":"Pot Of Greed","floor":115,"key":"SMITH"},{"data":"bronze:Verify","floor":120,"key":"SMITH"},{"data":"bronze:Iterate","floor":132,"key":"SMITH"},{"data":"bronze:Iterate","floor":137,"key":"SMITH"},{"floor":142,"key":"DIG"},{"floor":149,"key":"DIG"},{"floor":156,"key":"DIG"}],"circlet_count":1,"master_deck":["bronze:Goto+1","bronze:OilSpill+1","bronze:ForceShield","bronze:Branch+1","bronze:DelayedGuard+1","bronze:Repulsor+1","bronze:OilSpill+1","bronze:Branch+1","bronze:Iterate+1","bronze:OilSpill+1","ReplayTheSpireMod:Chaos Vortex+1","bronze:CutThrough","bronze:Turbo+1","bronze:Constructor","bronze:HardenedForm+1","bronze:InfiniteBeams+1","bronze:Backtrace","bronze:WildBeam+1","bronze:Iterate+1","Pot Of Greed+1","Pot Of Greed+1","bronze:BronzeOrb+1","Pot Of Greed+1","bronze:Branch+1","bronze:BronzeOrb+1","bronze:Separator+1","bronze:Repulsor+1","bronze:Turbo+1","bronze:OilSpill+1","bronze:Library+1","bronze:BronzeOrb+1","bronze:Branch+1","bronze:Library+1","Pot Of Greed+1","bronze:GetLatest+1","bronze:ForceShield+1","bronze:Allocate+1","bronze:OilSpill+1","bronze:Allocate","bronze:WhirlingStrike","bronze:Verify+1","bronze:InfiniteLoop","Pot Of Greed","bronze:Shell"],"relics":["bronze:PlatinumCore","HornCleat","Replay:Bottled Eggs","bronze:CableSpool","infinitespire:CursedDice","infinitespire:Cupcake","Replay:Towering Pillar of Hats","Replay:Drink Me","Replay:Baseball","Matryoshka","Replay:Rubber Ducky","wanderingMiniBosses:CarrionFlame","downfall:HeartBlessingRed","downfall:HeartBlessingBlue","CeramicFish","infinitespire:Satchel","Kunai","Pen Nib","InkBottle","Grinning Jar","Orrery","Painkiller Herb","ReplayTheSpireMod:Shallot","Circlet","Black Star","downfall:HeartBlessingGreen","Bronze Scales","Bag of Preparation","Tiny Chest","Philosopher\u0027s Stone","downfall:GremlinWheel","PreservedInsect","Tiny House","Pondfish Scales","Incense Burner","Mirror","ReplayTheSpireMod:EnergyBall","infinitespire:EvilPickle","bronze:ElectromagneticCoil","Orichalcum","FaceOfCleric","Busted Crown","Replay:Kaleidoscope","Replay:Accelerometer","The Courier","bronze:DecasWashers","StrikeDummy","Oddly Smooth Stone","Replay:Bottled Snecko","Chameleon Ring","Durian","Lantern","Pantograph","Replay:Mystery Machine","infinitespire:EmpoweringShard","Dream Catcher","ReplayFunnel","Boot","Torii","MealTicket","Shovel","Lizard Tail","infinitespire:Broken Mirror","ReplayTheSpireMod:Ninjato","Pet Ghost","bronze:BronzeIdol","Replay:Grab Bag","Replay:Wanted Poster","Sozu","Ring of Chaos","Replay:Bandana","Ring of Hypnosis","Potion Belt","SacredBark","Iron Hammer"],"acts_visited":["Exordium","TheCity","TheBeyond","Exordium","TheCity","TheBeyond","TheCity","TheBeyond","TheEnding"],"potions_floor_usage":[],"damage_taken":[{"damage":0.0,"enemies":"Cultist","floor":2.0,"turns":3.0},{"damage":2.0,"enemies":"Small Slimes","floor":3.0,"turns":4.0},{"damage":3.0,"enemies":"Jaw Worm","floor":4.0,"turns":4.0},{"damage":35.0,"enemies":"Gremlin Nob","floor":6.0,"turns":5.0},{"damage":15.0,"enemies":"3 Sentries","floor":8.0,"turns":7.0},{"damage":3.0,"enemies":"Blue Slaver","floor":9.0,"turns":3.0},{"damage":15.0,"enemies":"Exordium Thugs","floor":11.0,"turns":5.0},{"damage":0.0,"enemies":"downfall:FleeingMerchant","floor":12.0,"turns":4.0},{"damage":2.0,"enemies":"2 Fungi Beasts","floor":13.0,"turns":3.0},{"damage":6.0,"enemies":"Exordium Wildlife","floor":14.0,"turns":2.0},{"damage":0.0,"enemies":"3 Louse","floor":15.0,"turns":2.0},{"damage":11.0,"enemies":"SI_SHIV_ARCHETYPE","floor":16.0,"turns":4.0},{"damage":0.0,"enemies":"Chosen","floor":19.0,"turns":3.0},{"damage":0.0,"enemies":"downfall:LooterAlt2","floor":23.0,"turns":3.0},{"damage":28.0,"enemies":"Sentry and Sphere","floor":26.0,"turns":7.0},{"damage":0.0,"enemies":"Snecko","floor":27.0,"turns":3.0},{"damage":0.0,"enemies":"3 Cultists","floor":28.0,"turns":4.0},{"damage":0.0,"enemies":"Snake Plant","floor":29.0,"turns":4.0},{"damage":9.0,"enemies":"Slavers","floor":31.0,"turns":2.0},{"damage":0.0,"enemies":"Centurion and Healer","floor":32.0,"turns":3.0},{"damage":0.0,"enemies":"WA_ARCHETYPE_CALM","floor":33.0,"turns":5.0},{"damage":6.0,"enemies":"3 Shapes","floor":36.0,"turns":2.0},{"damage":0.0,"enemies":"3 Shapes","floor":37.0,"turns":3.0},{"damage":0.0,"enemies":"Orb Walker","floor":38.0,"turns":2.0},{"damage":0.0,"enemies":"downfall:FleeingMerchant","floor":40.0,"turns":4.0},{"damage":0.0,"enemies":"Sphere and 2 Shapes","floor":42.0,"turns":2.0},{"damage":0.0,"enemies":"R_Hoarder","floor":43.0,"turns":4.0},{"damage":0.0,"enemies":"3 Darklings","floor":47.0,"turns":2.0},{"damage":0.0,"enemies":"Nightmare","floor":48.0,"turns":7.0},{"damage":1.0,"enemies":"DF_ARCHETYPE_ORBS","floor":50.0,"turns":5.0},{"damage":0.0,"enemies":"2 Louse","floor":53.0,"turns":1.0},{"damage":0.0,"enemies":"Cultist","floor":54.0,"turns":1.0},{"damage":0.0,"enemies":"Jaw Worm","floor":55.0,"turns":2.0},{"damage":0.0,"enemies":"3 Louse","floor":56.0,"turns":1.0},{"damage":0.0,"enemies":"downfall:FleeingMerchant","floor":57.0,"turns":1.0},{"damage":0.0,"enemies":"Blue Slaver","floor":59.0,"turns":1.0},{"damage":0.0,"enemies":"3 Sentries","floor":61.0,"turns":2.0},{"damage":0.0,"enemies":"2 Fungi Beasts","floor":63.0,"turns":1.0},{"damage":0.0,"enemies":"3 Louse","floor":66.0,"turns":1.0},{"damage":0.0,"enemies":"Slime Boss","floor":67.0,"turns":3.0},{"damage":0.0,"enemies":"downfall:LooterAlt2","floor":70.0,"turns":1.0},{"damage":0.0,"enemies":"downfall:LooterAlt2","floor":72.0,"turns":1.0},{"damage":0.0,"enemies":"Book of Stabbing","floor":73.0,"turns":2.0},{"damage":0.0,"enemies":"Gremlin Leader","floor":75.0,"turns":2.0},{"damage":0.0,"enemies":"Replay:Snechameleon","floor":77.0,"turns":1.0},{"damage":0.0,"enemies":"3 Byrds","floor":79.0,"turns":1.0},{"damage":0.0,"enemies":"Nightmare","floor":80.0,"turns":4.0},{"damage":0.0,"enemies":"Colosseum Nobs","floor":82.0,"turns":1.0},{"damage":0.0,"enemies":"Cultist and Chosen","floor":83.0,"turns":2.0},{"damage":0.0,"enemies":"Pondfish","floor":84.0,"turns":4.0},{"damage":0.0,"enemies":"Orb Walker","floor":87.0,"turns":2.0},{"damage":0.0,"enemies":"3 Darklings","floor":88.0,"turns":2.0},{"damage":0.0,"enemies":"Maw","floor":89.0,"turns":4.0},{"damage":0.0,"enemies":"Transient","floor":91.0,"turns":1.0},{"damage":0.0,"enemies":"R_Hoarder","floor":92.0,"turns":4.0},{"damage":0.0,"enemies":"Sphere and 2 Shapes","floor":93.0,"turns":2.0},{"damage":0.0,"enemies":"Writhing Mass","floor":94.0,"turns":3.0},{"damage":0.0,"enemies":"Transient","floor":95.0,"turns":5.0},{"damage":0.0,"enemies":"Nightmare","floor":96.0,"turns":4.0},{"damage":0.0,"enemies":"4 Shapes","floor":97.0,"turns":1.0},{"damage":0.0,"enemies":"Writhing Mass","floor":98.0,"turns":4.0},{"damage":0.0,"enemies":"Jaw Worm Horde","floor":100.0,"turns":2.0},{"damage":23.0,"enemies":"Time Eater","floor":101.0,"turns":8.0},{"damage":0,"enemies":"Jaw Worm","floor":104,"turns":1},{"damage":0,"enemies":"3 Sentries","floor":106,"turns":1},{"damage":0,"enemies":"Cultist","floor":107,"turns":2},{"damage":0,"enemies":"2 Louse","floor":108,"turns":1},{"damage":0,"enemies":"Lagavulin","floor":109,"turns":2},{"damage":0,"enemies":"Gremlin Nob","floor":110,"turns":2},{"damage":0,"enemies":"3 Sentries","floor":112,"turns":1},{"damage":0,"enemies":"Lots of Slimes","floor":116,"turns":1},{"damage":0,"enemies":"Exordium Thugs","floor":117,"turns":2},{"damage":0,"enemies":"Slime Boss","floor":118,"turns":5},{"damage":0,"enemies":"Shell Parasite","floor":121,"turns":2},{"damage":0,"enemies":"downfall:LooterAlt2","floor":122,"turns":1},{"damage":0,"enemies":"Gremlin Leader","floor":123,"turns":2},{"damage":0,"enemies":"Chosen and Byrds","floor":124,"turns":2},{"damage":0,"enemies":"Slavers","floor":126,"turns":1},{"damage":0,"enemies":"Colosseum Nobs","floor":127,"turns":2},{"damage":0,"enemies":"Snake Plant","floor":129,"turns":1},{"damage":0,"enemies":"Snecko","floor":130,"turns":2},{"damage":0,"enemies":"Chosen and Byrds","floor":133,"turns":2},{"damage":0,"enemies":"Centurion and Healer","floor":134,"turns":1},{"damage":0,"enemies":"infinitespire:LordOfFortification","floor":135,"turns":22},{"damage":0,"enemies":"3 Shapes","floor":138,"turns":2},{"damage":0,"enemies":"Orb Walker","floor":139,"turns":1},{"damage":0,"enemies":"R_Hoarder","floor":140,"turns":2},{"damage":0,"enemies":"Spire Growth","floor":141,"turns":2},{"damage":0,"enemies":"Nemesis","floor":143,"turns":2},{"damage":0,"enemies":"Maw","floor":144,"turns":4},{"damage":0,"enemies":"4 Shapes","floor":147,"turns":1},{"damage":0,"enemies":"Transient","floor":148,"turns":5},{"damage":0,"enemies":"Giant Head","floor":150,"turns":2},{"damage":0,"enemies":"Maw","floor":151,"turns":3},{"damage":142,"enemies":"infinitespire:LordOfFortification","floor":152,"turns":18},{"damage":0,"enemies":"ME_ARCHETYPE_MERCHANT","floor":154,"turns":4},{"damage":0,"enemies":"IC_STATUS_ARCHETYPE","floor":157,"turns":8}],"seed_played":"-8942966852182638739","potions_obtained":[{"floor":4.0,"key":"DuplicationPotion"},{"floor":9.0,"key":"champ:CounterPotion"},{"floor":13.0,"key":"FearPotion"},{"floor":14.0,"key":"CultistPotion"},{"floor":15.0,"key":"ColorlessPotion"},{"floor":32.0,"key":"SpeedPotion"},{"floor":47.0,"key":"Energy Potion"}],"is_trial":false,"path_per_floor":["R","M","M","M","?","E","T","E","M","R","M","$","M","M","M","B",null,"R","M","?","AVR","?","M","T","T","M","M","M","M","R","E","M","B",null,"R","M","?","M","?","$","T","M","E","?","AVR","?","?","NM","T","B",null,"T","?","?","?","?","T","T","?","T","E","T","?","T","?","?","B",null,"T","?","?","?","E","T","E","T","E","T","?","NM","AVR","?","?","B",null,"T","?","?","?","AVR","?","E","?","?","?","NM","?","?","T","?","B",null,"T","?","?","E","?","?","E","E","T","E","?","?","T","?","?","B",null,"T","?","?","E","?","?","E","?","?","?","?","T","T","?","?","B",null,"T","?","?","E","?","T","E","?","T","?","?","?","T","E","?","B",null,"E","T","T","B"],"character_chosen":"THE_AUTOMATON","items_purchased":["bronze:Repulsor","bronze:OilSpill","infinitespire:Satchel","Bronze Scales","Bag of Preparation","PreservedInsect","bronze:Allocate","bronze:DecasWashers","StrikeDummy","Oddly Smooth Stone","Replay:Bottled Snecko","Chameleon Ring","Durian","Lantern","Pantograph","Replay:Mystery Machine","infinitespire:EmpoweringShard","Dream Catcher","ReplayFunnel","Boot","Torii","MealTicket","Shovel","Lizard Tail","infinitespire:Broken Mirror","ReplayTheSpireMod:Ninjato","Pet Ghost","bronze:BronzeIdol","bronze:Shell"],"campfire_rested":0,"item_purchase_floors":[12,12,40,57,57,74,99,131,131,131,131,131,131,131,131,131,131,131,131,131,131,131,131,131,131,131,131,131,155],"current_hp_per_floor":[70,70,68,65,65,30,30,15,12,12,25,25,23,17,17,6,70,70,70,52,52,52,52,52,52,24,24,24,24,34,25,25,25,63,63,57,57,57,57,57,57,57,63,63,63,71,71,71,71,71,71,71,71,71,71,71,71,71,71,71,71,71,71,71,71,71,71,71,71,71,71,71,71,71,71,71,71,71,71,71,76,76,76,76,76,76,76,76,76,76,76,76,76,76,76,76,76,76,76,76,53,76,76,76,76,76,76,76,76,76,76,76,76,76,76,77,78,79,79,79,80,81,82,83,83,84,85,85,86,87,92,92,93,94,95,95,95,96,97,98,99,99,100,101,101,101,102,103,103,104,105,23,106,107,107,107,107,107,107],"gold":1482,"neow_bonus":"RANDOM_COLORLESS","is_daily":false,"chose_seed":false,"campfire_upgraded":16,"win_rate":0.0,"timestamp":1614110866,"path_taken":["R","M","?","M","?","E","T","E","M","R","M","$","?","M","M","BOSS","R","M","?","AVR","?","M","T","?","?","M","M","M","R","E","M","BOSS","R","M","?","M","?","$","T","M","E","?","AVR","?","?","NM","T","BOSS","T","?","?","?","?","T","T","?","T","E","T","?","T","?","?","BOSS","T","?","?","?","?","T","E","T","E","?","?","NM","AVR","?","?","BOSS","T","?","?","?","AVR","?","E","?","?","?","NM","?","?","T","?","BOSS","T","?","?","?","?","?","E","E","T","E","?","?","T","?","?","BOSS","T","?","?","?","?","?","E","?","?","?","?","T","T","?","?","BOSS","T","?","?","?","?","T","E","?","T","?","?","?","T","E","?","BOSS","E","T","T","BOSS"],"items_purchased_type":["Card","Card","Relic","Relic","Relic","Relic","Card","Relic","Relic","Relic","Relic","Relic","Relic","Relic","Relic","Relic","Relic","Relic","Relic","Relic","Relic","Relic","Relic","Relic","Relic","Relic","Relic","Relic","Card"],"build_version":"2020-12-22","purchased_purges":12,"victory":false,"max_hp_per_floor":[70,70,70,70,70,70,70,70,70,70,70,70,70,70,70,70,70,70,70,70,53,53,53,53,53,53,53,53,53,63,63,63,63,63,63,63,63,63,63,63,63,63,63,63,63,71,71,71,71,71,71,71,71,71,71,71,71,71,71,71,71,71,71,71,71,71,71,71,71,71,71,71,71,71,71,71,71,71,71,71,76,76,76,76,76,76,76,76,76,76,76,76,76,76,76,76,76,76,76,76,76,76,76,76,76,76,76,76,76,76,76,76,76,76,76,77,78,79,79,79,80,81,82,83,83,84,85,85,86,87,92,92,93,94,95,95,95,96,97,98,99,99,100,101,101,101,102,103,103,104,105,106,106,107,107,107,107,107,107],"card_choices":[{"not_picked":["Specialist","Mind Blast"],"picked":"Jack Of All Trades","floor":0.0},{"not_picked":["bronze:FollowUp","bronze:Invalidate","bronze:Shield"],"picked":"SKIP","floor":2.0},{"not_picked":["bronze:Repair","bronze:Fortify","bronze:BugBarrage"],"picked":"SKIP","floor":3.0},{"not_picked":["bronze:Terminator","bronze:WhirlingStrike"],"picked":"bronze:OilSpill","floor":4.0},{"not_picked":["bronze:Frontload","bronze:BuggyMess","bronze:Shield"],"picked":"SKIP","floor":6.0},{"not_picked":["bronze:Break","bronze:Flail","bronze:Shield"],"picked":"SKIP","floor":8.0},{"not_picked":["bronze:BitShift","bronze:Allocate"],"picked":"bronze:ForceShield","floor":9.0},{"not_picked":["bronze:BitShift","bronze:Fortify"],"picked":"bronze:Branch","floor":11.0},{"not_picked":["bronze:TinkerersToolbox","bronze:DarkDash"],"picked":"bronze:DelayedGuard","floor":12.0},{"not_picked":["bronze:Optimize","bronze:ClassDefault"],"picked":"bronze:Branch","floor":13.0},{"not_picked":["bronze:CloningBeam","bronze:DelayedSlice"],"picked":"bronze:Iterate","floor":14.0},{"not_picked":["bronze:WildBeam","bronze:Shield"],"picked":"bronze:OilSpill","floor":15.0},{"not_picked":["bronze:DarkDash","bronze:DelayedGuard","bronze:Deprecate+1"],"picked":"SKIP","floor":19.0},{"not_picked":["infinitespire:Fortify","infinitespire:TheBestDefense"],"picked":"ReplayTheSpireMod:Chaos Vortex","floor":20.0},{"not_picked":["bronze:Shell","bronze:CloningBeam+1"],"picked":"bronze:WhirlingStrike","floor":23.0},{"not_picked":["bronze:Frontload","bronze:DelayedSlice+1","bronze:WildBeam"],"picked":"SKIP","floor":26.0},{"not_picked":["bronze:ForLoop+1","bronze:Iterate+1","bronze:ChildClass"],"picked":"SKIP","floor":27.0},{"not_picked":["bronze:HyperBeam","bronze:Refactor+1"],"picked":"bronze:CutThrough","floor":28.0},{"not_picked":["bronze:BuggyMess","bronze:Backtrace+1"],"picked":"bronze:Turbo","floor":29.0},{"not_picked":["bronze:BronzeOrb","bronze:BugBarrage+1","bronze:Iterate"],"picked":"SKIP","floor":31.0},{"not_picked":["bronze:DelayedSlice+1","bronze:Deprecate"],"picked":"bronze:Constructor","floor":32.0},{"not_picked":["bronze:AlphaBuild","bronze:SpaghettiCode"],"picked":"bronze:HardenedForm","floor":33.0},{"not_picked":["bronze:Boost+1","bronze:CutThrough"],"picked":"bronze:InfiniteBeams","floor":36.0},{"not_picked":["bronze:BugBarrage+1","bronze:Overload"],"picked":"bronze:Iterate","floor":37.0},{"not_picked":["bronze:Overload+1","bronze:Overheat","bronze:Iterate"],"picked":"SKIP","floor":38.0},{"not_picked":["bronze:CloningBeam+1","bronze:Boost"],"picked":"bronze:WildBeam+1","floor":40.0},{"not_picked":["bronze:NullPointer","bronze:ThunderWave","bronze:BugBarrage+1"],"picked":"SKIP","floor":42.0},{"not_picked":["bronze:Overload+1","bronze:BugBarrage"],"picked":"bronze:Iterate","floor":43.0},{"not_picked":["bronze:DigitalCarnage","bronze:FollowUp+1"],"picked":"bronze:BronzeOrb+1","floor":45.0},{"not_picked":["bronze:Boost+1","bronze:GetLatest"],"picked":"bronze:Branch+1","floor":45.0},{"not_picked":["bronze:Separator+1","bronze:Return"],"picked":"bronze:BronzeOrb","floor":45.0},{"not_picked":["bronze:Frontload","bronze:WildBeam"],"picked":"bronze:Separator+1","floor":45.0},{"not_picked":["bronze:BitShift","bronze:DigitalCarnage+1"],"picked":"bronze:Overheat","floor":47.0},{"not_picked":["bronze:Repulsor+1","bronze:Virus","bronze:Constructor+1"],"picked":"SKIP","floor":48.0},{"not_picked":["bronze:Virus","bronze:Constructor+1"],"picked":"bronze:Repulsor+1","floor":48.0},{"not_picked":["bronze:DelayedSlice","bronze:WhirlingStrike"],"picked":"bronze:Turbo","floor":53.0},{"not_picked":["bronze:Return","bronze:Overheat","bronze:Backtrace"],"picked":"SKIP","floor":54.0},{"not_picked":["bronze:Overload","bronze:Fortify","bronze:Deprecate"],"picked":"SKIP","floor":55.0},{"not_picked":["bronze:Constructor","bronze:Overheat"],"picked":"bronze:OilSpill","floor":56.0},{"not_picked":["bronze:Iterate","bronze:Boost","bronze:Shield"],"picked":"SKIP","floor":57.0},{"not_picked":["bronze:DarkDash","bronze:DelayedGuard"],"picked":"bronze:Library","floor":59.0},{"not_picked":["bronze:Philosophize","bronze:BugBarrage"],"picked":"bronze:BronzeOrb","floor":61.0},{"not_picked":["bronze:Overheat","bronze:Repulsor","bronze:WildBeam"],"picked":"SKIP","floor":63.0},{"not_picked":["bronze:Boost","bronze:Constructor","bronze:DelayedSlice"],"picked":"SKIP","floor":66.0},{"not_picked":["bronze:Invalidate","bronze:BuggyMess"],"picked":"bronze:GetLatest+1","floor":70.0},{"not_picked":["bronze:DelayedGuard","bronze:Deprecate","bronze:Overload"],"picked":"SKIP","floor":73.0},{"not_picked":["bronze:InfiniteBeams","bronze:Allocate+1","bronze:Return+1"],"picked":"SKIP","floor":75.0},{"not_picked":["bronze:Repair+1","bronze:BitShift","bronze:Boost+1"],"picked":"SKIP","floor":77.0},{"not_picked":["bronze:Boost","bronze:BugBarrage+1","bronze:Overheat"],"picked":"SKIP","floor":79.0},{"not_picked":["bronze:DelayedSlice","bronze:BugBarrage"],"picked":"bronze:ForceShield+1","floor":80.0},{"not_picked":["bronze:Separator","bronze:MaxOutput","bronze:Iterate"],"picked":"SKIP","floor":83.0},{"not_picked":["bronze:TinkerersToolbox","bronze:Mutator"],"picked":"bronze:AlphaBuild","floor":84.0},{"not_picked":["bronze:Repair","bronze:ChildClass","bronze:Refactor+1"],"picked":"SKIP","floor":87.0},{"not_picked":["bronze:DelayedGuard+1","bronze:Repulsor","bronze:Deprecate"],"picked":"SKIP","floor":88.0},{"not_picked":["bronze:BitShift","bronze:Branch"],"picked":"bronze:Allocate+1","floor":89.0},{"not_picked":["bronze:Branch","bronze:Allocate","bronze:MaxOutput"],"picked":"SKIP","floor":91.0},{"not_picked":["bronze:FineTuning","bronze:Refactor+1","bronze:Format"],"picked":"SKIP","floor":92.0},{"not_picked":["bronze:Invalidate+1","bronze:Deprecate","bronze:Repair+1"],"picked":"SKIP","floor":93.0},{"not_picked":["bronze:Refactor","bronze:Overheat+1","bronze:Repair"],"picked":"SKIP","floor":94.0},{"not_picked":["bronze:Invalidate","bronze:CutThrough","bronze:Return+1"],"picked":"SKIP","floor":95.0},{"not_picked":["bronze:Iterate","bronze:Flail+1","bronze:ThunderWave"],"picked":"SKIP","floor":96.0},{"not_picked":["bronze:Branch","bronze:Boost+1","bronze:BuggyMess"],"picked":"SKIP","floor":97.0},{"not_picked":["bronze:Backtrace","bronze:Branch"],"picked":"bronze:OilSpill+1","floor":98.0},{"not_picked":["bronze:Shield","bronze:DarkDash+1","bronze:CutThrough"],"picked":"SKIP","floor":100.0},{"not_picked":["bronze:CloningBeam","bronze:ClassDefault","bronze:Turbo"],"picked":"SKIP","floor":104},{"not_picked":["bronze:MaxOutput","bronze:DigitalCarnage","bronze:Boost"],"picked":"SKIP","floor":106},{"not_picked":["bronze:Refactor","bronze:ForLoop","bronze:Separator"],"picked":"SKIP","floor":107},{"not_picked":["bronze:BugBarrage","bronze:GetLatest","bronze:Flail"],"picked":"SKIP","floor":108},{"not_picked":["bronze:BugBarrage","bronze:BurnOut","bronze:Refactor"],"picked":"SKIP","floor":109},{"not_picked":["bronze:Hardcode","bronze:ClassDefault","bronze:ItsAFeature"],"picked":"SKIP","floor":110},{"not_picked":["bronze:Invalidate","bronze:DelayedGuard","bronze:Branch"],"picked":"SKIP","floor":112},{"not_picked":["bronze:DigitalCarnage","bronze:Repair"],"picked":"bronze:WhirlingStrike","floor":116},{"not_picked":["bronze:Overheat","bronze:FineTuning","bronze:Constructor"],"picked":"SKIP","floor":117},{"not_picked":["bronze:ThunderWave","bronze:ShipIt"],"picked":"bronze:Verify","floor":118},{"not_picked":["bronze:Deprecate+1"],"picked":"SKIP","floor":121},{"not_picked":["bronze:Safeguard"],"picked":"SKIP","floor":122},{"not_picked":["bronze:Fortify+1"],"picked":"SKIP","floor":123},{"not_picked":["bronze:DelayedSlice"],"picked":"SKIP","floor":124},{"not_picked":["bronze:Frontload"],"picked":"SKIP","floor":126},{"not_picked":["bronze:Turbo"],"picked":"SKIP","floor":129},{"not_picked":["bronze:Turbo"],"picked":"SKIP","floor":130},{"not_picked":["bronze:ForceShield+1"],"picked":"SKIP","floor":133},{"not_picked":["bronze:ChildClass"],"picked":"SKIP","floor":134},{"not_picked":["bronze:DelayedSlice"],"picked":"SKIP","floor":138},{"not_picked":["bronze:BuggyMess"],"picked":"SKIP","floor":139},{"not_picked":["bronze:Allocate+1"],"picked":"SKIP","floor":140},{"not_picked":["bronze:Backtrace+1"],"picked":"SKIP","floor":141},{"not_picked":["bronze:Refactor+1"],"picked":"SKIP","floor":143},{"not_picked":["bronze:Refactor+1"],"picked":"SKIP","floor":143},{"not_picked":["bronze:BuggyMess"],"picked":"SKIP","floor":144},{"not_picked":["bronze:BronzeOrb+1"],"picked":"SKIP","floor":147},{"not_picked":["bronze:Repulsor+1"],"picked":"SKIP","floor":148},{"not_picked":["bronze:Constructor"],"picked":"SKIP","floor":150},{"not_picked":["bronze:OilSpill"],"picked":"SKIP","floor":151},{"not_picked":["bronze:OilSpill"],"picked":"SKIP","floor":151},{"not_picked":[],"picked":"bronze:InfiniteLoop","floor":152},{"not_picked":["bronze:CutThrough+1"],"picked":"SKIP","floor":154}],"player_experience":515278,"relics_obtained":[{"floor":1.0,"key":"HornCleat"},{"floor":6.0,"key":"Replay:Bottled Eggs"},{"floor":7.0,"key":"bronze:CableSpool"},{"floor":8.0,"key":"infinitespire:CursedDice"},{"floor":24.0,"key":"Matryoshka"},{"floor":25.0,"key":"Replay:Rubber Ducky"},{"floor":29.0,"key":"wanderingMiniBosses:CarrionFlame"},{"floor":31.0,"key":"CeramicFish"},{"floor":37.0,"key":"Dead Branch"},{"floor":41.0,"key":"Kunai"},{"floor":41.0,"key":"Pen Nib"},{"floor":43.0,"key":"InkBottle"},{"floor":44.0,"key":"Grinning Jar"},{"floor":48.0,"key":"ReplayTheSpireMod:Shallot"},{"floor":58.0,"key":"Tiny Chest"},{"floor":72.0,"key":"downfall:GremlinWheel"},{"floor":82.0,"key":"Incense Burner"},{"floor":82.0,"key":"Mirror"},{"floor":111,"key":"Orichalcum"},{"floor":127,"key":"Replay:Kaleidoscope"},{"floor":127,"key":"Replay:Accelerometer"},{"floor":128,"key":"The Courier"},{"floor":142,"key":"Replay:Bandana"},{"floor":146,"key":"Ring of Hypnosis"},{"floor":149,"key":"Potion Belt"},{"floor":156,"key":"Iron Hammer"}],"event_choices":[{"damage_healed":0,"gold_gain":0,"player_choice":"Relic","damage_taken":0,"max_hp_gain":0,"max_hp_loss":0,"event_name":"Wheel of Change","floor":111,"gold_loss":0},{"damage_healed":0,"gold_gain":0,"player_choice":"Trade","damage_taken":0,"relics_obtained":["FaceOfCleric"],"max_hp_gain":0,"max_hp_loss":0,"event_name":"FaceTrader","floor":114,"gold_loss":0},{"damage_healed":0,"gold_gain":0,"player_choice":"Relic","damage_taken":0,"max_hp_gain":0,"max_hp_loss":0,"event_name":"Wheel of Change","floor":128,"gold_loss":0}],"is_beta":false,"boss_relics":[{"not_picked":["ReplayTheSpireMod:SealedPack","Philosopher\u0027s Stone"],"picked":"infinitespire:Cupcake"},{"not_picked":["Pandora\u0027s Box","Runic Pyramid"],"picked":"bronze:PlatinumCore"},{"not_picked":["Snecko Heart","Runic Dome"],"picked":"Black Star"},{"not_picked":["Abe\u0027s Treasure","Fusion Hammer"],"picked":"Philosopher\u0027s Stone"},{"not_picked":["Snecko Eye","Pandora\u0027s Box","Honey Jar"]},{"not_picked":["Coffee Dripper","Replay:Wanted Poster"],"picked":"bronze:ElectromagneticCoil"},{"not_picked":["expansioncontent:StudyCardRelic","Astrolabe"],"picked":"Busted Crown"},{"not_picked":["ChewingGum","Abe\u0027s Treasure"],"picked":"Replay:Grab Bag"},{"not_picked":["Runic Dome","bronze:MakeshiftBattery"],"picked":"Replay:Wanted Poster"},{"not_picked":["ReplayTheSpireMod:DimensionalGlitch","Replay:Bronze Core"],"picked":"Sozu"},{"not_picked":["Snecko Heart","Pandora\u0027s Box"],"picked":"Ring of Chaos"},{"not_picked":["Calling Bell","ReplayTheSpireMod:SealedPack"],"picked":"SacredBark"}],"items_purged_floors":[12,21,40,57,62,74,81,90,99,131,145,155],"is_endless":true,"potions_floor_spawned":[4,9,13,14,15,16,27,28,32,38,47,48,50,53,56,63,66,67,72,73,80,83,84,87,89,91,93,98,100,101,104,107,108,116,121,123,124,134,143,147,148,151,152],"killed_by":"IC_STATUS_ARCHETYPE","ascension_level":3}}