{"host":"ghnln56zhm0b0ozo","time":1614093016,"event":{"mods":["Bard","BaseMod","Block Reminder","Hermit","Marisa????????","Minty Spire (QoL Compilation)","Potionbrewer","Prisma Mod","READ ME - Snecko Mod","Rare Cards Sparkle","Relic Stats","StSLib","The Bug Knight","The Cursed","The Death Knight","The Forsaken","The Servant 0.9.4","The Wild Card","TheVacant","Waifu the Spire"],"gold_per_floor":[209,179,196,196,207,239,239,265,265,440,455,455,474,512,512,641,641,662,662,310,310,310,310,337,352,352,368,378,390,390,404,404,404,404],"floor_reached":33,"language":"ENG","playtime":1641,"items_purged":["Doubt"],"score":301,"play_id":"10531c00-a834-4a92-afa3-e1494ff56c80","local_time":"20210223171016","is_ascension_mode":true,"campfire_choices":[{"floor":7,"key":"REST"},{"floor":15,"key":"REST"},{"data":"HollowMod:VengefulSpirit","floor":23,"key":"SMITH"},{"floor":32,"key":"REST"}],"circlet_count":0,"master_deck":["HollowMod:NailStrikeStart+1","HollowMod:NailStrikeStart","HollowMod:NailStrikeStart","HollowMod:NailStrikeStart+1","HollowMod:QuickDashStart","HollowMod:QuickDashStart","HollowMod:QuickDashStart","HollowMod:QuickDashStart","HollowMod:FocusHealStart","HollowMod:PogoStrike","HollowMod:CloakDash","HollowMod:SoulSplash","HollowMod:DashSlash","HollowMod:SharpenedNail","HollowMod:SoulVessel","HollowMod:MantisMark","Injury","HollowMod:HowlingWraiths","HollowMod:VengefulSpirit+1","HollowMod:ZotesMagnificence","HollowMod:ChannelNail+1","HollowMod:DoubleDash+1","HollowMod:HeavyBlow","HollowMod:HowlingWraiths+1","HollowMod:SoulSplash","HollowMod:DashSlash+1"],"relics":["HollowMod:VesselMask","Whetstone","Mercury Hourglass","Lantern","Bloody Idol","HollowMod:StagPassRelic","potionbrewer:BhaskarasWheel","Enchiridion","Mummified Hand","potionbrewer:WarMedal","Prayer Wheel","Molten Egg 2"],"acts_visited":["Exordium","TheCity"],"potions_floor_usage":[24,28,33],"damage_taken":[{"damage":4,"enemies":"Cultist","floor":1,"turns":4},{"damage":0,"enemies":"Small Slimes","floor":3,"turns":3},{"damage":2,"enemies":"2 Louse","floor":5,"turns":2},{"damage":36,"enemies":"Lagavulin","floor":6,"turns":8},{"damage":21,"enemies":"3 Sentries","floor":8,"turns":9},{"damage":0,"enemies":"Large Slime","floor":11,"turns":4},{"damage":0,"enemies":"3 Louse","floor":13,"turns":2},{"damage":36,"enemies":"Lagavulin","floor":14,"turns":6},{"damage":99,"enemies":"The Guardian","floor":16,"turns":14},{"damage":0,"enemies":"Chosen","floor":18,"turns":4},{"damage":21,"enemies":"Slavers","floor":24,"turns":5},{"damage":1,"enemies":"Shell Parasite","floor":25,"turns":2},{"damage":17,"enemies":"Snecko","floor":27,"turns":4},{"damage":7,"enemies":"Snake Plant","floor":28,"turns":3},{"damage":0,"enemies":"Chosen and Byrds","floor":29,"turns":3},{"damage":9,"enemies":"3 Cultists","floor":31,"turns":4},{"damage":73,"enemies":"Automaton","floor":33,"turns":10}],"seed_played":"-1754919022416162181","potions_obtained":[{"floor":1,"key":"FairyPotion"},{"floor":2,"key":"potionbrewer:QuicksilverPotion"},{"floor":2,"key":"DeathKnight:RimePotion"},{"floor":13,"key":"FairyPotion"},{"floor":24,"key":"GamblersBrew"},{"floor":27,"key":"DuplicationPotion"},{"floor":28,"key":"potionbrewer:HastePotion"}],"is_trial":false,"path_per_floor":["M","?","M","?","M","E","R","E","T","?","M","?","M","E","R","B",null,"M","?","$","?","?","R","E","M","T","M","M","M","?","M","R","B"],"character_chosen":"THE_BUGKNIGHT","items_purchased":["Mummified Hand","HollowMod:ChannelNail"],"campfire_rested":3,"item_purchase_floors":[20,20],"current_hp_per_floor":[71,71,71,71,69,39,61,50,50,50,56,56,56,26,48,7,75,75,59,59,59,59,59,43,47,47,35,33,38,38,34,56,0,0],"gold":404,"neow_bonus":"HUNDRED_GOLD","is_daily":false,"chose_seed":false,"campfire_upgraded":1,"win_rate":0.0,"timestamp":1614093016,"path_taken":["M","?","?","?","M","E","R","E","T","?","M","?","M","E","R","BOSS","M","?","$","?","?","R","E","M","T","?","M","M","?","M","R","BOSS"],"items_purchased_type":["Relic","Card"],"build_version":"2020-12-22","purchased_purges":1,"victory":false,"max_hp_per_floor":[75,75,75,75,75,75,75,75,75,75,75,75,75,75,75,75,75,75,75,75,75,75,75,75,75,75,75,75,75,75,75,75,75,75],"relic_stats":{"counters":[46,208],"Mummified Hand":[9],"Bloody Idol":30,"Prayer Wheel":5,"obtain_stats":[{"Lantern":9,"potionbrewer:WarMedal":22,"Golden Idol":12,"Enchiridion":19,"HollowMod:VesselMask":0,"potionbrewer:BhaskarasWheel":17,"Whetstone":6,"HollowMod:StagPassRelic":14,"Mercury Hourglass":8,"Mummified Hand":20,"Bloody Idol":21,"Prayer Wheel":24,"Molten Egg 2":26},{"Lantern":34,"potionbrewer:WarMedal":39,"Golden Idol":35,"Enchiridion":39,"HollowMod:VesselMask":0,"potionbrewer:BhaskarasWheel":38,"Whetstone":33,"HollowMod:StagPassRelic":37,"Mercury Hourglass":34,"Mummified Hand":39,"Bloody Idol":39,"Prayer Wheel":40,"Molten Egg 2":41},{"Lantern":147,"potionbrewer:WarMedal":177,"Golden Idol":151,"Enchiridion":177,"HollowMod:VesselMask":0,"potionbrewer:BhaskarasWheel":173,"Whetstone":138,"HollowMod:StagPassRelic":159,"Mercury Hourglass":147,"Mummified Hand":177,"Bloody Idol":177,"Prayer Wheel":182,"Molten Egg 2":184}],"Mercury Hourglass":[225]},"card_choices":[{"not_picked":["HollowMod:SharpenedShadows","HollowMod:LifebloodCocoon"],"picked":"HollowMod:CloakDash","floor":1},{"not_picked":["HollowMod:HeavyBlow","HollowMod:DungDefenderAura"],"picked":"HollowMod:SoulSplash","floor":3},{"not_picked":["HollowMod:WraithStrike","HollowMod:VengefulVoid"],"picked":"HollowMod:DashSlash","floor":5},{"not_picked":["HollowMod:DashSlash","HollowMod:LuriensSpire"],"picked":"HollowMod:SharpenedNail","floor":6},{"not_picked":["HollowMod:InfectedAttack","HollowMod:NewLittleFool"],"picked":"HollowMod:SoulVessel","floor":8},{"not_picked":["HollowMod:WraithStrike","HollowMod:DreamGate"],"picked":"HollowMod:MantisMark","floor":11},{"not_picked":["HollowMod:CycloneSlash","HollowMod:HeavyBlow"],"picked":"HollowMod:HowlingWraiths","floor":13},{"not_picked":["HollowMod:CrystalDash","HollowMod:SoulSplash"],"picked":"HollowMod:VengefulSpirit","floor":14},{"not_picked":["HollowMod:VoidDash","HollowMod:theNailsmith"],"picked":"HollowMod:ZotesMagnificence","floor":16},{"not_picked":["HollowMod:NewLittleFool","HollowMod:BlackTendrils","HollowMod:WraithStrike"],"picked":"SKIP","floor":18},{"not_picked":["HollowMod:NewJinnsSoul","HollowMod:CloakDash"],"picked":"HollowMod:DoubleDash+1","floor":24},{"not_picked":["HollowMod:MantisMark+1","HollowMod:SlysStrikes"],"picked":"HollowMod:HeavyBlow","floor":25},{"not_picked":["HollowMod:HeavyBlow","HollowMod:DreamGate","HollowMod:SiblingsShadow"],"picked":"SKIP","floor":25},{"not_picked":["HollowMod:CloakDash","HollowMod:NewLittleFool+1"],"picked":"HollowMod:HowlingWraiths+1","floor":27},{"not_picked":["HollowMod:GrimmsGift","HollowMod:InfectionAssault+1","HollowMod:WraithStrike+1"],"picked":"SKIP","floor":27},{"not_picked":["HollowMod:MantisMark","HollowMod:NewLittleFool+1"],"picked":"HollowMod:SoulSplash","floor":28},{"not_picked":["HollowMod:TaintedHusks","HollowMod:DungDefenderAura","HollowMod:SiblingsSouls+1"],"picked":"SKIP","floor":28},{"not_picked":["HollowMod:CloakDash","HollowMod:LifebloodCocoon","HollowMod:PerfectDash"],"picked":"SKIP","floor":29},{"not_picked":["HollowMod:BlackTendrils+1","HollowMod:HuntersJournal","HollowMod:CornifersMapStart"],"picked":"SKIP","floor":29},{"not_picked":["HollowMod:HeavyBlow+1","HollowMod:NewGlowingWomb"],"picked":"HollowMod:DashSlash+1","floor":31},{"not_picked":["HollowMod:CoiledNail+1","HollowMod:LifebloodCore","HollowMod:ShadowDash+1"],"picked":"SKIP","floor":31}],"player_experience":183301,"relics_obtained":[{"floor":6,"key":"Whetstone"},{"floor":8,"key":"Mercury Hourglass"},{"floor":9,"key":"Lantern"},{"floor":14,"key":"HollowMod:StagPassRelic"},{"floor":19,"key":"Enchiridion"},{"floor":24,"key":"Prayer Wheel"},{"floor":26,"key":"Molten Egg 2"}],"event_choices":[{"damage_healed":0,"gold_gain":0,"player_choice":"Bought 2 Potions","damage_taken":0,"max_hp_gain":0,"max_hp_loss":0,"event_name":"The Woman in Blue","floor":2,"gold_loss":0},{"damage_healed":0,"gold_gain":0,"player_choice":"Leave","damage_taken":0,"max_hp_gain":0,"max_hp_loss":0,"event_name":"The Cleric","floor":4,"gold_loss":0},{"damage_healed":0,"gold_gain":175,"player_choice":"AGREE","damage_taken":0,"max_hp_gain":0,"max_hp_loss":0,"event_name":"Liars Game","floor":10,"gold_loss":0,"cards_obtained":["Doubt"]},{"damage_healed":0,"gold_gain":0,"player_choice":"Take Wound","damage_taken":0,"relics_obtained":["Golden Idol"],"max_hp_gain":0,"max_hp_loss":0,"event_name":"Golden Idol","floor":12,"gold_loss":0,"cards_obtained":["Injury"]},{"damage_healed":0,"gold_gain":0,"player_choice":"Obtained Book","damage_taken":16,"max_hp_gain":0,"max_hp_loss":0,"event_name":"Cursed Tome","floor":19,"gold_loss":0},{"damage_healed":0,"gold_gain":0,"player_choice":"Gave Idol","damage_taken":0,"relics_obtained":["Bloody Idol"],"max_hp_gain":0,"max_hp_loss":0,"event_name":"Forgotten Altar","floor":21,"relics_lost":["Golden Idol"],"gold_loss":0},{"damage_healed":0,"gold_gain":0,"player_choice":"Opened","damage_taken":0,"relics_obtained":["potionbrewer:WarMedal"],"max_hp_gain":0,"max_hp_loss":0,"event_name":"The Mausoleum","floor":22,"gold_loss":0},{"damage_healed":0,"gold_gain":0,"player_choice":"Ignored","damage_taken":0,"max_hp_gain":0,"max_hp_loss":0,"event_name":"Transmorgrifier","floor":30,"gold_loss":0}],"is_beta":false,"boss_relics":[{"not_picked":["Sozu","Runic Dome"],"picked":"potionbrewer:BhaskarasWheel"}],"items_purged_floors":[20],"is_endless":false,"potions_floor_spawned":[1,3,13,24,27,28],"killed_by":"Automaton","ascension_level":1}}