{"host":"7nm1ow5v9mg4ehcw","time":1614095303,"event":{"mods":["BaseMod","Minty Spire (QoL Compilation)","Relic Stats","StSLib"],"gold_per_floor":[111,111,111,127,144,144,154,189,214,214,249,269,269,30,30,109,109,126,126,126,141,141,141,167,167,221,249,264,296,313,345,345,420,420,434,459,471,17,29,29,81,107,107,123,123,149,149,158,158,158,158,158,58,92,92],"floor_reached":56,"language":"ENG","playtime":4539,"items_purged":["Strike_G","Writhe","Strike_G+1"],"score":2415,"play_id":"f677d3b9-2aaf-4544-a5fe-45d50bacd15d","local_time":"20210223164823","is_ascension_mode":true,"campfire_choices":[{"data":"Noxious Fumes","floor":6.0,"key":"SMITH"},{"data":"Blade Dance","floor":10.0,"key":"SMITH"},{"data":"Blade Dance","floor":13.0,"key":"SMITH"},{"data":"After Image","floor":15.0,"key":"SMITH"},{"data":"Wraith Form v2","floor":23.0,"key":"SMITH"},{"data":"Calculated Gamble","floor":25.0,"key":"SMITH"},{"data":"Tools of the Trade","floor":32.0,"key":"SMITH"},{"floor":40.0,"key":"RECALL"},{"data":"Ghostly","floor":45.0,"key":"SMITH"},{"data":"Ghostly","floor":47.0,"key":"SMITH"},{"data":"Calculated Gamble","floor":49.0,"key":"SMITH"},{"data":"Phantasmal Killer","floor":52.0,"key":"SMITH"}],"circlet_count":0,"master_deck":["AscendersBane","Strike_G+1","Strike_G+1","Defend_G+1","Defend_G+1","Defend_G+1","Defend_G+1","Defend_G+1","Survivor+1","Neutralize","Flying Knee","Calculated Gamble+1","Escape Plan","Noxious Fumes+1","Quick Slash+1","Blade Dance+1","Dagger Spray+1","Blade Dance+1","After Image+1","Wraith Form v2+1","Leg Sweep","Deflect","Ghostly+1","Ghostly+1","Ghostly+1","Prepared","Grand Finale","Calculated Gamble+1","Terror","Tools of the Trade+1","PiercingWail","Phantasmal Killer+1","Backflip","Blur","Caltrops+1","Dark Shackles"],"relics":["Ring of the Snake","Happy Flower","Pen Nib","Vajra","Lantern","Odd Mushroom","Runic Pyramid","The Courier","Bag of Preparation","Juzu Bracelet","Calipers","War Paint","Strawberry","HoveringKite","Ice Cream","ClockworkSouvenir","Blood Vial","Whetstone","Blue Candle","CeramicFish","Toy Ornithopter"],"acts_visited":["Exordium","TheCity","TheBeyond","TheEnding"],"potions_floor_usage":[55,55],"damage_taken":[{"damage":0.0,"enemies":"Small Slimes","floor":1.0,"turns":7.0},{"damage":2.0,"enemies":"Jaw Worm","floor":4.0,"turns":4.0},{"damage":0.0,"enemies":"2 Louse","floor":5.0,"turns":6.0},{"damage":0.0,"enemies":"Blue Slaver","floor":7.0,"turns":4.0},{"damage":9.0,"enemies":"3 Sentries","floor":8.0,"turns":8.0},{"damage":0.0,"enemies":"Gremlin Nob","floor":11.0,"turns":2.0},{"damage":5.0,"enemies":"The Mushroom Lair","floor":12.0,"turns":3.0},{"damage":13.0,"enemies":"Hexaghost","floor":16.0,"turns":8.0},{"damage":0.0,"enemies":"Chosen","floor":18.0,"turns":5.0},{"damage":0.0,"enemies":"Spheric Guardian","floor":21.0,"turns":4.0},{"damage":0.0,"enemies":"Book of Stabbing","floor":24.0,"turns":6.0},{"damage":0.0,"enemies":"Slavers","floor":27.0,"turns":6.0},{"damage":0.0,"enemies":"Centurion and Healer","floor":28.0,"turns":5.0},{"damage":0.0,"enemies":"Gremlin Leader","floor":29.0,"turns":5.0},{"damage":0.0,"enemies":"Snake Plant","floor":30.0,"turns":4.0},{"damage":0.0,"enemies":"Book of Stabbing","floor":31.0,"turns":7.0},{"damage":1.0,"enemies":"Collector","floor":33.0,"turns":7.0},{"damage":0.0,"enemies":"Orb Walker","floor":35.0,"turns":5.0},{"damage":0.0,"enemies":"Mind Bloom Boss Battle","floor":36.0,"turns":7.0},{"damage":0.0,"enemies":"3 Darklings","floor":37.0,"turns":6.0},{"damage":0.0,"enemies":"Sphere and 2 Shapes","floor":39.0,"turns":3.0},{"damage":0.0,"enemies":"2 Orb Walkers","floor":41.0,"turns":6.0},{"damage":0.0,"enemies":"Nemesis","floor":42.0,"turns":7.0},{"damage":0.0,"enemies":"4 Shapes","floor":44.0,"turns":7.0},{"damage":0.0,"enemies":"Giant Head","floor":46.0,"turns":5.0},{"damage":2.0,"enemies":"Time Eater","floor":50.0,"turns":8.0},{"damage":0.0,"enemies":"Shield and Spear","floor":54.0,"turns":5.0},{"damage":2,"enemies":"The Heart","floor":55,"turns":11}],"seed_played":"8846095066231693509","potions_obtained":[{"floor":4.0,"key":"Poison Potion"},{"floor":5.0,"key":"AttackPotion"},{"floor":12.0,"key":"SkillPotion"},{"floor":18.0,"key":"SteroidPotion"},{"floor":39.0,"key":"PowerPotion"}],"is_trial":false,"path_per_floor":["M","?","?","M","M","R","M","E","T","R","E","?","R","$","R","B",null,"M","?","?","M","?","R","E","R","T","E","M","E","M","E","R","B",null,"M","?","M","$","M","R","?","E","T","M","R","E","R","?","R","B",null,"R","$","E","B",null],"character_chosen":"THE_SILENT","items_purchased":["After Image","ClockworkSouvenir","Blood Vial","Whetstone"],"campfire_rested":0,"item_purchase_floors":[14,38,38,38],"current_hp_per_floor":[59,59,64,62,62,62,62,53,53,53,53,48,48,48,48,35,62,62,62,62,62,35,35,35,35,35,35,35,35,35,42,42,41,42,42,42,42,42,42,42,42,42,42,42,42,42,42,42,42,40,42,42,42,42,42],"gold":92,"neow_bonus":"RANDOM_COMMON_RELIC","is_daily":false,"chose_seed":false,"campfire_upgraded":11,"win_rate":0.0,"timestamp":1614095303,"path_taken":["M","?","?","M","M","R","M","E","T","R","E","?","R","$","R","BOSS","M","?","?","M","?","R","E","R","T","E","M","E","M","E","R","BOSS","M","?","M","$","M","R","?","E","T","M","R","E","R","?","R","BOSS","R","$","E","BOSS"],"items_purchased_type":["Card","Relic","Relic","Relic"],"build_version":"2020-12-22","purchased_purges":3,"victory":true,"max_hp_per_floor":[66,66,71,71,71,71,71,71,71,71,71,71,71,71,71,71,71,71,71,71,71,35,35,35,35,35,35,35,35,35,42,42,42,42,42,42,42,42,42,42,42,42,42,42,42,42,42,42,42,42,42,42,42,42,42],"relic_stats":{"Happy Flower":[53],"counters":[28,161],"Blue Candle":[0],"CeramicFish":9,"HoveringKite":[46],"Pen Nib":[35],"Bag of Preparation":[34],"Juzu Bracelet":0,"Whetstone":["Dagger Spray","Quick Slash"],"War Paint":["Survivor","Ghostly"],"Blood Vial":0,"obtain_stats":[{"Ice Cream":36,"Lantern":11,"Calipers":27,"Happy Flower":0,"Blue Candle":42,"CeramicFish":46,"Vajra":9,"HoveringKite":34,"Pen Nib":8,"The Courier":19,"Bag of Preparation":24,"Juzu Bracelet":26,"Whetstone":38,"Odd Mushroom":12,"War Paint":29,"ClockworkSouvenir":38,"Blood Vial":38,"Strawberry":31,"Toy Ornithopter":54,"Ring of the Snake":0,"Runic Pyramid":17},{"Ice Cream":19,"Lantern":6,"Calipers":12,"Happy Flower":0,"Blue Candle":23,"CeramicFish":25,"Vajra":5,"HoveringKite":17,"Pen Nib":5,"The Courier":9,"Bag of Preparation":11,"Juzu Bracelet":11,"Whetstone":20,"Odd Mushroom":7,"War Paint":14,"ClockworkSouvenir":20,"Blood Vial":20,"Strawberry":16,"Toy Ornithopter":27,"Ring of the Snake":0,"Runic Pyramid":8},{"Ice Cream":103,"Lantern":31,"Calipers":63,"Happy Flower":0,"Blue Candle":125,"CeramicFish":137,"Vajra":29,"HoveringKite":91,"Pen Nib":29,"The Courier":47,"Bag of Preparation":57,"Juzu Bracelet":57,"Whetstone":109,"Odd Mushroom":34,"War Paint":73,"ClockworkSouvenir":109,"Blood Vial":109,"Strawberry":84,"Toy Ornithopter":150,"Ring of the Snake":0,"Runic Pyramid":42}],"Toy Ornithopter":2,"Ring of the Snake":[56]},"card_choices":[{"not_picked":["Crippling Poison","Leg Sweep"],"picked":"Flying Knee","floor":1.0},{"not_picked":["Backflip","Endless Agony"],"picked":"Escape Plan","floor":4.0},{"not_picked":["Dagger Throw","Quick Slash"],"picked":"Noxious Fumes","floor":5.0},{"not_picked":["Reflex","Heel Hook"],"picked":"Quick Slash","floor":7.0},{"not_picked":["Sucker Punch","Accuracy"],"picked":"Blade Dance","floor":8.0},{"not_picked":["Choke","Prepared"],"picked":"Dagger Spray","floor":11.0},{"not_picked":["Acrobatics","Flying Knee"],"picked":"Blade Dance","floor":12.0},{"not_picked":["Bullet Time","Glass Knife"],"picked":"Wraith Form v2","floor":16.0},{"not_picked":["Deadly Poison","Sucker Punch"],"picked":"Leg Sweep","floor":18.0},{"not_picked":["Acrobatics","Quick Slash"],"picked":"Deflect","floor":21.0},{"not_picked":["Bouncing Flask","Dagger Spray"],"picked":"Prepared","floor":24.0},{"not_picked":["PiercingWail","Backflip"],"picked":"Grand Finale","floor":27.0},{"not_picked":["Sucker Punch","Reflex"],"picked":"Calculated Gamble","floor":28.0},{"not_picked":["Acrobatics","Escape Plan"],"picked":"Terror","floor":29.0},{"not_picked":["Riddle With Holes","Finisher"],"picked":"Tools of the Trade","floor":30.0},{"not_picked":["Prepared","Corpse Explosion"],"picked":"PiercingWail","floor":31.0},{"not_picked":["Malaise","Tools of the Trade"],"picked":"Phantasmal Killer","floor":33.0},{"not_picked":["Flying Knee","Dagger Throw"],"picked":"Backflip","floor":35.0},{"not_picked":["Cloak And Dagger","Concentrate"],"picked":"Blur","floor":37.0},{"not_picked":["Flying Knee","Noxious Fumes+1","Deflect"],"picked":"SKIP","floor":39.0},{"not_picked":["Blur","Tactician","Dagger Throw"],"picked":"SKIP","floor":42.0},{"not_picked":["Sucker Punch","Doppelganger"],"picked":"Caltrops+1","floor":44.0},{"not_picked":["Underhanded Strike+1","Blade Dance","Quick Slash"],"picked":"SKIP","floor":46.0},{"not_picked":["Mind Blast","Finesse"],"picked":"Dark Shackles","floor":48.0},{"not_picked":["Infinite Blades+1","Backflip","Poisoned Stab"],"picked":"SKIP","floor":54.0}],"player_experience":404959,"relics_obtained":[{"floor":8.0,"key":"Pen Nib"},{"floor":9.0,"key":"Vajra"},{"floor":11.0,"key":"Lantern"},{"floor":12.0,"key":"Odd Mushroom"},{"floor":24.0,"key":"Bag of Preparation"},{"floor":26.0,"key":"Juzu Bracelet"},{"floor":27.0,"key":"Calipers"},{"floor":29.0,"key":"War Paint"},{"floor":31.0,"key":"Strawberry"},{"floor":36.0,"key":"Ice Cream"},{"floor":42.0,"key":"Blue Candle"},{"floor":46.0,"key":"CeramicFish"},{"floor":54.0,"key":"Toy Ornithopter"}],"event_choices":[{"damage_healed":0.0,"max_hp_gain":0.0,"max_hp_loss":0.0,"gold_gain":0.0,"cards_transformed":["Strike_G"],"event_name":"Living Wall","player_choice":"Change","floor":2.0,"gold_loss":0.0,"damage_taken":0.0,"cards_obtained":["Calculated Gamble"]},{"damage_healed":0.0,"max_hp_gain":5.0,"max_hp_loss":0.0,"gold_gain":0.0,"event_name":"Big Fish","player_choice":"Donut","floor":3.0,"gold_loss":0.0,"damage_taken":0.0},{"damage_healed":0.0,"max_hp_gain":0.0,"max_hp_loss":0.0,"gold_gain":0.0,"event_name":"Mushrooms","player_choice":"Fought Mushrooms","floor":12.0,"gold_loss":0.0,"damage_taken":0.0},{"damage_healed":0.0,"max_hp_gain":0.0,"max_hp_loss":0.0,"gold_gain":0.0,"event_name":"The Mausoleum","player_choice":"Opened","floor":19.0,"gold_loss":0.0,"damage_taken":0.0,"relics_obtained":["The Courier"],"cards_obtained":["Writhe"]},{"damage_healed":0.0,"max_hp_gain":0.0,"max_hp_loss":0.0,"gold_gain":0.0,"event_name":"Back to Basics","player_choice":"Simplicity","floor":20.0,"gold_loss":0.0,"damage_taken":0.0,"cards_upgraded":["Strike_G","Strike_G","Strike_G","Defend_G","Defend_G","Defend_G","Defend_G","Defend_G"]},{"damage_healed":0.0,"max_hp_gain":0.0,"max_hp_loss":36.0,"gold_gain":0.0,"event_name":"Ghosts","player_choice":"Became a Ghost","floor":22.0,"gold_loss":0.0,"damage_taken":0.0,"cards_obtained":["Ghostly","Ghostly","Ghostly"]},{"damage_healed":0.0,"max_hp_gain":0.0,"max_hp_loss":0.0,"gold_gain":0.0,"event_name":"MindBloom","player_choice":"Fight","floor":36.0,"gold_loss":0.0,"damage_taken":0.0},{"damage_healed":0.0,"max_hp_gain":0.0,"max_hp_loss":0.0,"gold_gain":0.0,"event_name":"Mysterious Sphere","player_choice":"Fight","floor":41.0,"gold_loss":0.0,"damage_taken":0.0},{"damage_healed":0.0,"max_hp_gain":0.0,"max_hp_loss":0.0,"gold_gain":0.0,"event_name":"SensoryStone","player_choice":"Memory 1","floor":48.0,"gold_loss":0.0,"damage_taken":0.0}],"is_beta":false,"boss_relics":[{"not_picked":["Pandora\u0027s Box","Cursed Key"],"picked":"Runic Pyramid"},{"not_picked":["Sozu","Empty Cage"],"picked":"HoveringKite"}],"items_purged_floors":[14,38,53],"is_endless":false,"potions_floor_spawned":[4,5,12,18,21,27,31,39,42,46,54],"ascension_level":16}}