{"host":"ul3z8ex5o8l5j7mh","time":1614093069,"event":{"mods":["2.2 Compatiblity","AchievementEnabler","BaseMod","Bestiary","Colored Map","Colored Powertips","Curses Come First","DeckTracker","Highlight Path","Keyboard Shortcuts","Minty Spire (QoL Compilation)","Relic Sorter","Relic Stats","StSLib","SuperFastMode"],"gold_per_floor":[119,119,142,156,172,172,196,196,196,227,227,227,246,261,261,261,261],"floor_reached":16,"language":"ENG","playtime":644,"items_purged":[],"score":120,"play_id":"e828befa-202b-4d12-87c4-ad127dcec463","local_time":"20210223161109","is_ascension_mode":true,"campfire_choices":[{"floor":6.0,"key":"REST"},{"floor":8.0,"key":"REST"},{"floor":11.0,"key":"REST"},{"floor":15.0,"key":"REST"}],"circlet_count":0,"master_deck":["Strike_G","Strike_G","Strike_G","Strike_G","Strike_G","Defend_G","Defend_G","Survivor","Neutralize","Distraction","Cloak And Dagger","Blade Dance","Distraction","Phantasmal Killer","Tactician"],"relics":["Empty Cage","Golden Idol","Turnip","Du-Vu Doll"],"acts_visited":["Exordium"],"potions_floor_usage":[16],"damage_taken":[{"damage":3.0,"enemies":"2 Louse","floor":1.0,"turns":3.0},{"damage":0.0,"enemies":"Cultist","floor":3.0,"turns":5.0},{"damage":7.0,"enemies":"Small Slimes","floor":4.0,"turns":4.0},{"damage":18.0,"enemies":"Exordium Wildlife","floor":5.0,"turns":4.0},{"damage":22.0,"enemies":"Exordium Thugs","floor":7.0,"turns":6.0},{"damage":31.0,"enemies":"3 Sentries","floor":10.0,"turns":8.0},{"damage":11.0,"enemies":"2 Fungi Beasts","floor":13.0,"turns":4.0},{"damage":2.0,"enemies":"Looter","floor":14.0,"turns":3.0},{"damage":44,"enemies":"The Guardian","floor":16,"turns":8}],"seed_played":"-6461169604976892470","potions_obtained":[{"floor":1.0,"key":"CultistPotion"},{"floor":4.0,"key":"Energy Potion"},{"floor":7.0,"key":"DistilledChaos"},{"floor":14.0,"key":"SkillPotion"}],"is_trial":false,"path_per_floor":["M","?","M","M","M","R","M","R","T","E","R","?","M","M","R","B"],"character_chosen":"THE_SILENT","items_purchased":[],"campfire_rested":4,"item_purchase_floors":[],"current_hp_per_floor":[67,50,50,43,25,46,24,45,45,14,35,35,24,22,43,0,0],"gold":261,"neow_bonus":"BOSS_RELIC","is_daily":false,"chose_seed":false,"campfire_upgraded":0,"win_rate":0.0,"timestamp":1614093069,"path_taken":["M","?","M","M","M","R","M","R","T","E","R","?","M","M","R","BOSS"],"items_purchased_type":[],"build_version":"2020-12-22","purchased_purges":0,"victory":false,"max_hp_per_floor":[70,70,70,70,70,70,70,70,70,70,70,70,70,70,70,70,70],"relic_stats":{"counters":[9,45],"Golden Idol":29,"Turnip":[0],"obtain_stats":[{"Du-Vu Doll":10,"Golden Idol":2,"Turnip":9,"Empty Cage":0,"Ring of the Snake":0},{"Du-Vu Doll":6,"Golden Idol":1,"Turnip":5,"Empty Cage":0,"Ring of the Snake":0},{"Du-Vu Doll":30,"Golden Idol":3,"Turnip":22,"Empty Cage":0,"Ring of the Snake":0}]},"card_choices":[{"not_picked":["Finisher","Masterful Stab"],"picked":"Distraction","floor":1.0},{"not_picked":["Slice","Backflip"],"picked":"Cloak And Dagger","floor":3.0},{"not_picked":["Bane","Deadly Poison"],"picked":"Blade Dance","floor":4.0},{"not_picked":["Prepared","Acrobatics"],"picked":"Distraction","floor":5.0},{"not_picked":["Riddle With Holes","Flechettes","Quick Slash"],"picked":"SKIP","floor":7.0},{"not_picked":["Catalyst","Sucker Punch","Riddle With Holes"],"picked":"SKIP","floor":10.0},{"not_picked":["Deflect","Underhanded Strike","Backflip"],"picked":"SKIP","floor":13.0},{"not_picked":["Skewer","Eviscerate"],"picked":"Tactician","floor":14.0}],"player_experience":427066,"relics_obtained":[{"floor":9.0,"key":"Turnip"},{"floor":10.0,"key":"Du-Vu Doll"}],"event_choices":[{"damage_healed":0.0,"max_hp_gain":0.0,"max_hp_loss":0.0,"gold_gain":0.0,"event_name":"Golden Idol","player_choice":"Take Damage","floor":2.0,"gold_loss":0.0,"damage_taken":17.0,"relics_obtained":["Golden Idol"]},{"damage_healed":0.0,"max_hp_gain":0.0,"max_hp_loss":0.0,"gold_gain":0.0,"cards_transformed":["Defend_G"],"event_name":"Transmorgrifier","player_choice":"Transformed","floor":12.0,"gold_loss":0.0,"damage_taken":0.0,"cards_obtained":["Phantasmal Killer"]}],"is_beta":false,"boss_relics":[],"items_purged_floors":[],"is_endless":false,"potions_floor_spawned":[1,4,7,14],"killed_by":"The Guardian","ascension_level":3}}