{"host":"q8ewzd1tf4mqkgtb","time":1614120896,"event":{"mods":["Ascension Unlocker","BaseMod","Colored Map","Faster Ascension Climbing","Minty Spire (QoL Compilation)","Relic Stats","StSLib","UnlockEverythingMod"],"gold_per_floor":[110,128,144,159,44,75,75,100,125,143,143,13,28,58,58,135,135,146,158,171,2,2,2],"floor_reached":22,"language":"ENG","playtime":3130,"items_purged":["Strike_R"],"score":566,"play_id":"f730e6ba-48d9-4773-bad8-489a4e6a5161","local_time":"20210223165456","is_ascension_mode":true,"campfire_choices":[{"data":"Bash","floor":7,"key":"SMITH"},{"floor":11,"key":"REST"},{"data":"Fire Breathing","floor":15,"key":"SMITH"}],"circlet_count":0,"master_deck":["AscendersBane","Strike_R","Strike_R","Strike_R","Strike_R","Defend_R+1","Defend_R","Defend_R+1","Defend_R","Bash+1","Fire Breathing+1","Inflame","Wild Strike","Armaments","Twin Strike","True Grit","Dropkick","Perfected Strike","Pommel Strike","Limit Break","Power Through","Evolve","Wild Strike","Spot Weakness"],"relics":["SacredBark","Bronze Scales","Happy Flower","Anchor","War Paint","Blood Vial","Velvet Choker"],"acts_visited":["Exordium","TheCity"],"potions_floor_usage":[5,6,6,8,16,22,22],"damage_taken":[{"damage":4,"enemies":"Small Slimes","floor":1,"turns":3},{"damage":7,"enemies":"Cultist","floor":2,"turns":4},{"damage":9,"enemies":"Jaw Worm","floor":3,"turns":4},{"damage":25,"enemies":"Exordium Wildlife","floor":4,"turns":4},{"damage":0,"enemies":"Lagavulin","floor":6,"turns":4},{"damage":5,"enemies":"3 Sentries","floor":8,"turns":4},{"damage":3,"enemies":"Blue Slaver","floor":10,"turns":3},{"damage":0,"enemies":"3 Louse","floor":13,"turns":2},{"damage":22,"enemies":"Lagavulin","floor":14,"turns":7},{"damage":0,"enemies":"Slime Boss","floor":16,"turns":4},{"damage":24,"enemies":"Shell Parasite","floor":18,"turns":5},{"damage":16,"enemies":"2 Thieves","floor":19,"turns":5},{"damage":32,"enemies":"Snecko","floor":20,"turns":6},{"damage":11,"enemies":"3 Cultists","floor":22,"turns":4}],"seed_played":"-6566407502670790400","potions_obtained":[{"floor":1,"key":"Fruit Juice"},{"floor":4,"key":"BlessingOfTheForge"},{"floor":6,"key":"DistilledChaos"},{"floor":13,"key":"Energy Potion"},{"floor":16,"key":"Energy Potion"},{"floor":20,"key":"BlessingOfTheForge"}],"is_trial":false,"path_per_floor":["M","M","M","M","$","E","R","E","T","M","R","?","M","E","R","B",null,"M","M","M","$","M"],"character_chosen":"IRONCLAD","items_purchased":["Twin Strike","SteroidPotion","Block Potion","Spot Weakness"],"campfire_rested":1,"item_purchase_floors":[5,5,21,21],"current_hp_per_floor":[64,57,48,23,33,33,33,28,28,25,50,50,50,28,28,30,71,49,35,5,5,0,0],"gold":2,"neow_bonus":"BOSS_RELIC","is_daily":false,"chose_seed":false,"campfire_upgraded":2,"win_rate":0.0,"timestamp":1614120896,"path_taken":["M","M","M","M","$","E","R","E","T","M","R","?","?","E","R","BOSS","M","M","M","$","M"],"items_purchased_type":["Card","Potion","Potion","Card"],"build_version":"2020-12-22","purchased_purges":1,"victory":false,"max_hp_per_floor":[75,75,75,75,85,85,85,85,85,85,85,85,85,85,85,85,85,85,85,85,85,85,85],"relic_stats":{"Blood Vial":10,"Happy Flower":[12],"counters":[14,59],"Bronze Scales":[72],"War Paint":["Defend_R","Defend_R"],"obtain_stats":[{"Blood Vial":14,"Anchor":9,"Happy Flower":8,"SacredBark":0,"Bronze Scales":6,"Velvet Choker":17,"War Paint":12,"Burning Blood":0},{"Blood Vial":9,"Anchor":6,"Happy Flower":6,"SacredBark":0,"Bronze Scales":5,"Velvet Choker":10,"War Paint":7,"Burning Blood":0},{"Blood Vial":35,"Anchor":23,"Happy Flower":23,"SacredBark":0,"Bronze Scales":19,"Velvet Choker":39,"War Paint":26,"Burning Blood":0}]},"card_choices":[{"not_picked":["Warcry","Thunderclap"],"picked":"Fire Breathing","floor":1},{"not_picked":["Intimidate","Twin Strike"],"picked":"Inflame","floor":2},{"not_picked":["Havoc","Pommel Strike"],"picked":"Wild Strike","floor":3},{"not_picked":["True Grit","Thunderclap"],"picked":"Armaments","floor":4},{"not_picked":["Cleave","Flex","Combust"],"picked":"SKIP","floor":6},{"not_picked":["Sever Soul","Brutality"],"picked":"True Grit","floor":8},{"not_picked":["Combust","Pommel Strike"],"picked":"Dropkick","floor":10},{"not_picked":["Sentinel","Seeing Red"],"picked":"Perfected Strike","floor":13},{"not_picked":["Armaments","Limit Break"],"picked":"Pommel Strike","floor":14},{"not_picked":["Exhume","Berserk"],"picked":"Limit Break","floor":16},{"not_picked":["Wild Strike","Flex"],"picked":"Power Through","floor":18},{"not_picked":["Havoc","Pummel"],"picked":"Evolve","floor":19},{"not_picked":["Pommel Strike","Flex+1"],"picked":"Wild Strike","floor":20}],"player_experience":563331,"relics_obtained":[{"floor":6,"key":"Bronze Scales"},{"floor":8,"key":"Happy Flower"},{"floor":9,"key":"Anchor"},{"floor":14,"key":"Blood Vial"}],"event_choices":[{"damage_healed":0,"gold_gain":0,"player_choice":"Paid Gold","damage_taken":0,"relics_obtained":["War Paint"],"max_hp_gain":0,"max_hp_loss":0,"event_name":"WeMeetAgain","floor":12,"gold_loss":130}],"is_beta":false,"boss_relics":[{"not_picked":["Ectoplasm","Philosopher\u0027s Stone"],"picked":"Velvet Choker"}],"items_purged_floors":[21],"is_endless":false,"potions_floor_spawned":[1,4,6,13,16,20],"killed_by":"3 Cultists","ascension_level":20}}