{"host":"f0gpob8hq9vgebej","time":1614064385,"event":{"mods":["AchievementEnabler","BaseMod","Minty Spire (QoL Compilation)","Quick Restart","SuperFastMode"],"gold_per_floor":[219,104,123,123,138,138,152,183,231,245,245,263,280,298,298,298,298],"floor_reached":16,"language":"KOR","playtime":454,"items_purged":["Strike_G"],"score":196,"play_id":"bf595c2c-9e1d-4b6c-9cc9-c5f66ac2180d","local_time":"20210223161305","is_ascension_mode":true,"campfire_choices":[{"data":"Neutralize","floor":6.0,"key":"SMITH"},{"data":"Blade Dance","floor":11.0,"key":"SMITH"},{"floor":15.0,"key":"REST"}],"circlet_count":0,"master_deck":["AscendersBane","Strike_G","Strike_G","Strike_G","Strike_G","Defend_G","Defend_G","Defend_G","Defend_G","Defend_G","Survivor","Neutralize+1","Blade Dance+1","Infinite Blades","Dagger Throw","All Out Attack","Escape Plan","Deadly Poison","PiercingWail"],"relics":["Ring of the Snake","Bottled Lightning","Potion Belt"],"acts_visited":["Exordium"],"potions_floor_usage":[16,16],"damage_taken":[{"damage":6.0,"enemies":"Cultist","floor":1.0,"turns":6.0},{"damage":2.0,"enemies":"Small Slimes","floor":3.0,"turns":3.0},{"damage":2.0,"enemies":"Jaw Worm","floor":5.0,"turns":5.0},{"damage":6.0,"enemies":"Exordium Wildlife","floor":7.0,"turns":3.0},{"damage":12.0,"enemies":"3 Sentries","floor":8.0,"turns":6.0},{"damage":0.0,"enemies":"2 Fungi Beasts","floor":10.0,"turns":3.0},{"damage":9.0,"enemies":"Blue Slaver","floor":12.0,"turns":4.0},{"damage":12.0,"enemies":"3 Louse","floor":13.0,"turns":3.0},{"damage":14.0,"enemies":"Red Slaver","floor":14.0,"turns":4.0},{"damage":26,"enemies":"Hexaghost","floor":16,"turns":11}],"seed_played":"-4956916274605231291","potions_obtained":[{"floor":3.0,"key":"SkillPotion"},{"floor":12.0,"key":"Weak Potion"},{"floor":14.0,"key":"FearPotion"}],"is_trial":false,"path_per_floor":["M","$","M","?","M","R","M","E","T","M","R","M","M","M","R","B"],"character_chosen":"THE_SILENT","items_purchased":["Infinite Blades"],"campfire_rested":1,"item_purchase_floors":[2],"current_hp_per_floor":[53,53,51,56,54,54,48,36,36,36,36,27,15,1,22,0,0],"gold":298,"neow_bonus":"HUNDRED_GOLD","is_daily":false,"chose_seed":false,"campfire_upgraded":2,"win_rate":0.0,"timestamp":1614064385,"path_taken":["M","$","M","?","M","R","M","E","T","M","R","M","M","M","R","BOSS"],"items_purchased_type":["Card"],"build_version":"2020-12-22","purchased_purges":1,"victory":false,"max_hp_per_floor":[66,66,66,71,71,71,71,71,71,71,71,71,71,71,71,71,71],"card_choices":[{"not_picked":["Deadly Poison","Acrobatics"],"picked":"Blade Dance","floor":1.0},{"not_picked":["Blur","Deflect"],"picked":"Dagger Throw","floor":3.0},{"not_picked":["Blade Dance","Concentrate"],"picked":"All Out Attack","floor":5.0},{"not_picked":["Slice","Flechettes"],"picked":"Escape Plan","floor":7.0},{"not_picked":["Escape Plan","Distraction"],"picked":"Deadly Poison","floor":8.0},{"not_picked":["Bane","Slice","Quick Slash"],"picked":"SKIP","floor":10.0},{"not_picked":["Quick Slash","Distraction","Dagger Throw"],"picked":"SKIP","floor":12.0},{"not_picked":["Flying Knee","Venomology"],"picked":"PiercingWail","floor":13.0},{"not_picked":["Setup","Dagger Throw","Sucker Punch"],"picked":"SKIP","floor":14.0}],"player_experience":395283,"relics_obtained":[{"floor":8.0,"key":"Bottled Lightning"},{"floor":9.0,"key":"Potion Belt"}],"event_choices":[{"damage_healed":0.0,"max_hp_gain":5.0,"max_hp_loss":0.0,"gold_gain":0.0,"event_name":"Big Fish","player_choice":"Donut","floor":4.0,"gold_loss":0.0,"damage_taken":0.0}],"is_beta":false,"boss_relics":[],"items_purged_floors":[2],"is_endless":false,"potions_floor_spawned":[3,12,14],"killed_by":"Hexaghost","ascension_level":17}}