{"host":"aycnbidq9d24owrh","time":1614071505,"event":{"mods":["Bard","BaseMod","BetterRewards","Colored Map","Downfall","Hubris","Infinite Spire","Minty Spire (QoL Compilation)","Replay The Spire","Spire Arcade","StSLib","The Cursed","The Disciple","The Hierophant","The Jungle","The Runesmith","TheBandit"],"gold_per_floor":[364,383,9,9,9,9,19,19,42,146,163,17,34,49,49,144,144,163,163,163,36,49,84,101,134,134,134,149,149,149,178,178,188,188],"floor_reached":33,"language":"ENG","playtime":1730,"items_purged":[],"score":320,"play_id":"15599d82-8ac2-4da3-b489-8fa422d1cdc8","local_time":"20210223011145","is_ascension_mode":false,"campfire_choices":[{"floor":6,"key":"REST"},{"data":"Burning Pact","floor":8,"key":"SMITH"},{"data":"Discovery","floor":15,"key":"SMITH"},{"data":"Defend_R+1","floor":29,"key":"SMITH"},{"floor":32,"key":"DIG"}],"circlet_count":0,"master_deck":["Strike_R","Strike_R","Strike_R","Strike_R","Strike_R","Defend_R","Defend_R+2","Defend_R+1","Defend_R","Bash","Clash","ReplayTheSpireMod:Stacked","Mayhem+1","Good Instincts","Burning Pact+1","Burning Pact","Body Slam","Clothesline","Armaments","Perfected Strike","Second Wind","Rampage","Discovery+1","Twin Strike","Anger","Hemogenesis","Cleave","RitualDagger","Power Through","Cleave","Thunderclap","Reaper","ReplayTheSpireMod:LeadingStrike","Rage+1","ReplayTheSpireMod:Strike From Hell+1","Decay","Corruption"],"relics":["Burning Blood","Potion Belt","ChewingGum","Bronze Scales","Simple Rune","White Beast Statue","Nloth\u0027s Gift","hubris:IronBody","ReplayTheSpireMod:Shallot","Replay:Bandana"],"acts_visited":["Exordium","TheCity"],"potions_floor_usage":[16,16,23,23,24,24,28,31,33],"damage_taken":[{"damage":2,"enemies":"2 Louse","floor":1,"turns":3},{"damage":7,"enemies":"Small Slimes","floor":2,"turns":5},{"damage":0,"enemies":"Cultist","floor":7,"turns":2},{"damage":0,"enemies":"3 Louse","floor":11,"turns":6},{"damage":9,"enemies":"Blue Slaver","floor":13,"turns":4},{"damage":1,"enemies":"Red Slaver","floor":14,"turns":2},{"damage":28,"enemies":"Hexaghost","floor":16,"turns":9},{"damage":5,"enemies":"3 Byrds","floor":18,"turns":7},{"damage":0,"enemies":"Chosen","floor":22,"turns":5},{"damage":1,"enemies":"Replay:Snechameleon","floor":23,"turns":6},{"damage":6,"enemies":"Snecko","floor":24,"turns":5},{"damage":30,"enemies":"Book of Stabbing","floor":25,"turns":5},{"damage":8,"enemies":"Snake Plant","floor":28,"turns":4},{"damage":63,"enemies":"Nightmare","floor":31,"turns":10},{"damage":27,"enemies":"Champ","floor":33,"turns":13}],"seed_played":"-5701773801407465233","potions_obtained":[{"floor":1,"key":"Flashbang"},{"floor":7,"key":"Adrenaline Potion"},{"floor":16,"key":"Weak Potion"},{"floor":22,"key":"Dexterity Potion"},{"floor":23,"key":"Swift Potion"},{"floor":24,"key":"Fruit Juice"},{"floor":28,"key":"Dexterity Potion"},{"floor":31,"key":"Block Potion"}],"is_trial":false,"path_per_floor":["M","M","$","?","?","R","M","R","T","?","M","$","M","M","R","B",null,"M","?","?","$","M","E","M","E","T","?","M","R","?","NM","R_BF","B"],"character_chosen":"IRONCLAD","items_purchased":["Mayhem","Good Instincts","Burning Pact","Body Slam","Discovery","ColorlessPotion","Power Through","Cleave"],"campfire_rested":1,"item_purchase_floors":[3,3,3,3,12,12,21,21],"current_hp_per_floor":[60,59,59,59,59,80,80,80,80,60,66,66,63,68,68,46,80,80,80,74,74,80,80,85,61,61,61,63,63,63,14,14,0,0],"gold":188,"neow_bonus":"TWO_FIFTY_GOLD","is_daily":false,"chose_seed":false,"campfire_upgraded":3,"win_rate":0.0,"timestamp":1614071505,"path_taken":["M","M","$","?","?","R","?","R","T","?","?","$","M","M","R","BOSS","M","?","?","?","M","E","?","E","T","?","?","R","?","NM","R_BF","BOSS"],"items_purchased_type":["Card","Card","Card","Card","Card","Potion","Card","Card"],"build_version":"2020-12-22","purchased_purges":0,"victory":false,"max_hp_per_floor":[80,80,80,80,80,80,80,80,80,80,80,80,80,80,80,80,80,80,80,80,80,80,80,85,85,85,85,85,85,85,85,85,85,85],"card_choices":[{"not_picked":["Cleave","True Grit"],"picked":"Clash","floor":1},{"not_picked":["Searing Blow","Massacre"],"picked":"ReplayTheSpireMod:Stacked","floor":2},{"not_picked":["Perfected Strike","Cleave"],"picked":"Clothesline","floor":7},{"not_picked":["Clash","Dark Embrace"],"picked":"Armaments","floor":10},{"not_picked":["Clothesline","Armaments"],"picked":"Perfected Strike","floor":10},{"not_picked":["Dropkick","Burning Pact"],"picked":"Second Wind","floor":10},{"not_picked":["Disarm","Iron Wave"],"picked":"Rampage","floor":11},{"not_picked":["Seeing Red","Body Slam"],"picked":"Twin Strike","floor":13},{"not_picked":["Abandon","Body Slam"],"picked":"Anger","floor":14},{"not_picked":["Impervious","Berserk"],"picked":"Hemogenesis","floor":16},{"not_picked":["Pommel Strike","ReplayTheSpireMod:Strike From Hell"],"picked":"Cleave","floor":18},{"not_picked":["Carnage","Hemokinesis"],"picked":"Thunderclap","floor":22},{"not_picked":["Anger","Body Slam"],"picked":"Reaper","floor":23},{"not_picked":["Headbutt","hubris:CleavingFinish"],"picked":"ReplayTheSpireMod:LeadingStrike","floor":24},{"not_picked":["Fiend Fire","Fire Breathing"],"picked":"Rage+1","floor":25},{"not_picked":["infinitespire:OneForAll","Barricade"],"picked":"ReplayTheSpireMod:Strike From Hell+1","floor":28},{"not_picked":["ReplayTheSpireMod:Corrosion Curse","Shrug It Off"],"picked":"Corruption","floor":31}],"player_experience":759,"relics_obtained":[{"floor":9,"key":"Potion Belt"},{"floor":23,"key":"Bronze Scales"},{"floor":25,"key":"Simple Rune"},{"floor":26,"key":"White Beast Statue"},{"floor":31,"key":"ReplayTheSpireMod:Shallot"},{"floor":32,"key":"Replay:Bandana"}],"event_choices":[{"damage_healed":0,"gold_gain":0,"player_choice":"Ignored","damage_taken":0,"max_hp_gain":0,"max_hp_loss":0,"event_name":"Purifier","floor":5,"gold_loss":0},{"damage_healed":0,"gold_gain":0,"player_choice":"Joined the Cult","damage_taken":6,"max_hp_gain":0,"max_hp_loss":0,"event_name":"Nest","floor":20,"gold_loss":0,"cards_obtained":["RitualDagger"]},{"damage_healed":0,"gold_gain":0,"player_choice":"Traded Relic","damage_taken":0,"relics_obtained":["Nloth\u0027s Gift"],"max_hp_gain":0,"max_hp_loss":0,"event_name":"N\u0027loth","floor":27,"relics_lost":["hubris:Towel"],"gold_loss":0}],"is_beta":false,"boss_relics":[{"not_picked":["ReplayTheSpireMod:SealedPack","Runic Pyramid"],"picked":"ChewingGum"}],"items_purged_floors":[],"is_endless":true,"potions_floor_spawned":[1,7,16,22,23,24,28,31],"killed_by":"Champ","ascension_level":0}}