{"host":"wy4vwr4x0uqk666t","time":1614088657,"event":{"mods":["Aspiration","BaseMod","BetterRewards","Colored Powertips","Curses Come First","Defuse TimeMaze Blight","Downfall","Hubris","Infinite Spire","Jorbs\u0027s Wanderer Trilogy","Kalas","Lobotomy","Minty Spire (QoL Compilation)","Quick Restart","READ ME - Guardian Mod","Replay The Spire","StSLib","The Cursed","The Elementalist","The Hierophant","The Jungle","The Runesmith","The Servant 0.9.4","The Spell Scribe"],"gold_per_floor":[110,110,110,124,124,155,155,174,174,174,191,191,191],"floor_reached":12,"language":"ENG","playtime":627,"items_purged":[],"score":82,"play_id":"5b3f6bfe-3b33-4d2d-9374-ba1f2927b493","local_time":"20210223145737","is_ascension_mode":true,"campfire_choices":[{"floor":7,"key":"REST"},{"data":"Infinite Blades","floor":10,"key":"SMITH"}],"circlet_count":0,"master_deck":["Strike_G","Strike_G","Strike_G","Strike_G","Strike_G","Defend_G","Defend_G","Defend_G","Defend_G","Survivor","Neutralize+1","DespairKnight","Sucker Punch","ReplayTheSpireMod:The Works+1","VoidDream","Footwork+1","SpiderBud","ReplayTheSpireMod:Shiv Toss","WallGazer","Infinite Blades+1","PunishingBird","Night Terror"],"relics":["Ring of the Snake","CogitoBucket","Bottled Tornado","White Beast Statue"],"acts_visited":["Exordium"],"potions_floor_usage":[11],"damage_taken":[{"damage":1,"enemies":"2 Louse","floor":1,"turns":5},{"damage":6,"enemies":"Small Slimes","floor":4,"turns":5},{"damage":40,"enemies":"Gremlin Nob","floor":6,"turns":7},{"damage":4,"enemies":"Cultist","floor":8,"turns":6},{"damage":35,"enemies":"Large Slime","floor":11,"turns":11},{"damage":13,"enemies":"3 Sentries","floor":12,"turns":2}],"seed_played":"-5596589637862109787","potions_obtained":[{"floor":8,"key":"SkillPotion"},{"floor":11,"key":"FearPotion"}],"is_trial":false,"path_per_floor":["M","?","?","M","?","E","R","M","T","R","M","E"],"character_chosen":"THE_SILENT","items_purchased":[],"campfire_rested":1,"item_purchase_floors":[],"current_hp_per_floor":[69,69,69,63,63,23,44,40,40,40,5,0,0],"gold":191,"neow_bonus":"","is_daily":false,"chose_seed":false,"campfire_upgraded":1,"win_rate":0.0,"timestamp":1614088657,"path_taken":["M","?","?","M","?","E","R","M","T","R","M","E"],"items_purchased_type":[],"build_version":"2020-12-22","purchased_purges":0,"victory":false,"max_hp_per_floor":[70,70,70,70,70,70,70,70,70,70,70,70,70],"card_choices":[{"not_picked":["Wellcheers","FairyFestival"],"picked":"DespairKnight","floor":1},{"not_picked":["Bane","Deflect"],"picked":"Sucker Punch","floor":1},{"not_picked":["Wellcheers","SpiderBud"],"picked":"VoidDream","floor":4},{"not_picked":["Catalyst","Outmaneuver"],"picked":"Footwork","floor":4},{"not_picked":["Murderer","CherryBlossoms"],"picked":"SpiderBud","floor":6},{"not_picked":["Bane","Acrobatics"],"picked":"ReplayTheSpireMod:Shiv Toss","floor":6},{"not_picked":["HeroicMonk","ShyLook"],"picked":"WallGazer","floor":8},{"not_picked":["PiercingWail","Poisoned Stab"],"picked":"Infinite Blades","floor":8},{"not_picked":["QueenBee","MeatLantern"],"picked":"PunishingBird","floor":11},{"not_picked":["Deflect","Setup"],"picked":"Night Terror","floor":11}],"player_experience":3753868,"relics_obtained":[{"floor":6,"key":"Bottled Tornado"},{"floor":9,"key":"White Beast Statue"}],"event_choices":[{"damage_healed":0,"gold_gain":0,"player_choice":"Grow","damage_taken":0,"max_hp_gain":0,"max_hp_loss":0,"event_name":"Living Wall","floor":2,"gold_loss":0,"cards_upgraded":["Neutralize"]},{"damage_healed":0,"gold_gain":0,"player_choice":"Forge","damage_taken":0,"max_hp_gain":0,"max_hp_loss":0,"event_name":"Accursed Blacksmith","floor":5,"gold_loss":0,"cards_upgraded":["Footwork"]}],"is_beta":false,"boss_relics":[],"items_purged_floors":[],"is_endless":false,"potions_floor_spawned":[8,11],"killed_by":"3 Sentries","ascension_level":1}}