{"host":"6r762osam2bvfm66","time":1614056397,"event":{"mods":["AchievementEnabler","BaseMod","Colored Map","Highlight Path","Minty Spire (QoL Compilation)","Relic Stats","ojb\u0027s Info Mod"],"gold_per_floor":[115,128,148,166,182,182,215,234,259,259,41,70,70,88,88,191,191,202,221,221,12,29,29,29,72,95,129,129,228,228,251,251,362,362,381,381,397,425,237,275,275,275,275,316,316,333,350,127,127,127],"floor_reached":51,"language":"ENG","playtime":3224,"items_purged":["Strike_B","Strike_B"],"score":1009,"play_id":"ea07f4f8-b4b3-4d04-b741-a5c37053981b","local_time":"20210222225957","is_ascension_mode":true,"campfire_choices":[{"data":"Beam Cell","floor":6,"key":"SMITH"},{"data":"Sunder","floor":10,"key":"SMITH"},{"data":"Reinforced Body","floor":13,"key":"SMITH"},{"data":"Darkness","floor":15,"key":"SMITH"},{"data":"Glacier","floor":23,"key":"SMITH"},{"data":"Hologram","floor":30,"key":"SMITH"},{"data":"Dualcast","floor":32,"key":"SMITH"},{"data":"Amplify","floor":41,"key":"SMITH"},{"floor":45,"key":"DIG"},{"floor":49,"key":"REST"}],"circlet_count":0,"master_deck":["Strike_B","Defend_B","Defend_B","Defend_B","Defend_B","Zap","Dualcast+1","Dark Shackles","Cold Snap","Beam Cell+1","Darkness+1","Doom and Gloom","Sunder+1","Force Field","Defragment+1","Reinforced Body+1","Biased Cognition+1","BootSequence","Defragment+1","Reboot","Glacier+1","Aggregate","Static Discharge+1","Hologram+1","Amplify+1","Multi-Cast+1","Auto Shields+1","Skim","Defragment+1","Hologram","Go for the Eyes+1","Good Instincts"],"relics":["Cracked Core","Frozen Egg 2","Happy Flower","ClockworkSouvenir","Meat on the Bone","Runic Dome","Anchor","CeramicFish","MealTicket","InkBottle","Symbiotic Virus","Runic Pyramid","Molten Egg 2","Shovel","Art of War","Mango"],"acts_visited":["Exordium","TheCity","TheBeyond"],"potions_floor_usage":[16,33,33,44],"damage_taken":[{"damage":0,"enemies":"Cultist","floor":1,"turns":3},{"damage":1,"enemies":"2 Louse","floor":2,"turns":2},{"damage":0,"enemies":"Small Slimes","floor":3,"turns":2},{"damage":1,"enemies":"Blue Slaver","floor":4,"turns":3},{"damage":11,"enemies":"Looter","floor":5,"turns":3},{"damage":11,"enemies":"Lagavulin","floor":7,"turns":5},{"damage":12,"enemies":"Red Slaver","floor":8,"turns":3},{"damage":16,"enemies":"3 Sentries","floor":12,"turns":4},{"damage":0,"enemies":"Blue Slaver","floor":14,"turns":3},{"damage":0,"enemies":"Slime Boss","floor":16,"turns":4},{"damage":18,"enemies":"Chosen","floor":18,"turns":5},{"damage":7,"enemies":"Shell Parasite","floor":19,"turns":4},{"damage":0,"enemies":"Snake Plant","floor":22,"turns":4},{"damage":10,"enemies":"Book of Stabbing","floor":25,"turns":6},{"damage":34,"enemies":"Gremlin Leader","floor":27,"turns":6},{"damage":0,"enemies":"Centurion and Healer","floor":31,"turns":6},{"damage":29,"enemies":"Automaton","floor":33,"turns":9},{"damage":0,"enemies":"3 Darklings","floor":35,"turns":4},{"damage":19,"enemies":"Orb Walker","floor":37,"turns":3},{"damage":6,"enemies":"4 Shapes","floor":38,"turns":4},{"damage":6,"enemies":"Nemesis","floor":40,"turns":13},{"damage":36,"enemies":"Reptomancer","floor":44,"turns":4},{"damage":14,"enemies":"Writhing Mass","floor":46,"turns":5},{"damage":28,"enemies":"Transient","floor":47,"turns":5},{"damage":17,"enemies":"Awakened One","floor":50,"turns":12}],"seed_played":"1390692809318637223","potions_obtained":[{"floor":2,"key":"Swift Potion"},{"floor":3,"key":"ColorlessPotion"},{"floor":4,"key":"Ancient Potion"},{"floor":12,"key":"Block Potion"},{"floor":16,"key":"FairyPotion"},{"floor":31,"key":"Regen Potion"},{"floor":38,"key":"Energy Potion"},{"floor":44,"key":"DuplicationPotion"}],"is_trial":false,"path_per_floor":["M","M","M","M","M","R","E","M","T","R","$","E","R","M","R","B",null,"M","M","?","$","M","R","?","E","T","E","T","?","R","M","R","B",null,"M","?","M","M","$","E","R","?","T","E","R","M","M","$","R","B",null],"character_chosen":"DEFECT","items_purchased":["Defragment+1","ClockworkSouvenir","Defragment+1","Reboot","Skim","FocusPotion","Go for the Eyes+1","Good Instincts"],"campfire_rested":1,"item_purchase_floors":[11,11,21,21,39,39,48,48],"current_hp_per_floor":[68,67,67,66,55,55,44,32,32,32,32,16,16,28,28,40,66,48,41,41,41,41,41,41,43,43,21,21,21,21,33,33,31,64,64,64,45,39,54,48,48,48,48,24,38,36,20,35,61,56],"gold":127,"neow_bonus":"RANDOM_COLORLESS","is_daily":false,"chose_seed":false,"campfire_upgraded":8,"win_rate":0.0,"timestamp":1614056397,"path_taken":["M","M","M","M","?","R","E","M","T","R","$","E","R","M","R","BOSS","M","?","?","$","M","R","?","E","T","E","?","?","R","M","R","BOSS","M","?","M","M","$","E","R","?","T","E","R","M","M","$","R","BOSS"],"items_purchased_type":["Card","Relic","Card","Card","Card","Potion","Card","Card"],"build_version":"2020-12-22","purchased_purges":2,"victory":true,"max_hp_per_floor":[75,75,75,75,75,75,75,75,75,75,75,75,75,75,75,75,75,75,75,75,75,75,75,75,75,75,75,75,75,75,75,75,75,75,75,75,75,75,75,75,75,75,75,75,89,89,89,89,89,89],"relic_stats":{"Shovel":1,"Happy Flower":[33],"counters":[25,122],"CeramicFish":90,"MealTicket":30,"Art of War":[9],"obtain_stats":[{"Happy Flower":9,"CeramicFish":25,"Mango":45,"Frozen Egg 2":7,"ClockworkSouvenir":11,"Runic Dome":17,"Anchor":20,"Shovel":43,"MealTicket":26,"Molten Egg 2":40,"Art of War":44,"Cracked Core":0,"Symbiotic Virus":28,"InkBottle":27,"Meat on the Bone":12,"Runic Pyramid":34},{"Happy Flower":7,"CeramicFish":14,"Mango":22,"Frozen Egg 2":6,"ClockworkSouvenir":7,"Runic Dome":10,"Anchor":12,"Shovel":21,"MealTicket":14,"Molten Egg 2":21,"Art of War":22,"Cracked Core":0,"Symbiotic Virus":15,"InkBottle":15,"Meat on the Bone":8,"Runic Pyramid":17},{"Happy Flower":21,"CeramicFish":51,"Mango":100,"Frozen Egg 2":18,"ClockworkSouvenir":21,"Runic Dome":32,"Anchor":41,"Shovel":96,"MealTicket":51,"Molten Egg 2":96,"Art of War":100,"Cracked Core":0,"Symbiotic Virus":57,"InkBottle":57,"Meat on the Bone":25,"Runic Pyramid":72}],"InkBottle":[32],"Meat on the Bone":120},"card_choices":[{"not_picked":["Deep Breath","Forethought"],"picked":"Dark Shackles","floor":0},{"not_picked":["Coolheaded","Consume"],"picked":"Cold Snap","floor":1},{"not_picked":["Turbo","Barrage","Cold Snap"],"picked":"SKIP","floor":2},{"not_picked":["Barrage","Darkness"],"picked":"Beam Cell","floor":3},{"not_picked":["Blizzard","Steam Power"],"picked":"Darkness","floor":4},{"not_picked":["Sunder","Barrage"],"picked":"Doom and Gloom","floor":5},{"not_picked":["Gash","Ball Lightning"],"picked":"Sunder","floor":7},{"not_picked":["Reprogram","Undo"],"picked":"Force Field","floor":8},{"not_picked":["Reprogram","Coolheaded"],"picked":"Reinforced Body","floor":12},{"not_picked":["Sweeping Beam","Chaos","Stack"],"picked":"SKIP","floor":14},{"not_picked":["Buffer+1","Core Surge"],"picked":"Biased Cognition+1","floor":16},{"not_picked":["Stack+1","Cold Snap","Reprogram"],"picked":"SKIP","floor":18},{"not_picked":["Streamline","Redo"],"picked":"BootSequence","floor":19},{"not_picked":["Storm+1","Self Repair+1"],"picked":"Glacier","floor":22},{"not_picked":["Compile Driver","Redo+1"],"picked":"Static Discharge+1","floor":25},{"not_picked":["Compile Driver+1","Darkness"],"picked":"Hologram","floor":27},{"not_picked":["Turbo","Blizzard+1","Amplify"],"picked":"SKIP","floor":31},{"not_picked":["Turbo","Blizzard+1"],"picked":"Amplify","floor":31},{"not_picked":["Hyperbeam","Electrodynamics+1"],"picked":"Multi-Cast","floor":33},{"not_picked":["Stack+1","Rebound+1","Conserve Battery"],"picked":"SKIP","floor":35},{"not_picked":["Gash+1","Turbo+1","BootSequence+1"],"picked":"SKIP","floor":37},{"not_picked":["Turbo","Ball Lightning"],"picked":"Auto Shields+1","floor":38},{"not_picked":["Steam Power+1","Ball Lightning+1"],"picked":"Defragment+1","floor":40},{"not_picked":["Electrodynamics+1","Conserve Battery"],"picked":"Hologram","floor":44},{"not_picked":["Stack","Rip and Tear+1","Compile Driver+1"],"picked":"SKIP","floor":46},{"not_picked":["Steam Power","Cold Snap+1","Conserve Battery"],"picked":"SKIP","floor":47}],"player_experience":126796,"relics_obtained":[{"floor":7,"key":"Frozen Egg 2"},{"floor":9,"key":"Happy Flower"},{"floor":12,"key":"Meat on the Bone"},{"floor":25,"key":"CeramicFish"},{"floor":26,"key":"MealTicket"},{"floor":27,"key":"InkBottle"},{"floor":28,"key":"Symbiotic Virus"},{"floor":40,"key":"Molten Egg 2"},{"floor":43,"key":"Shovel"},{"floor":44,"key":"Art of War"},{"floor":45,"key":"Mango"}],"event_choices":[{"damage_healed":0,"gold_gain":0,"player_choice":"Opened","damage_taken":0,"relics_obtained":["Anchor"],"max_hp_gain":0,"max_hp_loss":0,"event_name":"The Mausoleum","floor":20,"gold_loss":0},{"damage_healed":0,"gold_gain":0,"player_choice":"Read","damage_taken":0,"max_hp_gain":0,"max_hp_loss":0,"event_name":"The Library","floor":24,"gold_loss":0,"cards_obtained":["Aggregate"]},{"damage_healed":0,"gold_gain":99,"player_choice":"Stole From Cult","damage_taken":0,"max_hp_gain":0,"max_hp_loss":0,"event_name":"Nest","floor":29,"gold_loss":0},{"cards_removed":["Strike_B"],"damage_healed":0,"gold_gain":0,"player_choice":"Removed Attack","damage_taken":0,"max_hp_gain":0,"max_hp_loss":0,"event_name":"Falling","floor":36,"gold_loss":0},{"damage_healed":0,"gold_gain":0,"player_choice":"Forge","damage_taken":0,"max_hp_gain":0,"max_hp_loss":0,"event_name":"Accursed Blacksmith","floor":42,"gold_loss":0,"cards_upgraded":["Multi-Cast"]}],"is_beta":false,"boss_relics":[{"not_picked":["Busted Crown","Calling Bell"],"picked":"Runic Dome"},{"not_picked":["Astrolabe","Cursed Key"],"picked":"Runic Pyramid"}],"items_purged_floors":[39,48],"is_endless":false,"potions_floor_spawned":[2,3,4,12,14,16,18,27,31,38,44],"ascension_level":6}}