{"host":"6406jj8da6015sxr","time":1614103386,"event":{"mods":["AchievementEnabler","BaseMod","Colored Map","DeckTracker","Keyboard Shortcuts","Minty Spire (QoL Compilation)","Permanent Neow","Relic Stats","SuperFastMode","everything is the same but u backflip on backflip"],"gold_per_floor":[115,127,52,64,139,139,34,34,61,77,95,124,140,140,140,238,238,256,29,53,103,124,124,157,157,157,193,193,193,193,236,236,236,236],"floor_reached":33,"language":"KOR","playtime":1734,"items_purged":["Strike_G","Strike_G"],"score":606,"play_id":"ded8fa91-9543-4a2a-9812-738b92d9339c","local_time":"20210224030306","is_ascension_mode":true,"campfire_choices":[{"data":"Well Laid Plans","floor":6.0,"key":"SMITH"},{"data":"Prepared","floor":8.0,"key":"SMITH"},{"floor":15.0,"key":"REST"},{"floor":23.0,"key":"REST"},{"data":"Reflex","floor":25,"key":"SMITH"},{"floor":28,"key":"REST"},{"data":"After Image","floor":30,"key":"SMITH"},{"floor":32,"key":"REST"}],"circlet_count":0,"master_deck":["AscendersBane","Strike_G","Strike_G","Strike_G","Defend_G","Defend_G","Defend_G","Defend_G","Defend_G","Survivor","Neutralize","Grand Finale","Predator","Well Laid Plans+1","Masterful Stab","Prepared+1","Blade Dance","Backflip","Reflex+1","Leg Sweep","Grand Finale","Adrenaline","Expertise","Calculated Gamble","Deflect","Calculated Gamble+1","After Image+1","Prepared","Prepared"],"relics":["Ring of the Serpent","Dream Catcher","Question Card","Golden Idol","Lantern","Pear","Ninja Scroll","Shuriken"],"acts_visited":["Exordium","TheCity"],"potions_floor_usage":[],"damage_taken":[{"damage":1.0,"enemies":"Small Slimes","floor":1.0,"turns":4.0},{"damage":9.0,"enemies":"Jaw Worm","floor":2.0,"turns":5.0},{"damage":3.0,"enemies":"2 Louse","floor":4.0,"turns":3.0},{"damage":14.0,"enemies":"Lots of Slimes","floor":10.0,"turns":3.0},{"damage":4.0,"enemies":"Large Slime","floor":11.0,"turns":6.0},{"damage":8.0,"enemies":"Gremlin Nob","floor":12.0,"turns":3.0},{"damage":0.0,"enemies":"2 Fungi Beasts","floor":13.0,"turns":3.0},{"damage":5.0,"enemies":"The Guardian","floor":16.0,"turns":10.0},{"damage":16.0,"enemies":"Spheric Guardian","floor":18.0,"turns":5.0},{"damage":10.0,"enemies":"Chosen","floor":20.0,"turns":7.0},{"damage":1.0,"enemies":"3 Cultists","floor":22.0,"turns":3.0},{"damage":6.0,"enemies":"Gremlin Leader","floor":24.0,"turns":5.0},{"damage":9,"enemies":"Slavers","floor":27,"turns":4},{"damage":25,"enemies":"Gremlin Leader","floor":31,"turns":5},{"damage":62,"enemies":"Automaton","floor":33,"turns":6}],"seed_played":"6117334273284806927","potions_obtained":[{"floor":2.0,"key":"AttackPotion"},{"floor":10.0,"key":"PowerPotion"},{"floor":11.0,"key":"DistilledChaos"},{"floor":22.0,"key":"SkillPotion"},{"floor":31,"key":"Ancient Potion"}],"is_trial":false,"path_per_floor":["M","M","$","M","?","R","$","R","T","M","M","E","M","?","R","B",null,"M","$","M","?","M","R","E","R","T","E","R","?","R","E","R","B"],"character_chosen":"THE_SILENT","items_purchased":["Prepared","Block Potion","Expertise","Swift Potion"],"campfire_rested":4,"item_purchase_floors":[7,7,19,19],"current_hp_per_floor":[58,49,49,46,35,35,35,35,35,21,17,9,9,9,25,20,46,30,30,20,20,19,35,29,29,39,30,49,49,49,24,43,0,0],"gold":236,"neow_bonus":"THREE_RARE_CARDS","is_daily":false,"chose_seed":false,"campfire_upgraded":4,"win_rate":0.0,"timestamp":1614103386,"path_taken":["M","M","$","M","?","R","$","R","T","M","M","E","M","?","R","BOSS","M","$","M","?","?","R","E","R","T","E","R","?","R","E","R","BOSS"],"items_purchased_type":["Card","Potion","Card","Potion"],"build_version":"2020-12-22","purchased_purges":2,"victory":false,"max_hp_per_floor":[60,60,60,60,60,60,60,60,60,60,60,60,60,54,54,54,54,54,54,54,54,54,54,54,54,64,64,64,64,64,64,64,64,64],"relic_stats":{"Dream Catcher":4,"counters":[15,72],"Golden Idol":56,"Shuriken":[4],"Question Card":12,"obtain_stats":[{"Dream Catcher":9,"Lantern":24,"Pear":26,"Golden Idol":14,"Ninja Scroll":27,"Shuriken":31,"Question Card":12,"Ring of the Serpent":17,"Ring of the Snake":0},{"Dream Catcher":3,"Lantern":12,"Pear":12,"Golden Idol":7,"Ninja Scroll":13,"Shuriken":14,"Question Card":6,"Ring of the Serpent":8,"Ring of the Snake":0},{"Dream Catcher":12,"Lantern":57,"Pear":57,"Golden Idol":27,"Ninja Scroll":61,"Shuriken":66,"Question Card":24,"Ring of the Serpent":37,"Ring of the Snake":0}]},"card_choices":[{"not_picked":["Storm of Steel","Burst"],"picked":"Grand Finale","floor":0.0},{"not_picked":["Outmaneuver","Deflect"],"picked":"Predator","floor":1.0},{"not_picked":["Flying Knee","Crippling Poison"],"picked":"Well Laid Plans","floor":2.0},{"not_picked":["Finisher","Outmaneuver"],"picked":"Masterful Stab","floor":4.0},{"not_picked":["Cloak And Dagger","Prepared"],"picked":"Blade Dance","floor":10.0},{"not_picked":["Flying Knee","Prepared"],"picked":"Backflip","floor":11.0},{"not_picked":["Finisher","Catalyst"],"picked":"Reflex","floor":12.0},{"not_picked":["Outmaneuver","Dash","Underhanded Strike"],"picked":"Leg Sweep","floor":13.0},{"not_picked":["Flying Knee","Underhanded Strike","Outmaneuver"],"picked":"Grand Finale","floor":15.0},{"not_picked":["Night Terror","Tools of the Trade","Glass Knife"],"picked":"Adrenaline","floor":16.0},{"not_picked":["Cloak And Dagger","Bouncing Flask","Eviscerate","Blade Dance+1"],"picked":"SKIP","floor":18.0},{"not_picked":["Masterful Stab","Skewer+1","Slice"],"picked":"Calculated Gamble","floor":20.0},{"not_picked":["Sucker Punch","Slice","Caltrops+1"],"picked":"Deflect","floor":22.0},{"not_picked":["Masterful Stab","Well Laid Plans+1","Setup+1"],"picked":"Calculated Gamble+1","floor":24.0},{"not_picked":["Leg Sweep+1","All Out Attack","Underhanded Strike"],"picked":"After Image","floor":27},{"not_picked":["Blur","Backflip","Distraction"],"picked":"Prepared","floor":28},{"not_picked":["Deadly Poison","Flying Knee","Heel Hook","Phantasmal Killer"],"picked":"SKIP","floor":31},{"not_picked":["Skewer","Slice","Outmaneuver"],"picked":"Prepared","floor":32}],"player_experience":93180,"relics_obtained":[{"floor":9.0,"key":"Dream Catcher"},{"floor":12.0,"key":"Question Card"},{"floor":24.0,"key":"Lantern"},{"floor":26,"key":"Pear"},{"floor":27,"key":"Ninja Scroll"},{"floor":31,"key":"Shuriken"}],"event_choices":[{"damage_healed":0.0,"max_hp_gain":0.0,"max_hp_loss":0.0,"gold_gain":75.0,"event_name":"World of Goop","player_choice":"Gather Gold","floor":5.0,"gold_loss":0.0,"damage_taken":11.0},{"damage_healed":0.0,"max_hp_gain":0.0,"max_hp_loss":6.0,"gold_gain":0.0,"event_name":"Golden Idol","player_choice":"Lose Max HP","floor":14.0,"gold_loss":0.0,"damage_taken":0.0,"relics_obtained":["Golden Idol"]},{"damage_healed":0.0,"max_hp_gain":0.0,"max_hp_loss":0.0,"gold_gain":50.0,"event_name":"Golden Shrine","player_choice":"Pray","floor":21.0,"gold_loss":0.0,"damage_taken":0.0},{"damage_healed":0,"gold_gain":0,"player_choice":"Ignored","damage_taken":0,"max_hp_gain":0,"max_hp_loss":0,"event_name":"Vampires","floor":29,"gold_loss":0}],"is_beta":false,"boss_relics":[{"not_picked":["SlaversCollar","Velvet Choker"],"picked":"Ring of the Serpent"}],"items_purged_floors":[3,19],"is_endless":false,"potions_floor_spawned":[2,10,11,22,31],"killed_by":"Automaton","ascension_level":20}}