{"host":"kw3n9x3mpxk65n60","time":1614041744,"event":{"mods":["BaseMod","Colored Map","Colored Powertips","Downfall","GifTheSpireLib","Jorbs\u0027s Wanderer Trilogy","Minty Spire (QoL Compilation)","Slay the Streamer","StSLib","The Jungle"],"gold_per_floor":[99,119,136,136,23,42,123,147,147,147,147,147,147,147],"floor_reached":12,"language":"ENG","playtime":513,"items_purged":["Looming Evil"],"score":66,"play_id":"b8bd1162-a885-42ae-b4b2-192dedba8a58","local_time":"20210222165544","is_ascension_mode":false,"campfire_choices":[{"floor":1.0,"key":"DIG"},{"floor":11,"key":"RECALL"}],"circlet_count":1,"master_deck":["champ:Strike","champ:Strike","champ:Defend","champ:Defend","champ:Defend","champ:Execute","champ:Taunt","Impatience","champ:Backstep","champ:GutPunch","champ:FocusedDefense","champ:LastStand","champ:BringItOn","champ:Shatter","champ:FlashCut","champ:DefensiveShout"],"relics":["champ:ChampionCrown","Circlet","champ:GladiatorsBookOfMartialProwess"],"acts_visited":["Exordium"],"potions_floor_usage":[],"damage_taken":[{"damage":8.0,"enemies":"Small Slimes","floor":2.0,"turns":3.0},{"damage":20.0,"enemies":"Cultist","floor":3.0,"turns":4.0},{"damage":10.0,"enemies":"downfall:FleeingMerchant","floor":5.0,"turns":4.0},{"damage":10.0,"enemies":"Jaw Worm","floor":6.0,"turns":3.0},{"damage":0,"enemies":"3 Sentries","floor":12,"turns":1}],"seed_played":"-2965293528534864623","potions_obtained":[{"floor":3.0,"key":"Dexterity Potion"}],"is_trial":false,"path_per_floor":["R_BF","M","M","?","$","M","T","T","T","T","R","E"],"character_chosen":"THE_CHAMP","items_purchased":["champ:FlashCut"],"campfire_rested":0,"item_purchase_floors":[5],"current_hp_per_floor":[90,82,82,82,72,72,72,72,72,72,72,72,72,72],"gold":147,"neow_bonus":"RANDOM_COLORLESS","is_daily":false,"chose_seed":false,"campfire_upgraded":0,"win_rate":0.0,"timestamp":1614041744,"path_taken":["R_BF","M","M","?","$","M","T","R","E"],"items_purchased_type":["Card"],"build_version":"2020-12-22","purchased_purges":1,"victory":false,"max_hp_per_floor":[90,90,90,90,90,90,90,90,90,90,90,90,90,90],"card_choices":[{"not_picked":["Swift Strike","Replay:Sssssssssshield"],"picked":"Impatience","floor":0.0},{"not_picked":["champ:FanOfKnives","champ:PreciseThrust"],"picked":"champ:Backstep","floor":2.0},{"not_picked":["champ:DeathBlow","champ:HeartStrike"],"picked":"champ:GutPunch","floor":3.0},{"not_picked":["champ:BladeFlurry","champ:DefensiveShout"],"picked":"champ:Shatter","floor":5.0},{"not_picked":["champ:Shatter","champ:BerserkersShout"],"picked":"champ:DefensiveShout","floor":6.0}],"player_experience":340415,"relics_obtained":[{"floor":1.0,"key":"ReplayTheSpireMod:Ninjato"},{"floor":7.0,"key":"Snack Pack"},{"floor":9,"key":"champ:GladiatorsBookOfMartialProwess"}],"event_choices":[],"is_beta":false,"boss_relics":[],"items_purged_floors":[5],"is_endless":false,"potions_floor_spawned":[3],"killed_by":"3 Sentries","ascension_level":0}}