{"host":"6p0attdrtjqaih7v","time":1614038519,"event":{"mods":["2.2 Compatiblity","AchievementEnabler","BaseMod","Better Skull","Better Third Choice","Card Filter","Colored Powertips","Hermit","Highlight Path","Hubris","Key Reminder","Minty Spire (QoL Compilation)","Permanent Neow","Quick Restart","Random Character Button","Relic Filter","Relic Stats","Reliquary","Replay The Spire","Robot Space Explorer","StSLib","The Construct","The Gatherer","The Hayseed","The Runesmith","The Witch"],"gold_per_floor":[112,127,127,141,159,159,194,194,242,242,297,356,356,369,369,446,446,466,485,503,13,13,40,40,69,69,87,87,101,136,3,3,82,82,94,316,316,330,345,345,24,24,51,51,80,92,122,138,138,138,138],"floor_reached":52,"language":"ENG","playtime":2457,"items_purged":["Strike_R","Strike_R"],"score":1975,"play_id":"4c9e7762-2a02-4401-855f-861d4d9dddbe","local_time":"20210222190159","is_ascension_mode":true,"campfire_choices":[{"data":"Clothesline","floor":6,"key":"SMITH"},{"floor":8,"key":"REST"},{"data":"Demon Form","floor":10,"key":"SMITH"},{"floor":13,"key":"REST"},{"data":"Flame Barrier","floor":15,"key":"SMITH"},{"data":"Dark Embrace","floor":24,"key":"SMITH"},{"data":"Entrench","floor":32,"key":"SMITH"},{"data":"Fiend Fire","floor":40,"key":"SMITH"},{"data":"Immolate","floor":42,"key":"SMITH"},{"data":"Second Wind","floor":44,"key":"SMITH"},{"data":"Disarm","floor":49,"key":"SMITH"}],"circlet_count":0,"master_deck":["AscendersBane","Strike_R","Defend_R","Defend_R","Defend_R","Bash+1","Demon Form+1","Perfected Strike","Second Wind+1","Clothesline+1","Flame Barrier+1","Carnage","Ghostly Armor","Anger+1","Twin Strike","Brutality","Shrug It Off","Pommel Strike","Intimidate","Dark Embrace+1","Intimidate","Fiend Fire+1","Burning Pact","Body Slam+1","Barricade","Entrench+1","Immolate+1","AbeCurse","Replay:Undeath\u0027s Touch+1","Havoc+1","Fiend Fire","Whirlwind+1","Sentinel+1","Disarm+1"],"relics":["Burning Blood","The Courier","Oddly Smooth Stone","Anchor","hubris:PeanutButter","ChewingGum","Membership Card","Red Skull","hubris:64BitClover","Runesmith:AutoHammer","Potion Belt","Pear","reliquary:PartyBalloon","Orichalcum","Red Mask","Abe\u0027s Treasure","hubris:Icosahedron","hubris:BundleOfHerbs","Runesmith:Nanobots","reliquary:Knoch","Smiling Mask","hubris:Reverence","Pet Ghost"],"acts_visited":["Exordium","TheCity","TheBeyond"],"potions_floor_usage":[7,16,18,23,23,25,29,30,33,45,47,50],"damage_taken":[{"damage":7,"enemies":"Jaw Worm","floor":1,"turns":3},{"damage":1,"enemies":"Cultist","floor":2,"turns":3},{"damage":15,"enemies":"2 Louse","floor":4,"turns":3},{"damage":17,"enemies":"2 Fungi Beasts","floor":5,"turns":4},{"damage":30,"enemies":"3 Sentries","floor":7,"turns":8},{"damage":0,"enemies":"Looter","floor":14,"turns":3},{"damage":19,"enemies":"Hexaghost","floor":16,"turns":8},{"damage":0,"enemies":"2 Thieves","floor":18,"turns":4},{"damage":18,"enemies":"Shell Parasite","floor":19,"turns":5},{"damage":7,"enemies":"Shelled Parasite and Fungi","floor":20,"turns":5},{"damage":24,"enemies":"Slavers","floor":23,"turns":5},{"damage":34,"enemies":"Book of Stabbing","floor":25,"turns":6},{"damage":0,"enemies":"Snecko","floor":27,"turns":5},{"damage":2,"enemies":"Snake Plant","floor":29,"turns":4},{"damage":14,"enemies":"Masked Bandits","floor":30,"turns":4},{"damage":5,"enemies":"Champ","floor":33,"turns":9},{"damage":8,"enemies":"3 Darklings","floor":35,"turns":4},{"damage":8,"enemies":"Orb Walker","floor":38,"turns":3},{"damage":0,"enemies":"Writhing Mass","floor":39,"turns":7},{"damage":9,"enemies":"Reptomancer","floor":45,"turns":7},{"damage":12,"enemies":"Jaw Worm Horde","floor":46,"turns":4},{"damage":0,"enemies":"Giant Head","floor":47,"turns":5},{"damage":0,"enemies":"4 Shapes","floor":48,"turns":4},{"damage":23,"enemies":"Awakened One","floor":50,"turns":9},{"damage":26,"enemies":"Time Eater","floor":51,"turns":10}],"seed_played":"-1210707419704576222","potions_obtained":[{"floor":1,"key":"Strength Potion"},{"floor":7,"key":"SkillPotion"},{"floor":12,"key":"PowerPotion"},{"floor":19,"key":"ColorlessPotion"},{"floor":23,"key":"EssenceOfSteel"},{"floor":27,"key":"Adrenaline Potion"},{"floor":29,"key":"Energy Potion"},{"floor":30,"key":"Elixir"},{"floor":46,"key":"FearPotion"},{"floor":47,"key":"ColorlessPotion"},{"floor":48,"key":"DistilledChaos"}],"is_trial":false,"path_per_floor":["M","M","?","M","M","R","E","R","T","R","T","?","R","M","R","B",null,"M","M","M","$","?","E","R","E","T","M","?","M","?","$","R","B",null,"M","?","?","M","M","R","$","R","T","R","E","M","E","M","R","B","B",null],"character_chosen":"IRONCLAD","items_purchased":["Membership Card","Red Skull","hubris:64BitClover","Dark Embrace","Elixir","Runesmith:AutoHammer","Potion Belt","Barricade","Entrench","hubris:BundleOfHerbs","Swift Potion","Runesmith:Nanobots"],"campfire_rested":2,"item_purchase_floors":[21,21,21,21,21,21,21,31,31,41,41,41],"current_hp_per_floor":[49,54,54,45,34,34,10,32,32,32,32,8,30,36,36,23,62,68,56,55,55,47,39,39,11,11,17,17,21,13,13,13,14,67,65,65,65,63,69,69,69,69,69,69,66,60,66,72,72,55,85],"gold":138,"neow_bonus":"TRANSFORM_TWO_CARDS","is_daily":false,"chose_seed":false,"campfire_upgraded":9,"win_rate":0.0,"timestamp":1614038519,"path_taken":["M","M","?","?","M","R","E","R","T","R","?","?","R","M","R","BOSS","M","M","M","$","?","E","R","E","T","M","?","M","?","$","R","BOSS","M","?","?","M","M","R","?","R","T","R","E","?","E","M","R","BOSS","BOSS"],"items_purchased_type":["Relic","Relic","Relic","Card","Potion","Relic","Relic","Card","Card","Relic","Potion","Relic"],"build_version":"2020-12-22","purchased_purges":2,"victory":true,"max_hp_per_floor":[75,75,75,75,75,75,75,75,75,75,75,75,75,75,75,75,75,75,75,75,75,75,85,85,85,85,85,85,85,85,85,85,85,85,85,85,85,85,85,85,85,85,85,85,85,85,85,85,85,85,85],"relic_stats":{"counters":[25,132],"Orichalcum":[54],"Smiling Mask":0,"obtain_stats":[{"Potion Belt":21,"Runesmith:Nanobots":41,"Pear":23,"hubris:64BitClover":21,"reliquary:PartyBalloon":25,"Oddly Smooth Stone":9,"The Courier":7,"Orichalcum":26,"Smiling Mask":45,"Burning Blood":0,"Pet Ghost":47,"Anchor":11,"hubris:Icosahedron":37,"hubris:PeanutButter":12,"ChewingGum":17,"hubris:BundleOfHerbs":41,"Red Mask":30,"Membership Card":21,"Runesmith:AutoHammer":21,"reliquary:Knoch":43,"Red Skull":21,"Abe\u0027s Treasure":34,"hubris:Reverence":46},{"Potion Belt":10,"Runesmith:Nanobots":19,"Pear":11,"hubris:64BitClover":10,"reliquary:PartyBalloon":12,"Oddly Smooth Stone":5,"The Courier":5,"Orichalcum":12,"Smiling Mask":20,"Burning Blood":0,"Pet Ghost":22,"Anchor":5,"hubris:Icosahedron":17,"hubris:PeanutButter":5,"ChewingGum":7,"hubris:BundleOfHerbs":19,"Red Mask":15,"Membership Card":10,"Runesmith:AutoHammer":10,"reliquary:Knoch":19,"Red Skull":10,"Abe\u0027s Treasure":16,"hubris:Reverence":21},{"Potion Belt":46,"Runesmith:Nanobots":93,"Pear":51,"hubris:64BitClover":46,"reliquary:PartyBalloon":57,"Oddly Smooth Stone":21,"The Courier":21,"Orichalcum":57,"Smiling Mask":100,"Burning Blood":0,"Pet Ghost":109,"Anchor":21,"hubris:Icosahedron":83,"hubris:PeanutButter":21,"ChewingGum":32,"hubris:BundleOfHerbs":93,"Red Mask":70,"Membership Card":46,"Runesmith:AutoHammer":46,"reliquary:Knoch":93,"Red Skull":46,"Abe\u0027s Treasure":79,"hubris:Reverence":104}],"Burning Blood":145},"card_choices":[{"not_picked":["Infernal Blade","Sword Boomerang"],"picked":"Second Wind","floor":1},{"not_picked":["Dropkick","Sentinel"],"picked":"Clothesline","floor":2},{"not_picked":["Headbutt","Iron Wave"],"picked":"Flame Barrier","floor":4},{"not_picked":["Anger","Dark Embrace"],"picked":"Carnage","floor":5},{"not_picked":["True Grit","ReplayTheSpireMod:Limb From Limb"],"picked":"Ghostly Armor","floor":7},{"not_picked":["Sentinel","Evolve"],"picked":"Anger","floor":12},{"not_picked":["Body Slam","Disarm"],"picked":"Twin Strike","floor":14},{"not_picked":["Double Tap","Demonic Infusion"],"picked":"Brutality","floor":16},{"not_picked":["Havoc","Replay:Undeath\u0027s Touch"],"picked":"Shrug It Off","floor":18},{"not_picked":["Inflame","Sentinel"],"picked":"Pommel Strike","floor":19},{"not_picked":["Warcry","Clash"],"picked":"Intimidate","floor":20},{"not_picked":["Clothesline","Hemokinesis"],"picked":"Intimidate","floor":23},{"not_picked":["Twin Strike","Power Through"],"picked":"Fiend Fire","floor":25},{"not_picked":["Thunderclap","Havoc"],"picked":"Burning Pact","floor":27},{"not_picked":["Rampage","Blood for Blood","Ghostly Armor"],"picked":"SKIP","floor":29},{"not_picked":["Fire Breathing","Thunderclap"],"picked":"Body Slam+1","floor":30},{"not_picked":["Limit Break","Berserk"],"picked":"Immolate","floor":33},{"not_picked":["Cleave+1","Thunderclap"],"picked":"Replay:Undeath\u0027s Touch+1","floor":35},{"not_picked":["Blood for Blood","Flex","Clash"],"picked":"SKIP","floor":38},{"not_picked":["Heavy Blade","Anger+1"],"picked":"Havoc+1","floor":39},{"not_picked":["Iron Wave","Reckless Charge"],"picked":"Fiend Fire","floor":45},{"not_picked":["Replay:Undeath\u0027s Touch","Fire Breathing"],"picked":"Whirlwind+1","floor":46},{"not_picked":["Clash","Shrug It Off"],"picked":"Sentinel+1","floor":47},{"not_picked":["Body Slam","Clothesline"],"picked":"Disarm","floor":48}],"player_experience":1240641,"relics_obtained":[{"floor":7,"key":"The Courier"},{"floor":9,"key":"Oddly Smooth Stone"},{"floor":11,"key":"Anchor"},{"floor":12,"key":"hubris:PeanutButter"},{"floor":23,"key":"Pear"},{"floor":25,"key":"reliquary:PartyBalloon"},{"floor":26,"key":"Orichalcum"},{"floor":30,"key":"Red Mask"},{"floor":43,"key":"reliquary:Knoch"},{"floor":45,"key":"Smiling Mask"},{"floor":46,"key":"hubris:Reverence"},{"floor":47,"key":"Pet Ghost"}],"event_choices":[{"cards_removed":["Strike_R"],"damage_healed":0,"gold_gain":0,"player_choice":"Purged","damage_taken":0,"max_hp_gain":0,"max_hp_loss":0,"event_name":"Purifier","floor":3,"gold_loss":0},{"damage_healed":0,"gold_gain":0,"player_choice":"Ignored","damage_taken":0,"max_hp_gain":0,"max_hp_loss":0,"event_name":"The Mausoleum","floor":28,"gold_loss":0},{"damage_healed":0,"gold_gain":0,"player_choice":"Fought Bandits","damage_taken":0,"max_hp_gain":0,"max_hp_loss":0,"event_name":"Masked Bandits","floor":30,"gold_loss":0},{"damage_healed":0,"gold_gain":222,"player_choice":"Wore Mask","damage_taken":0,"max_hp_gain":0,"max_hp_loss":0,"event_name":"Tomb of Lord Red Mask","floor":36,"gold_loss":0}],"is_beta":false,"boss_relics":[{"not_picked":["Astrolabe","Runic Cube"],"picked":"ChewingGum"},{"not_picked":["Pandora\u0027s Box","SacredBark"],"picked":"Abe\u0027s Treasure"}],"items_purged_floors":[31,41],"is_endless":false,"potions_floor_spawned":[1,7,19,23,27,29,30,46,47,48],"ascension_level":20}}