{"host":"lv7etzzgwahaenh9","time":1614107463,"event":{"mods":["AchievementEnabler","BaseMod","Colored Map","Colored Powertips","Highlight Path","Minty Spire (QoL Compilation)","Permanent Neow","Quick Restart","Random Character Button","StSLib"],"gold_per_floor":[218,293,243,254,269,269,303,315,315,315,32,60,60,71,71,148,148,158,158,169,188,204,204,234,60,86,86,105,105,105,135,135,210,210,222,240,253,272,69,69,100,100,100,100,118,148,162,190,190,190,190,190,140,173,173,173],"floor_reached":55,"language":"ENG","playtime":2710,"items_purged":["Strike_R","Strike_R","Strike_R"],"score":1329,"play_id":"20e90c21-d735-4ef1-bbbb-85b897a2231a","local_time":"20210223111103","is_ascension_mode":true,"campfire_choices":[{"data":"Whirlwind","floor":6.0,"key":"SMITH"},{"floor":13.0,"key":"REST"},{"data":"Fiend Fire","floor":15.0,"key":"SMITH"},{"data":"Warcry","floor":23.0,"key":"SMITH"},{"data":"Immolate","floor":29.0,"key":"SMITH"},{"floor":32.0,"key":"REST"},{"data":"Fiend Fire","floor":40.0,"key":"SMITH"},{"data":"Exhume","floor":42.0,"key":"SMITH"},{"floor":49.0,"key":"RECALL"},{"data":"Sentinel","floor":52.0,"key":"SMITH"}],"circlet_count":0,"master_deck":["AscendersBane","Strike_R","Defend_R","Defend_R","Defend_R+1","Defend_R","Bash","Whirlwind+1","Warcry+1","Iron Wave","Power Through","Fiend Fire+1","Immolate+1","Inflame+1","Barricade+1","Seeing Red","Power Through+1","True Grit+1","Sentinel+1","Spot Weakness+1","Dark Embrace+1","Shrug It Off","Fire Breathing+1","Fiend Fire+1","Exhume+1","Disarm+1","Thunderclap","Feel No Pain+1"],"relics":["Black Blood","Bag of Marbles","Smiling Mask","Self Forming Clay","Vajra","Frozen Egg 2","Centennial Puzzle","War Paint","MutagenicStrength","Charon\u0027s Ashes","Runic Pyramid","Chemical X","HornCleat","Pocketwatch","FossilizedHelix","White Beast Statue"],"acts_visited":["Exordium","TheCity","TheBeyond","TheEnding"],"potions_floor_usage":[54,55,55],"damage_taken":[{"damage":6.0,"enemies":"Cultist","floor":1.0,"turns":4.0},{"damage":0.0,"enemies":"2 Louse","floor":4.0,"turns":2.0},{"damage":4.0,"enemies":"Small Slimes","floor":5.0,"turns":3.0},{"damage":26.0,"enemies":"Gremlin Nob","floor":7.0,"turns":4.0},{"damage":0.0,"enemies":"Exordium Thugs","floor":8.0,"turns":3.0},{"damage":5.0,"enemies":"Lagavulin","floor":12.0,"turns":3.0},{"damage":0.0,"enemies":"3 Louse","floor":14.0,"turns":1.0},{"damage":2.0,"enemies":"Slime Boss","floor":16.0,"turns":6.0},{"damage":22.0,"enemies":"Spheric Guardian","floor":18.0,"turns":5.0},{"damage":13.0,"enemies":"3 Byrds","floor":20.0,"turns":4.0},{"damage":20.0,"enemies":"Shelled Parasite and Fungi","floor":21.0,"turns":6.0},{"damage":24.0,"enemies":"Snake Plant","floor":22.0,"turns":5.0},{"damage":0.0,"enemies":"Gremlin Leader","floor":24.0,"turns":5.0},{"damage":1.0,"enemies":"Centurion and Healer","floor":28.0,"turns":6.0},{"damage":50.0,"enemies":"Book of Stabbing","floor":31.0,"turns":7.0},{"damage":60.0,"enemies":"Automaton","floor":33.0,"turns":10.0},{"damage":4.0,"enemies":"3 Darklings","floor":35.0,"turns":2.0},{"damage":8.0,"enemies":"3 Shapes","floor":36.0,"turns":3.0},{"damage":11.0,"enemies":"Spire Growth","floor":37.0,"turns":4.0},{"damage":0.0,"enemies":"Sphere and 2 Shapes","floor":38.0,"turns":4.0},{"damage":2.0,"enemies":"Nemesis","floor":41.0,"turns":3.0},{"damage":5.0,"enemies":"4 Shapes","floor":45.0,"turns":3.0},{"damage":24.0,"enemies":"Giant Head","floor":46.0,"turns":6.0},{"damage":6.0,"enemies":"Writhing Mass","floor":47.0,"turns":5.0},{"damage":1.0,"enemies":"Reptomancer","floor":48.0,"turns":5.0},{"damage":42.0,"enemies":"Awakened One","floor":50.0,"turns":9.0},{"damage":25,"enemies":"Shield and Spear","floor":54,"turns":7},{"damage":65,"enemies":"The Heart","floor":55,"turns":6}],"seed_played":"-2079999923166686338","potions_obtained":[{"floor":5.0,"key":"SkillPotion"},{"floor":7.0,"key":"Block Potion"},{"floor":8.0,"key":"Fruit Juice"},{"floor":14.0,"key":"FearPotion"},{"floor":16.0,"key":"DuplicationPotion"},{"floor":18.0,"key":"Dexterity Potion"},{"floor":19.0,"key":"Fruit Juice"},{"floor":19.0,"key":"FairyPotion"},{"floor":20.0,"key":"HeartOfIron"},{"floor":33.0,"key":"FearPotion"},{"floor":38.0,"key":"LiquidBronze"},{"floor":41.0,"key":"EssenceOfSteel"},{"floor":54,"key":"EssenceOfSteel"}],"is_trial":false,"path_per_floor":["M","?","?","M","M","R","E","M","T","?","$","E","R","M","R","B",null,"M","?","M","M","M","R","E","$","T","?","M","R","?","E","R","B",null,"M","M","M","M","$","R","E","R","T","?","M","E","M","E","R","B",null,"R","$","E","B"],"character_chosen":"IRONCLAD","items_purchased":["Fiend Fire","Vajra","Dark Embrace+1","Shrug It Off","Chemical X"],"campfire_rested":2,"item_purchase_floors":[11,11,25,25,39],"current_hp_per_floor":[68,57,57,63,65,65,45,51,51,26,26,27,49,55,55,59,71,61,71,70,62,50,50,62,62,62,62,73,73,73,35,60,37,73,81,85,85,85,85,85,85,85,85,85,85,73,79,85,85,55,78,78,78,65,0,0],"gold":173,"neow_bonus":"HUNDRED_GOLD","is_daily":false,"chose_seed":false,"campfire_upgraded":7,"win_rate":0.0,"timestamp":1614107463,"path_taken":["M","?","?","M","M","R","E","M","T","?","$","E","R","M","R","BOSS","M","?","M","M","M","R","E","?","T","?","M","R","?","E","R","BOSS","M","M","M","M","$","R","E","R","T","?","M","E","M","E","R","BOSS","R","$","E","BOSS"],"items_purchased_type":["Card","Relic","Card","Card","Relic"],"build_version":"2020-12-22","purchased_purges":3,"victory":false,"max_hp_per_floor":[75,75,75,75,75,75,75,75,75,75,75,75,75,75,75,75,75,75,85,85,85,85,85,85,85,85,85,85,85,85,85,85,85,85,85,85,85,85,85,85,85,85,85,85,85,85,85,85,85,85,85,85,85,85,85,85],"card_choices":[{"not_picked":["Iron Wave","Flame Barrier"],"picked":"Whirlwind","floor":1.0},{"not_picked":["Havoc","Headbutt"],"picked":"Warcry","floor":4.0},{"not_picked":["Rage","Cleave"],"picked":"Iron Wave","floor":5.0},{"not_picked":["Twin Strike","Warcry"],"picked":"Power Through","floor":7.0},{"not_picked":["Heavy Blade","Thunderclap","Iron Wave"],"picked":"SKIP","floor":8.0},{"not_picked":["Shrug It Off","Inflame+1"],"picked":"Immolate","floor":12.0},{"not_picked":["Flex","Armaments"],"picked":"Inflame+1","floor":14.0},{"not_picked":["Feed","Exhume"],"picked":"Barricade+1","floor":16.0},{"not_picked":["Sword Boomerang","Clothesline"],"picked":"Seeing Red","floor":18.0},{"not_picked":["Heavy Blade","Warcry"],"picked":"Power Through","floor":20.0},{"not_picked":["Heavy Blade","Warcry"],"picked":"True Grit+1","floor":21.0},{"not_picked":["Hemokinesis","Carnage"],"picked":"Sentinel","floor":22.0},{"not_picked":["Entrench","Warcry"],"picked":"Spot Weakness+1","floor":24.0},{"not_picked":["Cleave","Shockwave","Sword Boomerang"],"picked":"SKIP","floor":28.0},{"not_picked":["Flex","Headbutt","Barricade+1"],"picked":"SKIP","floor":31.0},{"not_picked":["Immolate","Brutality+1"],"picked":"Fiend Fire","floor":33.0},{"not_picked":["Anger","Flex","Body Slam"],"picked":"SKIP","floor":35.0},{"not_picked":["Headbutt","Pommel Strike","Sword Boomerang+1"],"picked":"SKIP","floor":36.0},{"not_picked":["Wild Strike","Flex"],"picked":"Exhume","floor":37.0},{"not_picked":["Dual Wield","True Grit","Heavy Blade+1"],"picked":"SKIP","floor":38.0},{"not_picked":["Berserk+1","Warcry"],"picked":"Disarm","floor":41.0},{"not_picked":["Wild Strike","Inflame+1","Twin Strike"],"picked":"SKIP","floor":45.0},{"not_picked":["Fire Breathing+1","Shrug It Off","Cleave+1"],"picked":"SKIP","floor":46.0},{"not_picked":["Intimidate+1","Whirlwind","Havoc"],"picked":"SKIP","floor":47.0},{"not_picked":["Burning Pact","Clothesline"],"picked":"Thunderclap","floor":48.0},{"not_picked":["Thunderclap","Twin Strike+1"],"picked":"Feel No Pain+1","floor":54}],"player_experience":521479,"relics_obtained":[{"floor":7.0,"key":"Bag of Marbles"},{"floor":9.0,"key":"Smiling Mask"},{"floor":12.0,"key":"Frozen Egg 2"},{"floor":24.0,"key":"Centennial Puzzle"},{"floor":26.0,"key":"War Paint"},{"floor":31.0,"key":"Charon\u0027s Ashes"},{"floor":41.0,"key":"HornCleat"},{"floor":46.0,"key":"Pocketwatch"},{"floor":48.0,"key":"FossilizedHelix"},{"floor":54,"key":"White Beast Statue"}],"event_choices":[{"damage_healed":0.0,"max_hp_gain":0.0,"max_hp_loss":0.0,"gold_gain":75.0,"event_name":"World of Goop","player_choice":"Gather Gold","floor":2.0,"gold_loss":0.0,"damage_taken":11.0},{"cards_removed":["Strike_R"],"damage_healed":0.0,"max_hp_gain":0.0,"max_hp_loss":0.0,"gold_gain":0.0,"event_name":"The Cleric","player_choice":"Card Removal","floor":3.0,"gold_loss":50.0,"damage_taken":0.0},{"damage_healed":0.0,"max_hp_gain":0.0,"max_hp_loss":0.0,"gold_gain":0.0,"event_name":"Scrap Ooze","player_choice":"Success","floor":10.0,"gold_loss":0.0,"damage_taken":25.0,"relics_obtained":["Self Forming Clay"]},{"damage_healed":0.0,"max_hp_gain":0.0,"max_hp_loss":0.0,"gold_gain":0.0,"event_name":"Lab","player_choice":"Got Potions","floor":19.0,"gold_loss":0.0,"damage_taken":0.0},{"damage_healed":0.0,"max_hp_gain":0.0,"max_hp_loss":0.0,"gold_gain":0.0,"event_name":"Drug Dealer","player_choice":"Inject Mutagens","floor":27.0,"gold_loss":0.0,"damage_taken":0.0,"relics_obtained":["MutagenicStrength"]},{"damage_healed":0.0,"max_hp_gain":0.0,"max_hp_loss":0.0,"gold_gain":0.0,"event_name":"The Library","player_choice":"Read","floor":30.0,"gold_loss":0.0,"damage_taken":0.0,"cards_obtained":["Fire Breathing"]},{"damage_healed":0.0,"max_hp_gain":0.0,"max_hp_loss":0.0,"gold_gain":0.0,"event_name":"Upgrade Shrine","player_choice":"Upgraded","floor":44.0,"gold_loss":0.0,"damage_taken":0.0,"cards_upgraded":["Disarm"]}],"is_beta":false,"boss_relics":[{"not_picked":["Astrolabe","Philosopher\u0027s Stone"],"picked":"Black Blood"},{"not_picked":["Velvet Choker","Busted Crown"],"picked":"Runic Pyramid"}],"items_purged_floors":[25,39,53],"is_endless":false,"potions_floor_spawned":[5,7,8,14,16,18,20,21,33,38,41,45,48,54],"killed_by":"The Heart","ascension_level":14}}