{"host":"l1pzlbpva2o8t11s","time":1614085020,"event":{"mods":["AchievementEnabler","BaseMod","Block Reminder","Colored Map","Minty Spire (QoL Compilation)","Random Character Button","Relic Stats","StSLib","The Jungle"],"gold_per_floor":[367,542,555,117,131,131,166,166,166,186,186,151,182,10,10,113,113,113,113,45,45,45,45,45,45,45,45,45,45,45,45,45,45,45,45,45,45,45,45,45,45,45,45,45,0,0,0,0,0,0,0,0,0,0,0],"floor_reached":56,"language":"ENG","playtime":8711,"items_purged":["Doubt","Strike_B"],"score":1216,"play_id":"f65d88b0-89d9-4323-bb37-b4eac105cb01","local_time":"20210223135700","is_ascension_mode":true,"campfire_choices":[{"data":"Defragment","floor":6,"key":"SMITH"},{"data":"Defragment","floor":8,"key":"SMITH"},{"floor":11,"key":"REST"},{"data":"Capacitor","floor":15,"key":"SMITH"},{"floor":24,"key":"REST"},{"floor":27,"key":"REST"},{"data":"White Noise","floor":32,"key":"SMITH"},{"floor":40,"key":"RECALL"},{"data":"Creative AI","floor":42,"key":"SMITH"},{"data":"Amplify","floor":44,"key":"SMITH"},{"data":"Blizzard","floor":49,"key":"SMITH"},{"data":"Machine Learning","floor":52,"key":"SMITH"}],"circlet_count":0,"master_deck":["Strike_B","Strike_B","Strike_B","Defend_B","Defend_B","Defend_B","Defend_B","Zap","Dualcast","Cold Snap","Defragment+1","Defragment+1","Cold Snap","Cold Snap","Amplify+1","Capacitor+1","Machine Learning+1","White Noise+1","Defragment+1","Blizzard+1","Cold Snap","Static Discharge","Blizzard","Creative AI+1","Cold Snap+1","Capacitor","Self Repair"],"relics":["Cracked Core","Ice Cream","Turnip","Gremlin Horn","Sundial","Ectoplasm","Bird Faced Urn","Bag of Preparation","Old Coin","SlaversCollar","Letter Opener","Red Mask","Du-Vu Doll"],"acts_visited":["Exordium","TheCity","TheBeyond","TheEnding"],"potions_floor_usage":[23,55],"damage_taken":[{"damage":6,"enemies":"Jaw Worm","floor":1,"turns":3},{"damage":0,"enemies":"2 Louse","floor":3,"turns":3},{"damage":0,"enemies":"Cultist","floor":5,"turns":3},{"damage":11,"enemies":"Lagavulin","floor":7,"turns":6},{"damage":9,"enemies":"Lots of Slimes","floor":10,"turns":3},{"damage":12,"enemies":"3 Sentries","floor":13,"turns":8},{"damage":12,"enemies":"Hexaghost","floor":16,"turns":13},{"damage":0,"enemies":"Spheric Guardian","floor":18,"turns":4},{"damage":5,"enemies":"Chosen","floor":21,"turns":5},{"damage":74,"enemies":"Slavers","floor":23,"turns":7},{"damage":17,"enemies":"Snake Plant","floor":25,"turns":3},{"damage":11,"enemies":"Gremlin Leader","floor":28,"turns":4},{"damage":7,"enemies":"3 Cultists","floor":29,"turns":5},{"damage":15,"enemies":"Collector","floor":33,"turns":7},{"damage":32,"enemies":"3 Darklings","floor":35,"turns":5},{"damage":18,"enemies":"3 Shapes","floor":36,"turns":7},{"damage":24,"enemies":"Spire Growth","floor":38,"turns":9},{"damage":72,"enemies":"Reptomancer","floor":41,"turns":12},{"damage":39,"enemies":"Jaw Worm Horde","floor":46,"turns":11},{"damage":43,"enemies":"Sphere and 2 Shapes","floor":47,"turns":10},{"damage":20,"enemies":"Donu and Deca","floor":50,"turns":13},{"damage":85,"enemies":"Shield and Spear","floor":54,"turns":12},{"damage":87,"enemies":"The Heart","floor":55,"turns":15}],"seed_played":"-5237907802356565247","potions_obtained":[{"floor":1,"key":"FairyPotion"},{"floor":7,"key":"FearPotion"},{"floor":10,"key":"EssenceOfDarkness"},{"floor":23,"key":"CultistPotion"},{"floor":25,"key":"SteroidPotion"},{"floor":35,"key":"SneckoOil"},{"floor":47,"key":"GamblersBrew"},{"floor":54,"key":"AttackPotion"}],"is_trial":false,"path_per_floor":["M","?","M","$","M","R","E","R","T","M","R","?","E","$","R","B",null,"M","?","$","M","$","E","R","M","T","R","E","M","?","?","R","B",null,"M","M","$","M","$","R","E","R","T","R","?","M","M","$","R","B",null,"R","$","E","B",null],"character_chosen":"DEFECT","items_purchased":["Defragment","Ice Cream","Capacitor","Blizzard"],"campfire_rested":3,"item_purchase_floors":[4,4,14,20],"current_hp_per_floor":[48,48,48,48,48,48,37,37,37,28,50,68,56,56,56,44,75,75,75,75,70,70,22,44,37,37,59,64,73,73,73,73,68,75,60,62,62,72,72,72,51,51,51,51,51,75,75,75,75,75,75,75,75,75,75],"gold":0,"neow_bonus":"TWO_FIFTY_GOLD","is_daily":false,"chose_seed":false,"campfire_upgraded":8,"win_rate":0.0,"timestamp":1614085020,"path_taken":["M","?","M","$","M","R","E","R","T","M","R","?","E","$","R","BOSS","M","?","?","M","$","E","R","M","T","R","E","?","?","?","R","BOSS","M","M","?","M","$","R","E","R","T","R","?","M","M","?","R","BOSS","R","$","E","BOSS"],"items_purchased_type":["Card","Relic","Card","Card"],"build_version":"2020-12-22","purchased_purges":2,"victory":true,"max_hp_per_floor":[75,75,75,75,75,75,75,75,75,75,75,75,75,75,75,75,75,75,75,75,75,75,75,75,75,75,75,75,75,75,75,75,75,75,75,75,75,75,75,75,75,75,75,75,75,75,75,75,75,75,75,75,75,75,75],"relic_stats":{"Gremlin Horn":[35,35],"counters":[23,168],"Sundial":[26],"Bird Faced Urn":[464],"Turnip":[15],"Ectoplasm":799,"Bag of Preparation":[24],"Letter Opener":[38],"obtain_stats":[{"Ice Cream":4,"Gremlin Horn":9,"Bag of Preparation":26,"Letter Opener":41,"Old Coin":28,"Du-Vu Doll":54,"SlaversCollar":34,"Sundial":13,"Bird Faced Urn":23,"Turnip":7,"Ectoplasm":17,"Red Mask":45,"Cracked Core":0},{"Ice Cream":2,"Gremlin Horn":4,"Bag of Preparation":11,"Letter Opener":18,"Old Coin":12,"Du-Vu Doll":22,"SlaversCollar":14,"Sundial":6,"Bird Faced Urn":10,"Turnip":4,"Ectoplasm":7,"Red Mask":18,"Cracked Core":0},{"Ice Cream":6,"Gremlin Horn":15,"Bag of Preparation":58,"Letter Opener":107,"Old Coin":62,"Du-Vu Doll":153,"SlaversCollar":74,"Sundial":26,"Bird Faced Urn":55,"Turnip":15,"Ectoplasm":39,"Red Mask":107,"Cracked Core":0}]},"card_choices":[{"not_picked":["Rebound","Steam"],"picked":"Cold Snap","floor":1},{"not_picked":["Compile Driver","Sweeping Beam"],"picked":"Defragment","floor":3},{"not_picked":["Rip and Tear","BootSequence","Stack"],"picked":"SKIP","floor":5},{"not_picked":["Rebound","Go for the Eyes"],"picked":"Cold Snap","floor":7},{"not_picked":["Scrape","Rebound"],"picked":"Cold Snap","floor":10},{"not_picked":["Tempest","Conserve Battery"],"picked":"Amplify","floor":13},{"not_picked":["Core Surge","Meteor Strike"],"picked":"Machine Learning","floor":16},{"not_picked":["Conserve Battery","Stack"],"picked":"White Noise","floor":18},{"not_picked":["Coolheaded","Stack"],"picked":"Cold Snap","floor":21},{"not_picked":["Beam Cell","Stack"],"picked":"Static Discharge","floor":23},{"not_picked":["Ball Lightning+1","Coolheaded"],"picked":"Blizzard","floor":25},{"not_picked":["Scrape","Steam+1","Doom and Gloom"],"picked":"SKIP","floor":28},{"not_picked":["Barrage+1","Recycle","Rebound"],"picked":"SKIP","floor":29},{"not_picked":["Machine Learning","Core Surge"],"picked":"Creative AI","floor":33},{"not_picked":["Rebound+1","Redo+1"],"picked":"Cold Snap+1","floor":35},{"not_picked":["Cold Snap","Steam","FTL+1"],"picked":"SKIP","floor":36},{"not_picked":["Conserve Battery+1","Ball Lightning+1"],"picked":"Capacitor","floor":38},{"not_picked":["Barrage","Turbo"],"picked":"Self Repair","floor":41},{"not_picked":["Skim","Beam Cell+1","Cold Snap"],"picked":"SKIP","floor":46},{"not_picked":["Beam Cell","Cold Snap+1","Stack+1"],"picked":"SKIP","floor":47},{"not_picked":["Creative AI","Ball Lightning","Gash"],"picked":"SKIP","floor":54}],"player_experience":207165,"relics_obtained":[{"floor":7,"key":"Turnip"},{"floor":9,"key":"Gremlin Horn"},{"floor":13,"key":"Sundial"},{"floor":23,"key":"Bird Faced Urn"},{"floor":26,"key":"Bag of Preparation"},{"floor":28,"key":"Old Coin"},{"floor":41,"key":"Letter Opener"},{"floor":54,"key":"Du-Vu Doll"}],"event_choices":[{"damage_healed":0,"gold_gain":175,"player_choice":"AGREE","damage_taken":0,"max_hp_gain":0,"max_hp_loss":0,"event_name":"Liars Game","floor":2,"gold_loss":0,"cards_obtained":["Doubt"]},{"damage_healed":18,"gold_gain":0,"player_choice":"Healed","damage_taken":0,"max_hp_gain":0,"max_hp_loss":0,"event_name":"The Cleric","floor":12,"gold_loss":35},{"damage_healed":0,"gold_gain":0,"player_choice":"Copied","damage_taken":0,"max_hp_gain":0,"max_hp_loss":0,"event_name":"Duplicator","floor":19,"gold_loss":0,"cards_obtained":["Defragment"]},{"damage_healed":0,"gold_gain":99,"player_choice":"Stole From Cult","damage_taken":0,"max_hp_gain":0,"max_hp_loss":0,"event_name":"Nest","floor":30,"gold_loss":0},{"damage_healed":0,"gold_gain":0,"player_choice":"Ignored","damage_taken":0,"max_hp_gain":0,"max_hp_loss":0,"event_name":"Golden Shrine","floor":31,"gold_loss":0},{"damage_healed":0,"gold_gain":0,"player_choice":"Paid","damage_taken":0,"relics_obtained":["Red Mask"],"max_hp_gain":0,"max_hp_loss":0,"event_name":"Tomb of Lord Red Mask","floor":45,"gold_loss":45}],"is_beta":false,"boss_relics":[{"not_picked":["Snecko Eye","Nuclear Battery"],"picked":"Ectoplasm"},{"not_picked":["Coffee Dripper","SacredBark"],"picked":"SlaversCollar"}],"items_purged_floors":[4,14],"is_endless":false,"potions_floor_spawned":[1,7,10,13,23,25,28,35,38,47,54],"ascension_level":1}}