{"host":"z439itq93uucuvou","time":1614102772,"event":{"mods":["BaseMod","Colored Powertips","Downfall","Jorbs\u0027s Wanderer Trilogy","Minty Spire (QoL Compilation)","StSLib"],"gold_per_floor":[99,114,129,147,163,197,197,227,247,247,247,263,263,22,22,22,22,22],"floor_reached":16,"language":"ENG","playtime":1009,"items_purged":["champ:Strike"],"score":120,"play_id":"e897b5d9-d093-441b-8f23-d8aabb1188d6","local_time":"20210223095252","is_ascension_mode":true,"campfire_choices":[{"data":"champ:Taunt","floor":1.0,"key":"SMITH"},{"data":"champ:PreemptiveStrike","floor":11,"key":"SMITH"},{"data":"champ:SetATrap","floor":13,"key":"SMITH"}],"circlet_count":0,"master_deck":["champ:Defend","champ:Defend","champ:Defend","champ:Defend","champ:Execute","champ:Taunt+1","champ:SkillfulDodge+1","champ:UltimateStance+1","champ:PreciseThrust","champ:RageSigil","champ:FanOfKnives","champ:ShieldSigil","champ:ShieldWall","champ:PreemptiveStrike+1","champ:SetATrap+1","champ:BringItOn","champ:SwordSigil","champ:TripleStrike"],"relics":["Astrolabe","Bottled Lightning","Matryoshka","Bronze Scales"],"acts_visited":["Exordium"],"potions_floor_usage":[12,15],"damage_taken":[{"damage":20.0,"enemies":"Cultist","floor":2.0,"turns":4.0},{"damage":12.0,"enemies":"Small Slimes","floor":3.0,"turns":4.0},{"damage":6.0,"enemies":"2 Louse","floor":4.0,"turns":2.0},{"damage":46.0,"enemies":"Exordium Wildlife","floor":5.0,"turns":6.0},{"damage":80.0,"enemies":"Lagavulin","floor":6.0,"turns":5.0},{"damage":48,"enemies":"3 Sentries","floor":8,"turns":7},{"damage":19,"enemies":"Red Slaver","floor":9,"turns":3},{"damage":5,"enemies":"3 Louse","floor":12,"turns":2},{"damage":0,"enemies":"downfall:FleeingMerchant","floor":14,"turns":4},{"damage":0,"enemies":"Exordium Wildlife","floor":15,"turns":1},{"damage":61,"enemies":"DF_ARCHETYPE_STREAMLINE","floor":16,"turns":6}],"seed_played":"-2292677010842633332","potions_obtained":[{"floor":5.0,"key":"SteroidPotion"},{"floor":6.0,"key":"SmokeBomb"},{"floor":8,"key":"DistilledChaos"}],"is_trial":false,"path_per_floor":["R","M","M","M","M","E","T","E","M","?","R","M","R","$","M","B"],"character_chosen":"THE_CHAMP","items_purchased":["champ:TripleStrike"],"campfire_rested":0,"item_purchase_floors":[14],"current_hp_per_floor":[90,90,88,87,71,56,56,38,34,34,34,34,34,34,34,0,0,0],"gold":22,"neow_bonus":"BOSS_RELIC","is_daily":false,"chose_seed":false,"campfire_upgraded":3,"win_rate":0.0,"timestamp":1614102772,"path_taken":["R","M","M","M","M","E","T","E","?","?","R","M","R","$","M","BOSS"],"items_purchased_type":["Card"],"build_version":"2020-12-22","purchased_purges":1,"victory":false,"max_hp_per_floor":[90,90,90,90,90,90,90,90,90,90,90,90,90,90,90,90,90,90],"card_choices":[{"not_picked":["champ:BringItOn","champ:RecklessLeap"],"picked":"champ:PreciseThrust","floor":2.0},{"not_picked":["champ:AdrenalArmor","champ:DefensiveShout"],"picked":"champ:RageSigil","floor":3.0},{"not_picked":["champ:BerserkersShout","champ:Circumvent"],"picked":"champ:FanOfKnives","floor":4.0},{"not_picked":["champ:BerserkersShout","champ:FanOfKnives"],"picked":"champ:ShieldSigil","floor":5.0},{"not_picked":["champ:ShieldThrow","champ:DefensiveShout"],"picked":"champ:ShieldWall","floor":6.0},{"not_picked":["champ:Shatter","champ:Backstep"],"picked":"champ:PreemptiveStrike","floor":8},{"not_picked":["champ:FalseCounter","champ:StanceDance"],"picked":"champ:SetATrap","floor":9},{"not_picked":["champ:BladeFlurry","champ:ShieldSigil","champ:BringItOn"],"picked":"SKIP","floor":12},{"not_picked":["champ:BladeFlurry","champ:ShieldSigil"],"picked":"champ:BringItOn","floor":12},{"not_picked":["champ:BladeFlurry","champ:SkillfulDodge"],"picked":"champ:SwordSigil","floor":14}],"player_experience":1745206,"relics_obtained":[{"floor":6.0,"key":"Bottled Lightning"},{"floor":7.0,"key":"Matryoshka"},{"floor":8,"key":"Bronze Scales"}],"event_choices":[{"cards_removed":["champ:PerfectedStrike"],"damage_healed":0,"gold_gain":0,"player_choice":"Card Removal","damage_taken":0,"max_hp_gain":0,"max_hp_loss":0,"event_name":"The Cleric","floor":10,"gold_loss":0}],"is_beta":false,"boss_relics":[],"items_purged_floors":[14],"is_endless":false,"potions_floor_spawned":[5,6,8,15],"killed_by":"DF_ARCHETYPE_STREAMLINE","ascension_level":1}}