{"host":"egwexuw5uvnxf11j","time":1614046686,"event":{"mods":["2.2 Compatiblity","Aspiration","BaseMod","Better Note","Better Sensory Stone","Better Third Choice","Displayed Cursed Tome","Downfall","Hermit","Key Reminder","Koishi","Marisa????????","Minty Spire (QoL Compilation)","Quick Restart","Shade Mod","Spicy Shops","StSLib","The Construct","The Cursed","The Runesmith","The Senshi","The Servant 0.9.4","Transform Curses"],"gold_per_floor":[113,27,102,277,277,302,302,302,302,340,361,361,2,63,63,214,214,233,42,81,81,156,195,195,230,230,270,25,63,102,125,125,125,125],"floor_reached":33,"language":"ENG","playtime":1730,"items_purged":["Injury"],"score":433,"play_id":"6007ce05-9fc6-4439-bda1-6b764050afd2","local_time":"20210222211806","is_ascension_mode":true,"campfire_choices":[{"floor":7,"key":"REST"},{"data":"Rampage","floor":12,"key":"SMITH"},{"data":"HandOfGreed","floor":15,"key":"SMITH"},{"floor":24,"key":"REST"},{"data":"Double Tap","floor":32,"key":"SMITH"}],"circlet_count":0,"master_deck":["Strike_R","Strike_R","Strike_R","Strike_R","Defend_R","Defend_R","Defend_R","Bash","Infernal Blade","Evolve+1","Rampage+1","Cleave","Headbutt","Iron Wave","Thunderclap","Sentinel","HandOfGreed+1","Cleave","Rage","Double Tap+1","CurseOfTheBell","Twin Strike+1","Armaments","Shockwave","Flex","Iron Wave","Perfected Strike","Clash","Wild Strike","Armaments+1","Flex"],"relics":["Burning Blood","InkBottle","keyreminder:keyreminder","Golden Idol","Happy Flower","theSenshi:SpiralHeartMoonRodRelic","Calling Bell","Blood Vial","aspiration:SeaSaltIceCream","Gremlin Horn","CaptainsWheel","ClockworkSouvenir","aspiration:HummingbirdHeart","construct:RocketBooster","Pocketwatch","Bird Faced Urn","HandDrill"],"acts_visited":["Exordium","TheCity"],"potions_floor_usage":[33],"damage_taken":[{"damage":1,"enemies":"Cultist","floor":1,"turns":3},{"damage":35,"enemies":"Lagavulin","floor":6,"turns":5},{"damage":11,"enemies":"Gremlin Nob","floor":10,"turns":3},{"damage":0,"enemies":"Small Slimes","floor":11,"turns":2},{"damage":0,"enemies":"2 Louse","floor":14,"turns":2},{"damage":0,"enemies":"Slime Boss","floor":16,"turns":7},{"damage":7,"enemies":"Shell Parasite","floor":18,"turns":4},{"damage":17,"enemies":"2 Thieves","floor":20,"turns":3},{"damage":41,"enemies":"Gremlin Leader","floor":23,"turns":6},{"damage":11,"enemies":"Slavers","floor":25,"turns":2},{"damage":9,"enemies":"Gremlin Leader","floor":27,"turns":3},{"damage":1,"enemies":"Shelled Parasite and Fungi","floor":29,"turns":4},{"damage":4,"enemies":"Snake Plant","floor":30,"turns":4},{"damage":0,"enemies":"Centurion and Healer","floor":31,"turns":3},{"damage":78,"enemies":"Collector","floor":33,"turns":9}],"seed_played":"5946122768546542575","potions_obtained":[{"floor":14,"key":"DuplicationPotion"},{"floor":16,"key":"Strength Potion"},{"floor":25,"key":"BlessingOfTheForge"},{"floor":29,"key":"DistilledChaos"}],"is_trial":false,"path_per_floor":["M","$","?","?","?","E","R","?","T","E","M","R","$","M","R","B",null,"M","$","M","?","?","E","R","E","T","E","$","M","M","M","R","B"],"character_chosen":"IRONCLAD","items_purchased":["Cleave","Headbutt","HandOfGreed","Cleave","ClockworkSouvenir","Armaments","HandDrill","Perfected Strike","Clash"],"campfire_rested":2,"item_purchase_floors":[2,2,13,13,19,19,28,28,28],"current_hp_per_floor":[80,80,69,69,69,40,64,64,64,59,69,69,69,74,74,74,74,74,74,67,67,60,29,51,54,54,55,55,66,72,74,74,0,0],"gold":125,"neow_bonus":"TRANSFORM_TWO_CARDS","is_daily":false,"chose_seed":false,"campfire_upgraded":3,"win_rate":0.0,"timestamp":1614046686,"path_taken":["M","$","?","?","?","E","R","?","T","E","M","R","$","M","R","BOSS","M","$","M","?","?","E","R","E","T","E","$","?","M","M","R","BOSS"],"items_purchased_type":["Card","Card","Card","Card","Relic","Card","Relic","Card","Card"],"build_version":"2020-12-22","purchased_purges":1,"victory":false,"max_hp_per_floor":[80,80,80,80,80,80,80,74,74,74,74,74,74,74,74,74,74,74,74,74,74,74,74,74,74,74,74,74,74,74,74,74,74,74],"card_choices":[{"not_picked":["Clash","Havoc"],"picked":"Rampage","floor":1},{"not_picked":["Cleave","Rampage"],"picked":"Iron Wave","floor":6},{"not_picked":["Havoc","Brutality"],"picked":"Thunderclap","floor":10},{"not_picked":["Clash","Pommel Strike"],"picked":"Sentinel","floor":11},{"not_picked":["Heavy Blade","Twin Strike"],"picked":"Rage","floor":14},{"not_picked":["Bludgeon","Fiend Fire"],"picked":"Double Tap","floor":16},{"not_picked":["Feel No Pain","True Grit"],"picked":"Twin Strike+1","floor":18},{"not_picked":["True Grit","Feel No Pain","Combust+1"],"picked":"SKIP","floor":20},{"not_picked":["Immolate","Berserk"],"picked":"Shockwave","floor":23},{"not_picked":["Headbutt","Armaments"],"picked":"Flex","floor":25},{"not_picked":["Searing Blow","Thunderclap"],"picked":"Iron Wave","floor":27},{"not_picked":["Pummel","Body Slam+1"],"picked":"Wild Strike","floor":29},{"not_picked":["Wild Strike","Heavy Blade+1"],"picked":"Armaments+1","floor":30},{"not_picked":["Clash","True Grit"],"picked":"Flex","floor":31}],"player_experience":2124931,"relics_obtained":[{"floor":6,"key":"InkBottle"},{"floor":9,"key":"Happy Flower"},{"floor":10,"key":"theSenshi:SpiralHeartMoonRodRelic"},{"floor":17,"key":"Blood Vial"},{"floor":17,"key":"aspiration:SeaSaltIceCream"},{"floor":17,"key":"CaptainsWheel"},{"floor":23,"key":"aspiration:HummingbirdHeart"},{"floor":25,"key":"construct:RocketBooster"},{"floor":26,"key":"Pocketwatch"},{"floor":27,"key":"Bird Faced Urn"}],"event_choices":[{"damage_healed":0,"gold_gain":75,"player_choice":"Gold","damage_taken":11,"max_hp_gain":0,"max_hp_loss":0,"event_name":"betterThird:BetterGoop","floor":3,"gold_loss":0},{"damage_healed":0,"gold_gain":175,"player_choice":"AGREE","damage_taken":102,"max_hp_gain":0,"max_hp_loss":0,"event_name":"betterThird:BetterSerpent","floor":4,"gold_loss":0},{"cards_removed":["Doubt"],"damage_healed":0,"gold_gain":0,"player_choice":"Forget","damage_taken":0,"max_hp_gain":0,"max_hp_loss":0,"event_name":"Living Wall","floor":5,"gold_loss":0},{"damage_healed":0,"gold_gain":0,"player_choice":"Lose Max HP","damage_taken":0,"relics_obtained":["Golden Idol"],"max_hp_gain":0,"max_hp_loss":6,"event_name":"Golden Idol","floor":8,"gold_loss":0},{"damage_healed":0,"gold_gain":0,"player_choice":"Ignored","damage_taken":0,"max_hp_gain":0,"max_hp_loss":0,"event_name":"Ghosts","floor":21,"gold_loss":0},{"damage_healed":0,"gold_gain":75,"player_choice":"Touch","damage_taken":7,"max_hp_gain":0,"max_hp_loss":0,"event_name":"FaceTrader","floor":22,"gold_loss":0}],"is_beta":false,"boss_relics":[{"not_picked":["aspiration:RunesmithSkillbook","SlaversCollar"],"picked":"Calling Bell"}],"items_purged_floors":[13],"is_endless":false,"potions_floor_spawned":[14,16,25,27,29,30],"killed_by":"Collector","ascension_level":4}}