{"host":"mi0eibewekhugwl1","time":1614092623,"event":{"mods":["AchievementEnabler","BaseMod","Colored Map","Colored Powertips","DeckTracker","Keyboard Shortcuts","Minty Spire (QoL Compilation)","Quick Restart","Rare Cards Sparkle","Relic Stats","StSLib","SuperFastMode","everything is the same but u backflip on backflip"],"gold_per_floor":[117,117,136,61,61,61,80,97,97,117,117,18,18,29,29,107,107,107],"floor_reached":17,"language":"KOR","playtime":329,"items_purged":[],"score":294,"play_id":"f32f1a21-c0c5-416f-a518-5c14407a1193","local_time":"20210224000343","is_ascension_mode":true,"campfire_choices":[{"floor":6,"key":"REST"},{"data":"Static Discharge","floor":13,"key":"SMITH"},{"floor":15,"key":"REST"}],"circlet_count":0,"master_deck":["AscendersBane","Strike_B+1","Strike_B","Strike_B","Defend_B","Defend_B","Defend_B","Defend_B","Zap","Dualcast","Turbo+1","Sweeping Beam","Static Discharge+1","Darkness","Ball Lightning","Capacitor","Leap","Loop","Reboot"],"relics":["Cracked Core","Ornamental Fan","HornCleat","CaptainsWheel","Sozu"],"acts_visited":["Exordium","TheCity"],"potions_floor_usage":[10],"damage_taken":[{"damage":4,"enemies":"Small Slimes","floor":1,"turns":3},{"damage":2,"enemies":"2 Louse","floor":3,"turns":2},{"damage":0,"enemies":"Cultist","floor":7,"turns":4},{"damage":11,"enemies":"Blue Slaver","floor":8,"turns":4},{"damage":9,"enemies":"Red Slaver","floor":10,"turns":3},{"damage":6,"enemies":"Lots of Slimes","floor":14,"turns":2},{"damage":34,"enemies":"The Guardian","floor":16,"turns":9}],"seed_played":"-4175929296658458992","potions_obtained":[{"floor":8,"key":"SkillPotion"},{"floor":14,"key":"FearPotion"}],"is_trial":false,"path_per_floor":["M","?","M","?","?","R","M","M","T","M","T","$","R","M","R","B",null],"character_chosen":"DEFECT","items_purchased":["Capacitor","Leap"],"campfire_rested":2,"item_purchase_floors":[12,12],"current_hp_per_floor":[60,39,37,37,19,40,40,29,29,20,20,20,20,14,35,1,54,54],"gold":107,"neow_bonus":"THREE_CARDS","is_daily":false,"chose_seed":false,"campfire_upgraded":1,"win_rate":0.0,"timestamp":1614092623,"path_taken":["M","?","M","?","?","R","M","M","T","M","?","?","R","M","R","BOSS"],"items_purchased_type":["Card","Card"],"build_version":"2020-12-22","purchased_purges":0,"victory":false,"max_hp_per_floor":[71,71,71,71,71,71,71,71,71,71,71,71,71,71,71,71,71,71],"relic_stats":{"Sozu":0,"counters":[7,27],"Ornamental Fan":[8],"obtain_stats":[{"Sozu":17,"CaptainsWheel":11,"HornCleat":9,"Ornamental Fan":5,"Cracked Core":0},{"Sozu":7,"CaptainsWheel":5,"HornCleat":4,"Ornamental Fan":2,"Cracked Core":0},{"Sozu":27,"CaptainsWheel":16,"HornCleat":13,"Ornamental Fan":5,"Cracked Core":0}]},"card_choices":[{"not_picked":["Steam","Leap"],"picked":"Turbo","floor":0},{"not_picked":["Hologram","Coolheaded"],"picked":"Sweeping Beam","floor":1},{"not_picked":["Turbo","Cold Snap"],"picked":"Static Discharge","floor":3},{"not_picked":["Rip and Tear","Compile Driver"],"picked":"Darkness","floor":7},{"not_picked":["Hologram","Stack","Static Discharge"],"picked":"SKIP","floor":8},{"not_picked":["Go for the Eyes","Turbo"],"picked":"Ball Lightning","floor":10},{"not_picked":["Auto Shields","Chill"],"picked":"Loop","floor":14},{"not_picked":["Multi-Cast","All For One"],"picked":"Reboot","floor":16}],"player_experience":1820276,"relics_obtained":[{"floor":9,"key":"HornCleat"},{"floor":11,"key":"CaptainsWheel"}],"event_choices":[{"damage_healed":0,"gold_gain":0,"player_choice":"Entered Light","damage_taken":21,"max_hp_gain":0,"max_hp_loss":0,"event_name":"Shining Light","floor":2,"gold_loss":0,"cards_upgraded":["Turbo","Strike_B"]},{"cards_removed":["Strike_B"],"damage_healed":0,"gold_gain":0,"player_choice":"Card Removal","damage_taken":0,"max_hp_gain":0,"max_hp_loss":0,"event_name":"The Cleric","floor":4,"gold_loss":75},{"damage_healed":0,"gold_gain":0,"player_choice":"Success","damage_taken":18,"relics_obtained":["Ornamental Fan"],"max_hp_gain":0,"max_hp_loss":0,"event_name":"Scrap Ooze","floor":5,"gold_loss":0}],"is_beta":false,"boss_relics":[{"not_picked":["Runic Pyramid","Busted Crown"],"picked":"Sozu"}],"items_purged_floors":[],"is_endless":false,"potions_floor_spawned":[8,14],"ascension_level":20}}