{"host":"njruw0b0uprlitpx","time":1614096507,"event":{"mods":["2.2 Compatiblity","Bartender","BaseMod","Better Altar","Better Match","Better Note","Better Sensory Stone","Better Skull","Better Third Choice","BetterRewards","Block Reminder","Colored Map","Colored Powertips","Curses Come First","Energized Spire","Jedi Mod","Keyboard Shortcuts","Minty Spire (QoL Compilation)","Quick Restart","Rare Cards Sparkle","Relic Stats","Replay The Spire","SacredBarkPlus","Spicy Shops","StSLib","SuperFastMode","The Blackbeard","The Mystic"],"gold_per_floor":[99,99,99,99,99,99,63,63,63,63,63,48,48,48,48,48,48,48,0,0,0,55,55,100,100,127,127,127,150,203,203,203,343,343,401,105,166,166,258,345,345,422,454,10,10,10,73,130,130,180],"floor_reached":51,"language":"ENG","playtime":2920,"items_purged":["mysticmod:Strike_Mystic","mysticmod:Defend_Mystic","Decay","Hallucinations"],"score":1808,"play_id":"a9b54639-2955-41b4-922f-cb2d18e6cadd","local_time":"20210223100827","is_ascension_mode":true,"campfire_choices":[{"floor":6,"key":"REST"},{"data":"mysticmod:EbbAndFlow","floor":8,"key":"SMITH"},{"floor":15,"key":"REST"},{"data":"mysticmod:Dedication+1","floor":23,"key":"SMITH"},{"data":"mysticmod:Dedication+2","floor":25,"key":"SMITH"},{"data":"mysticmod:Dedication+3","floor":27,"key":"SMITH"},{"data":"mysticmod:MagicMissile","floor":32,"key":"SMITH"},{"data":"mysticmod:Dedication+5","floor":41,"key":"SMITH"},{"data":"mysticmod:Dedication+6","floor":46,"key":"SMITH"},{"data":"mysticmod:Dedication+7","floor":49,"key":"SMITH"}],"circlet_count":0,"master_deck":["AscendersBane","mysticmod:Strike_Mystic","mysticmod:Strike_Mystic","mysticmod:Defend_Mystic+1","mysticmod:Defend_Mystic","mysticmod:ArcaneDodge","mysticmod:ShockingGrasp","mysticmod:ArcaneAccuracy","jedi:cleanse","Discovery+1","Deep Breath","mysticmod:Snowball","mysticmod:HeavyStrike","mysticmod:Fireball","mysticmod:BulkUp+1","mysticmod:EbbAndFlow+1","jedi:forcepush","mysticmod:KeenEdge","Shockwave","mysticmod:FiveFootStep","mysticmod:PureInstinct","mysticmod:Alacrity+1","mysticmod:ComponentsPouch","mysticmod:Dedication+8","mysticmod:Fly","mysticmod:ObscuringMist+1","mysticmod:Natural20+1","mysticmod:MagicMissile+1","mysticmod:DiviningBlow+1","mysticmod:SuddenClarity","mysticmod:Stoneskin","mysticmod:Alacrity","mysticmod:Flurry","mysticmod:ClosingBarrage+1","mysticmod:Natural20+1","mysticmod:MirrorStrike+1","mysticmod:Disengage","mysticmod:EnchantedMoulinet+1","mysticmod:SuddenClarity","CommonCold","mysticmod:Daze+1","mysticmod:MirrorEntity+1"],"relics":["mysticmod:SpellBook","Mango","Happy Flower","jedi:kaleidoscope","ReplayTheSpireMod:ShopPack","Chemical X","jedi:ominousloannote","BargainBundle","Replay:Bandana","Potion Belt","Incense Burner","jedi:archwizardhat","Golden Egg","Boot","Protect_Vest","Iron Hammer","Cursed Key","Kunai","War Paint","CeramicFish","Ring of Chaos","DollysMirror","Replay:Rubber Ducky","ReplayTheSpireMod:DimensionalGlitch","Nunchaku","Pet Ghost","PreservedInsect","mysticmod:TrainingManual","Divine Protection"],"acts_visited":["Exordium","TheCity","TheBeyond"],"potions_floor_usage":[10,16,16,16,24,48,50,50],"damage_taken":[{"damage":1,"enemies":"2 Louse","floor":1,"turns":3},{"damage":0,"enemies":"Small Slimes","floor":4,"turns":2},{"damage":0,"enemies":"Jaw Worm","floor":5,"turns":2},{"damage":7,"enemies":"Lagavulin","floor":10,"turns":7},{"damage":0,"enemies":"Looter","floor":12,"turns":2},{"damage":2,"enemies":"3 Louse","floor":13,"turns":2},{"damage":7,"enemies":"Replay:BlueRogue","floor":14,"turns":5},{"damage":0,"enemies":"Slime Boss","floor":16,"turns":6},{"damage":0,"enemies":"Chosen","floor":18,"turns":2},{"damage":0,"enemies":"3 Byrds","floor":24,"turns":4},{"damage":1,"enemies":"3 Cultists","floor":30,"turns":3},{"damage":10,"enemies":"Champ","floor":33,"turns":6},{"damage":0,"enemies":"Orb Walker","floor":35,"turns":2},{"damage":0,"enemies":"3 Darklings","floor":37,"turns":6},{"damage":0,"enemies":"Maw","floor":39,"turns":3},{"damage":0,"enemies":"R_Hoarder","floor":40,"turns":2},{"damage":0,"enemies":"Nemesis","floor":42,"turns":5},{"damage":0,"enemies":"Transient","floor":47,"turns":5},{"damage":0,"enemies":"Jaw Worm Horde","floor":48,"turns":3},{"damage":0,"enemies":"Donu and Deca","floor":50,"turns":7}],"seed_played":"-4493196841335315636","potions_obtained":[{"floor":10,"key":"SpeedPotion"},{"floor":13,"key":"Cursed Concoction"},{"floor":16,"key":"jedi:StrikingPotion"},{"floor":24,"key":"Languid Potion"},{"floor":30,"key":"Block Potion"},{"floor":33,"key":"Reflective Coating"},{"floor":47,"key":"Explosive Potion"}],"is_trial":false,"path_per_floor":["M","?","?","M","M","R","$","R","T","E","T","M","M","E","R","B",null,"M","$","?","?","?","R","M","R","T","R","?","T","M","?","R","B",null,"M","$","M","?","M","E","R","E","T","$","?","R","M","M","R","B",null],"character_chosen":"MYSTIC_CLASS","items_purchased":["mysticmod:ArcaneAccuracy","Mango","Happy Flower","ReplayTheSpireMod:ShopPack","Chemical X","mysticmod:Snowball","jedi:ominousloannote","BargainBundle","Replay:Bandana","Potion Belt","mysticmod:HeavyStrike","mysticmod:Fireball","mysticmod:BulkUp+1","mysticmod:EbbAndFlow","Incense Burner","Swift Potion","Dexterity Potion","Elixir","jedi:forcepush","mysticmod:Alacrity+1","mysticmod:DiviningBlow","DollysMirror","Replay:Rubber Ducky","mysticmod:Daze","mysticmod:TrainingManual"],"campfire_rested":2,"item_purchase_floors":[0,0,0,0,0,0,0,0,0,0,0,0,0,0,0,0,0,0,0,7,19,36,36,44,44],"current_hp_per_floor":[82,82,43,43,43,70,70,70,70,63,63,63,61,54,81,81,89,89,89,89,89,80,80,80,80,80,80,80,80,79,79,79,69,86,86,86,86,69,69,69,69,69,69,69,69,69,69,69,69,69],"gold":180,"neow_bonus":"","is_daily":false,"chose_seed":false,"campfire_upgraded":8,"win_rate":0.0,"timestamp":1614096507,"path_taken":["M","?","?","M","M","R","?","R","T","E","?","M","M","E","R","BOSS","M","$","?","?","?","R","?","R","T","R","?","?","?","?","R","BOSS","M","$","M","?","?","E","R","E","T","$","?","R","?","M","R","BOSS"],"items_purchased_type":["Card","Relic","Relic","Relic","Relic","Card","Relic","Relic","Relic","Relic","Card","Card","Card","Card","Relic","Potion","Potion","Potion","Card","Card","Card","Relic","Relic","Card","Relic"],"build_version":"2020-12-22","purchased_purges":4,"victory":true,"max_hp_per_floor":[91,91,91,91,91,91,91,91,91,91,91,91,91,91,91,91,91,91,91,91,91,91,91,91,91,91,91,91,91,91,91,91,91,91,91,91,91,69,69,69,69,69,69,69,69,69,69,69,69,69],"relic_stats":{"Nunchaku":[4],"Happy Flower":[25],"counters":[84,364],"CeramicFish":90,"PreservedInsect":0,"Chemical X":[10],"Kunai":[24],"War Paint":["mysticmod:MagicWeapon","mysticmod:PureInstinct","mysticmod:Defend_Mystic","Discovery"],"Boot":[64],"Cursed Key":3,"obtain_stats":[{"Golden Egg":9,"Divine Protection":45,"Calipers":47,"Gremlin Horn":22,"CeramicFish":29,"Ginger":41,"Boot":24,"Sozu":0,"HornCleat":49,"jedi:paperlyon":17,"DollysMirror":36,"Honey Jar":36,"Philosopher\u0027s Stone":17,"Iron Hammer":14,"mysticmod:TrainingManual":44,"Kunai":26,"Happy Flower":0,"ReplayTheSpireMod:CursedCoin":3,"Dead Branch":50,"HollowMod:JonisBlessing":12,"Oddly Smooth Stone":2,"Velvet Choker":17,"Pen Nib":25,"Ring of Chaos":34,"War Paint":40,"WarpedTongs":22,"Du-Vu Doll":39,"Shuriken":5,"Bronze Scales":40,"Simple Rune":45,"ReplayTheSpireMod:TigerMarble":47,"ReplayTheSpireMod:DimensionalGlitch":0,"Mirror":8,"Regal Pillow":40,"Mango":39,"mysticmod:SpellBook":0,"Juzu Bracelet":43,"Replay:Multitool":38,"Bag of Preparation":50,"Incense Burner":0,"jedi:command_boss":38,"Mythril_Glove":23,"jedi:archwizardhat":8,"Ancient Tea Set":7,"Cursed Key":17,"Pet Ghost":42,"Replay:Rubber Ducky":39,"ClockworkSouvenir":47,"Cleaning_Rag":28,"Nunchaku":39,"Dream Catcher":6,"Replay:Bandana":9,"Mummified Hand":21,"Toolbox":50,"Tiny Chest":14,"astrologer:SkyMirror":0,"Replay:Bottled Snecko":30,"Chemical X":0,"Potion Belt":0,"Lee\u0027s Waffle":40,"BargainBundle":0,"Golden Idol":2,"Quantum Egg":50,"Thread and Needle":6,"PreservedInsect":43,"Omamori":14,"Protect_Vest":11,"Replay:Arrowhead":30,"Busted Crown":34,"jedi:kaleidoscope":0,"jedi:ominousloannote":3,"Ornamental Fan":45,"Art of War":9,"Bag of Marbles":28,"Membership Card":39,"ReplayTheSpireMod:ShopPack":0},{"Golden Egg":67,"Divine Protection":81,"Calipers":36,"Gremlin Horn":9,"CeramicFish":74,"Ginger":34,"Boot":51,"Sozu":21,"HornCleat":63,"jedi:paperlyon":48,"DollysMirror":77,"Honey Jar":57,"Philosopher\u0027s Stone":8,"Iron Hammer":71,"mysticmod:TrainingManual":81,"Kunai":12,"Happy Flower":64,"ReplayTheSpireMod:CursedCoin":1,"Dead Branch":63,"HollowMod:JonisBlessing":6,"Oddly Smooth Stone":22,"Velvet Choker":28,"Pen Nib":12,"Ring of Chaos":76,"War Paint":59,"WarpedTongs":50,"Du-Vu Doll":59,"Shuriken":42,"Bronze Scales":33,"Simple Rune":62,"ReplayTheSpireMod:TigerMarble":36,"ReplayTheSpireMod:DimensionalGlitch":21,"Mirror":24,"Regal Pillow":59,"Mango":32,"mysticmod:SpellBook":0,"Juzu Bracelet":35,"Replay:Multitool":58,"Bag of Preparation":63,"Incense Burner":64,"jedi:command_boss":78,"Mythril_Glove":10,"jedi:archwizardhat":4,"Ancient Tea Set":23,"Cursed Key":72,"Pet Ghost":81,"Replay:Rubber Ducky":32,"ClockworkSouvenir":36,"Cleaning_Rag":52,"Nunchaku":20,"Dream Catcher":43,"Replay:Bandana":44,"Mummified Hand":50,"Toolbox":63,"Tiny Chest":47,"astrologer:SkyMirror":0,"Replay:Bottled Snecko":53,"Chemical X":64,"Potion Belt":64,"Lee\u0027s Waffle":59,"BargainBundle":64,"Golden Idol":1,"Quantum Egg":63,"Thread and Needle":3,"PreservedInsect":81,"Omamori":27,"Protect_Vest":68,"Replay:Arrowhead":15,"Busted Crown":17,"jedi:kaleidoscope":64,"jedi:ominousloannote":1,"Ornamental Fan":35,"Art of War":4,"Bag of Marbles":14,"Membership Card":32,"ReplayTheSpireMod:ShopPack":64},{"Golden Egg":294,"Divine Protection":349,"Calipers":174,"Gremlin Horn":36,"CeramicFish":322,"Ginger":170,"Boot":235,"Sozu":105,"HornCleat":282,"jedi:paperlyon":220,"DollysMirror":333,"Honey Jar":262,"Philosopher\u0027s Stone":32,"Iron Hammer":310,"mysticmod:TrainingManual":349,"Kunai":53,"Happy Flower":287,"ReplayTheSpireMod:CursedCoin":4,"Dead Branch":282,"HollowMod:JonisBlessing":21,"Oddly Smooth Stone":109,"Velvet Choker":142,"Pen Nib":53,"Ring of Chaos":331,"War Paint":269,"WarpedTongs":229,"Du-Vu Doll":269,"Shuriken":194,"Bronze Scales":165,"Simple Rune":279,"ReplayTheSpireMod:TigerMarble":174,"ReplayTheSpireMod:DimensionalGlitch":105,"Mirror":121,"Regal Pillow":269,"Mango":162,"mysticmod:SpellBook":0,"Juzu Bracelet":173,"Replay:Multitool":265,"Bag of Preparation":282,"Incense Burner":287,"jedi:command_boss":339,"Mythril_Glove":41,"jedi:archwizardhat":16,"Ancient Tea Set":113,"Cursed Key":316,"Pet Ghost":349,"Replay:Rubber Ducky":162,"ClockworkSouvenir":174,"Cleaning_Rag":239,"Nunchaku":101,"Dream Catcher":201,"Replay:Bandana":204,"Mummified Hand":229,"Toolbox":282,"Tiny Chest":212,"astrologer:SkyMirror":0,"Replay:Bottled Snecko":244,"Chemical X":287,"Potion Belt":287,"Lee\u0027s Waffle":269,"BargainBundle":287,"Golden Idol":4,"Quantum Egg":282,"Thread and Needle":12,"PreservedInsect":349,"Omamori":130,"Protect_Vest":301,"Replay:Arrowhead":69,"Busted Crown":88,"jedi:kaleidoscope":287,"jedi:ominousloannote":4,"Ornamental Fan":173,"Art of War":16,"Bag of Marbles":65,"Membership Card":162,"ReplayTheSpireMod:ShopPack":287}]},"card_choices":[{"not_picked":["ReplayTheSpireMod:Brewmster","ReplayUltimateDefense"],"picked":"jedi:cleanse","floor":0},{"not_picked":["Trip","Midas Touch"],"picked":"Discovery","floor":0},{"not_picked":["Swift Strike","Impatience"],"picked":"Deep Breath","floor":0},{"not_picked":["mysticmod:ComboCaster","mysticmod:PowerSlash"],"picked":"mysticmod:KeenEdge","floor":1},{"not_picked":["mysticmod:HeavyStrike","mysticmod:PunishingArmor"],"picked":"mysticmod:FiveFootStep","floor":4},{"not_picked":["mysticmod:HeavyStrike","mysticmod:Sideswipe"],"picked":"mysticmod:PureInstinct","floor":5},{"not_picked":["mysticmod:Disengage","mysticmod:SuddenClarity"],"picked":"mysticmod:ComponentsPouch","floor":10},{"not_picked":["mysticmod:CorrosiveTouch","mysticmod:Shield"],"picked":"mysticmod:Dedication","floor":12},{"not_picked":["mysticmod:IllusionOfCalm","mysticmod:RapidCaster"],"picked":"mysticmod:Fly","floor":13},{"not_picked":["mysticmod:SuddenClarity","mysticmod:CorrosiveTouch"],"picked":"mysticmod:ObscuringMist","floor":14},{"not_picked":["mysticmod:GreaterInvisibility","mysticmod:ObscuringMist"],"picked":"mysticmod:Natural20","floor":16},{"not_picked":["mysticmod:TomeOfSpells","mysticmod:FloatingDisk"],"picked":"mysticmod:MagicMissile","floor":18},{"not_picked":["mysticmod:Fireball","mysticmod:Alacrity"],"picked":"mysticmod:SuddenClarity","floor":24},{"not_picked":["mysticmod:LightningBolt","mysticmod:Sideswipe"],"picked":"mysticmod:Flurry","floor":30},{"not_picked":["mysticmod:GeminiForm","mysticmod:MysticalShield"],"picked":"mysticmod:ClosingBarrage","floor":33},{"not_picked":["mysticmod:Dedication+1","mysticmod:Sideswipe","mysticmod:ComponentsPouch"],"picked":"SKIP","floor":35},{"not_picked":["mysticmod:PowerSlash","mysticmod:SuddenClarity"],"picked":"mysticmod:MirrorStrike+1","floor":37},{"not_picked":["mysticmod:PureInstinct","mysticmod:ComboCaster"],"picked":"mysticmod:Disengage","floor":39},{"not_picked":["mysticmod:LightningBolt","mysticmod:HeavyStrike+1"],"picked":"mysticmod:EnchantedMoulinet","floor":40},{"not_picked":["mysticmod:KeenEdge","mysticmod:Disengage+1"],"picked":"mysticmod:SuddenClarity","floor":42},{"not_picked":["mysticmod:EnergizedRift","mysticmod:Alacrity","mysticmod:ComboCaster"],"picked":"SKIP","floor":47},{"not_picked":["mysticmod:LightningBolt+1","mysticmod:Snowball"],"picked":"mysticmod:MirrorEntity","floor":48}],"player_experience":1386872,"relics_obtained":[{"floor":9,"key":"Golden Egg"},{"floor":10,"key":"Boot"},{"floor":11,"key":"Protect_Vest"},{"floor":14,"key":"Iron Hammer"},{"floor":20,"key":"Kunai"},{"floor":26,"key":"War Paint"},{"floor":29,"key":"CeramicFish"},{"floor":40,"key":"Nunchaku"},{"floor":42,"key":"Pet Ghost"},{"floor":43,"key":"PreservedInsect"}],"event_choices":[{"damage_healed":0,"gold_gain":0,"player_choice":"Relic","damage_taken":0,"max_hp_gain":0,"max_hp_loss":0,"event_name":"Wheel of Change","floor":20,"gold_loss":0},{"damage_healed":0,"gold_gain":0,"player_choice":"Forge","damage_taken":0,"max_hp_gain":0,"max_hp_loss":0,"event_name":"Accursed Blacksmith","floor":21,"gold_loss":0,"cards_upgraded":["mysticmod:Dedication"]},{"damage_healed":0,"gold_gain":75,"player_choice":"Touch","damage_taken":9,"max_hp_gain":0,"max_hp_loss":0,"event_name":"FaceTrader","floor":22,"gold_loss":0},{"damage_healed":0,"gold_gain":0,"cards_transformed":["mysticmod:Strike_Mystic","mysticmod:Defend_Mystic"],"player_choice":"Became Test Subject","damage_taken":0,"max_hp_gain":0,"max_hp_loss":0,"event_name":"Drug Dealer","floor":28,"gold_loss":0,"cards_obtained":["mysticmod:Stoneskin","mysticmod:Alacrity"]},{"damage_healed":0,"gold_gain":0,"player_choice":"Upgraded","damage_taken":0,"max_hp_gain":0,"max_hp_loss":0,"event_name":"Upgrade Shrine","floor":31,"gold_loss":0,"cards_upgraded":["mysticmod:Dedication"]},{"damage_healed":0,"gold_gain":0,"player_choice":"Gave Potion","damage_taken":0,"relics_obtained":["Divine Protection"],"max_hp_gain":0,"max_hp_loss":0,"event_name":"WeMeetAgain","floor":45,"gold_loss":0}],"is_beta":false,"boss_relics":[{"not_picked":["jedi:hotpepper","energizedSpire:SpiderWeb"],"picked":"Cursed Key"},{"not_picked":["SacredBark","energizedSpire:OgreHead"],"picked":"Ring of Chaos"}],"items_purged_floors":[0,0,44,44],"is_endless":false,"potions_floor_spawned":[4,10,13,16,24,30,33,37,40,47],"ascension_level":12}}