{"host":"xsuxkwaivmtd234a","time":1614094185,"event":{"mods":["BaseMod","Bestiary","Colored Map","Minty Spire (QoL Compilation)","Relic Stats","StSLib"],"gold_per_floor":[115,115,126,140,37,37,67,67,67,87,118,118,137,170,170,266,266,283,283,283,30,47,47,47],"floor_reached":23,"language":"ENG","playtime":1138,"items_purged":[],"score":376,"play_id":"33a1d618-46e0-4c57-98cc-d0afb0136be1","local_time":"20210223102945","is_ascension_mode":true,"campfire_choices":[{"data":"Magnetism","floor":6.0,"key":"SMITH"},{"floor":12,"key":"REST"},{"data":"Flame Barrier","floor":15,"key":"SMITH"}],"circlet_count":0,"master_deck":["AscendersBane","Strike_R","Strike_R","Strike_R","Strike_R","Defend_R","Defend_R","Defend_R","Defend_R","Bash","Magnetism+1","True Grit","Clothesline","Second Wind","Feel No Pain","Twin Strike","Double Tap","Battle Trance","Fire Breathing","Flame Barrier+1","Feed","CurseOfTheBell","Disarm+1"],"relics":["Burning Blood","Kunai","Shovel","Art of War","Calipers","Calling Bell","Pen Nib","Pear","Unceasing Top","HornCleat"],"acts_visited":["Exordium","TheCity"],"potions_floor_usage":[14,22,23],"damage_taken":[{"damage":1.0,"enemies":"Cultist","floor":1.0,"turns":5.0},{"damage":9.0,"enemies":"2 Louse","floor":3.0,"turns":3.0},{"damage":5.0,"enemies":"Jaw Worm","floor":4.0,"turns":3.0},{"damage":20,"enemies":"Lagavulin","floor":7,"turns":8},{"damage":7,"enemies":"Large Slime","floor":10,"turns":7},{"damage":48,"enemies":"Gremlin Nob","floor":11,"turns":5},{"damage":28,"enemies":"Exordium Wildlife","floor":13,"turns":5},{"damage":0,"enemies":"Lagavulin","floor":14,"turns":7},{"damage":8,"enemies":"Hexaghost","floor":16,"turns":12},{"damage":23,"enemies":"Spheric Guardian","floor":18,"turns":8},{"damage":8,"enemies":"3 Byrds","floor":22,"turns":6},{"damage":44,"enemies":"Slavers","floor":23,"turns":3}],"seed_played":"4999245536091689646","potions_obtained":[{"floor":7,"key":"CultistPotion"},{"floor":14,"key":"Fire Potion"},{"floor":16,"key":"BlessingOfTheForge"}],"is_trial":false,"path_per_floor":["M","?","M","M","$","R","E","?","T","M","E","R","M","E","R","B",null,"M","?","?","$","M","E"],"character_chosen":"IRONCLAD","items_purchased":["Feel No Pain","Twin Strike","HornCleat"],"campfire_rested":1,"item_purchase_floors":[5,5,21],"current_hp_per_floor":[72,77,74,75,75,75,61,61,61,60,18,41,19,25,25,23,74,57,40,40,40,41,0,0],"gold":47,"neow_bonus":"RANDOM_COLORLESS_2","is_daily":false,"chose_seed":false,"campfire_upgraded":2,"win_rate":0.0,"timestamp":1614094185,"path_taken":["M","?","M","M","$","R","E","?","T","M","E","R","?","E","R","BOSS","M","?","?","?","M","E"],"items_purchased_type":["Card","Card","Relic"],"build_version":"2020-12-22","purchased_purges":0,"victory":false,"max_hp_per_floor":[72,77,77,77,77,77,77,77,77,77,77,77,77,77,77,77,87,87,92,92,92,95,95,95],"relic_stats":{"Shovel":0,"counters":[12,72],"Pen Nib":[1],"Art of War":[9],"Kunai":[8],"obtain_stats":[{"Calling Bell":17,"Shovel":9,"Calipers":14,"Pear":17,"HornCleat":21,"Pen Nib":17,"Art of War":11,"Kunai":7,"Burning Blood":0,"Unceasing Top":17},{"Calling Bell":9,"Shovel":4,"Calipers":8,"Pear":9,"HornCleat":10,"Pen Nib":9,"Art of War":6,"Kunai":4,"Burning Blood":0,"Unceasing Top":9},{"Calling Bell":55,"Shovel":19,"Calipers":43,"Pear":55,"HornCleat":63,"Pen Nib":55,"Art of War":31,"Kunai":19,"Burning Blood":0,"Unceasing Top":55}],"Burning Blood":61,"Unceasing Top":[1]},"card_choices":[{"not_picked":["Thinking Ahead","Metamorphosis"],"picked":"Magnetism","floor":0.0},{"not_picked":["Entrench","Pommel Strike"],"picked":"True Grit","floor":1.0},{"not_picked":["Intimidate","Body Slam"],"picked":"Clothesline","floor":3.0},{"not_picked":["Clothesline","Iron Wave"],"picked":"Second Wind","floor":4.0},{"not_picked":["Twin Strike","Perfected Strike"],"picked":"Double Tap","floor":7},{"not_picked":["Clothesline","Combust"],"picked":"Battle Trance","floor":10},{"not_picked":["Headbutt","Berserk","Iron Wave"],"picked":"SKIP","floor":11},{"not_picked":["Warcry","Seeing Red"],"picked":"Fire Breathing","floor":13},{"not_picked":["Battle Trance","Headbutt"],"picked":"Flame Barrier","floor":14},{"not_picked":["Juggernaut","Reaper"],"picked":"Feed","floor":16},{"not_picked":["Metallicize","Armaments"],"picked":"Disarm+1","floor":18},{"not_picked":["Clash","Shrug It Off","Rampage"],"picked":"SKIP","floor":22}],"player_experience":1351899,"relics_obtained":[{"floor":7,"key":"Kunai"},{"floor":9,"key":"Shovel"},{"floor":11,"key":"Art of War"},{"floor":14,"key":"Calipers"},{"floor":17,"key":"Pen Nib"},{"floor":17,"key":"Pear"},{"floor":17,"key":"Unceasing Top"}],"event_choices":[{"damage_healed":0.0,"max_hp_gain":5.0,"max_hp_loss":0.0,"gold_gain":0.0,"event_name":"Big Fish","player_choice":"Donut","floor":2.0,"gold_loss":0.0,"damage_taken":0.0},{"cards_removed":["Strike_R"],"damage_healed":0,"gold_gain":0,"player_choice":"Purged","damage_taken":0,"max_hp_gain":0,"max_hp_loss":0,"event_name":"Purifier","floor":8,"gold_loss":0},{"damage_healed":0,"gold_gain":0,"player_choice":"Shed Blood","damage_taken":22,"max_hp_gain":5,"max_hp_loss":0,"event_name":"Forgotten Altar","floor":19,"gold_loss":0},{"damage_healed":0,"gold_gain":0,"player_choice":"Ignored","damage_taken":0,"max_hp_gain":0,"max_hp_loss":0,"event_name":"Vampires","floor":20,"gold_loss":0}],"is_beta":false,"boss_relics":[{"not_picked":["Ectoplasm","Black Star"],"picked":"Calling Bell"}],"items_purged_floors":[],"is_endless":false,"potions_floor_spawned":[7,14,16],"killed_by":"Slavers","ascension_level":10}}