{"host":"31q8uht4v38sth7r","time":1614081385,"event":{"mods":["BaseMod","Colored Map","Highlight Path","Minty Spire (QoL Compilation)","Permanent Neow","StSLib"],"gold_per_floor":[113,113,113,128,203,203,236,236,262,262,289,289,308,326,326,428,428,438,450,464,476,476,476,486,486,486,486,486,486,486],"floor_reached":29,"language":"ENG","playtime":852,"items_purged":[],"score":350,"play_id":"12a7adeb-f502-41ac-b01b-a0676933acf7","local_time":"20210223195625","is_ascension_mode":true,"campfire_choices":[{"data":"Sunder","floor":6,"key":"SMITH"},{"floor":8,"key":"REST"},{"data":"Lockon","floor":10,"key":"SMITH"},{"data":"Zap","floor":15,"key":"SMITH"},{"floor":23,"key":"REST"},{"floor":25,"key":"REST"},{"floor":28,"key":"REST"}],"circlet_count":0,"master_deck":["AscendersBane","Strike_B+1","Strike_B","Strike_B+1","Strike_B","Defend_B","Defend_B","Defend_B","Zap+1","Dualcast","Cold Snap","Coolheaded","Lockon+1","Sunder+1","Echo Form+1","Turbo","Ball Lightning","Core Surge","BootSequence","Turbo+1","Loop+1","Hologram+1"],"relics":["Cracked Core","Frozen Egg 2","Happy Flower","Bag of Marbles","Philosopher\u0027s Stone","Akabeko","Kunai"],"acts_visited":["Exordium","TheCity"],"potions_floor_usage":[11,16,20,21],"damage_taken":[{"damage":0,"enemies":"Cultist","floor":1,"turns":4},{"damage":7,"enemies":"Jaw Worm","floor":4,"turns":2},{"damage":29,"enemies":"Lagavulin","floor":7,"turns":5},{"damage":6,"enemies":"Gremlin Nob","floor":11,"turns":3},{"damage":0,"enemies":"2 Louse","floor":13,"turns":2},{"damage":0,"enemies":"Blue Slaver","floor":14,"turns":2},{"damage":15,"enemies":"Hexaghost","floor":16,"turns":6},{"damage":22,"enemies":"Shell Parasite","floor":18,"turns":3},{"damage":0,"enemies":"Chosen","floor":19,"turns":3},{"damage":22,"enemies":"Snake Plant","floor":20,"turns":3},{"damage":12,"enemies":"Centurion and Healer","floor":21,"turns":7},{"damage":19,"enemies":"3 Cultists","floor":24,"turns":5},{"damage":61,"enemies":"Gremlin Leader","floor":29,"turns":5}],"seed_played":"4592933663484656147","potions_obtained":[{"floor":7,"key":"PowerPotion"},{"floor":13,"key":"Strength Potion"},{"floor":16,"key":"EssenceOfDarkness"},{"floor":20,"key":"SpeedPotion"},{"floor":21,"key":"LiquidBronze"}],"is_trial":false,"path_per_floor":["M","?","?","M","?","R","E","R","T","R","E","?","M","M","R","B",null,"M","M","M","M","?","R","M","R","T","?","R","E"],"character_chosen":"DEFECT","items_purchased":[],"campfire_rested":4,"item_purchase_floors":[],"current_hp_per_floor":[68,68,53,46,35,35,6,28,28,28,22,22,22,22,22,7,58,36,36,14,2,2,24,5,27,27,27,49,0,0],"gold":486,"neow_bonus":"THREE_CARDS","is_daily":false,"chose_seed":false,"campfire_upgraded":3,"win_rate":0.0,"timestamp":1614081385,"path_taken":["M","?","?","M","?","R","E","R","T","R","E","?","M","M","R","BOSS","M","M","M","M","?","R","M","R","T","?","R","E"],"items_purchased_type":[],"build_version":"2020-12-22","purchased_purges":0,"victory":false,"max_hp_per_floor":[75,75,75,75,75,75,75,75,75,75,75,75,75,75,75,75,75,75,75,75,75,75,75,75,75,75,75,75,75,75],"card_choices":[{"not_picked":["Barrage","Hologram"],"picked":"Cold Snap","floor":0},{"not_picked":["Sweeping Beam","Hologram"],"picked":"Coolheaded","floor":1},{"not_picked":["Hologram","Cold Snap"],"picked":"Sunder","floor":4},{"not_picked":["Scrape","Gash","Fusion"],"picked":"SKIP","floor":7},{"not_picked":["Cold Snap","Ball Lightning"],"picked":"Echo Form+1","floor":11},{"not_picked":["White Noise","Hologram"],"picked":"Turbo","floor":13},{"not_picked":["Leap","Gash"],"picked":"Ball Lightning","floor":14},{"not_picked":["Thunder Strike","Amplify"],"picked":"Core Surge","floor":16},{"not_picked":["Stack","Go for the Eyes+1"],"picked":"BootSequence","floor":18},{"not_picked":["Streamline","Sweeping Beam","Rebound"],"picked":"SKIP","floor":19},{"not_picked":["Cold Snap+1","Leap"],"picked":"Turbo+1","floor":20},{"not_picked":["Coolheaded","Leap+1"],"picked":"Loop+1","floor":21},{"not_picked":["Stack+1","Conserve Battery+1"],"picked":"Hologram+1","floor":24}],"player_experience":998014,"relics_obtained":[{"floor":7,"key":"Frozen Egg 2"},{"floor":9,"key":"Happy Flower"},{"floor":11,"key":"Bag of Marbles"},{"floor":26,"key":"Kunai"}],"event_choices":[{"damage_healed":0,"gold_gain":0,"cards_transformed":["Defend_B"],"player_choice":"Change","damage_taken":0,"max_hp_gain":0,"max_hp_loss":0,"event_name":"Living Wall","floor":2,"gold_loss":0,"cards_obtained":["Lockon"]},{"damage_healed":0,"gold_gain":0,"player_choice":"Entered Light","damage_taken":15,"max_hp_gain":0,"max_hp_loss":0,"event_name":"Shining Light","floor":3,"gold_loss":0,"cards_upgraded":["Strike_B","Strike_B"]},{"damage_healed":0,"gold_gain":75,"player_choice":"Gather Gold","damage_taken":11,"max_hp_gain":0,"max_hp_loss":0,"event_name":"World of Goop","floor":5,"gold_loss":0},{"damage_healed":0,"gold_gain":0,"player_choice":"Ignored","damage_taken":0,"max_hp_gain":0,"max_hp_loss":0,"event_name":"Liars Game","floor":12,"gold_loss":0},{"damage_healed":0,"gold_gain":0,"player_choice":"Opened","damage_taken":0,"relics_obtained":["Akabeko"],"max_hp_gain":0,"max_hp_loss":0,"event_name":"The Mausoleum","floor":22,"gold_loss":0},{"damage_healed":0,"gold_gain":0,"player_choice":"Ignored","damage_taken":0,"max_hp_gain":0,"max_hp_loss":0,"event_name":"Vampires","floor":27,"gold_loss":0}],"is_beta":false,"boss_relics":[{"not_picked":["Astrolabe","Nuclear Battery"],"picked":"Philosopher\u0027s Stone"}],"items_purged_floors":[],"is_endless":false,"potions_floor_spawned":[7,13,16,20,21],"killed_by":"Gremlin Leader","ascension_level":10}}