{"host":"f76wcztdlwlduum6","time":1614060405,"event":{"mods":["BaseMod","BetterRewards","Colored Powertips","Minty Spire (QoL Compilation)","Quick Restart","Rare Cards Sparkle","Relic Stats","StSLib","SuperFastMode","everything is the same but u backflip on backflip"],"gold_per_floor":[118,38,38,38,48,76,76,101,101,101,129,129,129,54,54,127,127,142,142,142,42,42],"floor_reached":21,"language":"ENG","playtime":690,"items_purged":["SandsOfTime"],"score":407,"play_id":"9ae3695f-cb02-4a2c-9266-3598408e1fb8","local_time":"20210223000645","daily_mods":["Draft","Diverse","Heirloom","Elite Swarm","Lethality"],"is_ascension_mode":true,"campfire_choices":[{"data":"Omniscience","floor":7,"key":"SMITH"},{"data":"Hologram","floor":10,"key":"SMITH"},{"data":"Hologram","floor":12,"key":"SMITH"},{"data":"Capacitor","floor":15,"key":"SMITH"}],"circlet_count":0,"master_deck":["AscendersBane","Blade Dance","Blade Dance","Hologram+1","Capacitor+1","Tempest","Dagger Throw","Loop","Wallop","Leap","Dagger Throw","Hologram+1","Twin Strike","Storm+1","Battle Trance","Omniscience+1","Malaise","Juggernaut","Electrodynamics","Deadly Poison+1","Beam Cell+1","MentalFortress+1","Reinforced Body"],"relics":["Burning Blood","TungstenRod","Thread and Needle","FossilizedHelix","Matryoshka","White Beast Statue","Pear","Astrolabe","Enchiridion"],"acts_visited":["Exordium","TheCity"],"potions_floor_usage":[8,8,11,18,21,21],"damage_taken":[{"damage":0,"enemies":"Cultist","floor":1,"turns":2},{"damage":12,"enemies":"Small Slimes","floor":5,"turns":2},{"damage":43,"enemies":"3 Sentries","floor":6,"turns":5},{"damage":12,"enemies":"Lagavulin","floor":8,"turns":4},{"damage":4,"enemies":"3 Sentries","floor":11,"turns":5},{"damage":9,"enemies":"The Guardian","floor":16,"turns":9},{"damage":71,"enemies":"3 Byrds","floor":18,"turns":3},{"damage":18,"enemies":"2 Thieves","floor":21,"turns":3}],"seed_played":"-477382129662673110","potions_obtained":[{"floor":4,"key":"CultistPotion"},{"floor":4,"key":"Regen Potion"},{"floor":8,"key":"LiquidMemories"},{"floor":11,"key":"Swift Potion"},{"floor":16,"key":"BlessingOfTheForge"},{"floor":18,"key":"HeartOfIron"}],"is_trial":true,"path_per_floor":["M","$","?","?","M","E","R","E","T","R","E","R","?","$","R","B",null,"M","?","?","M"],"character_chosen":"IRONCLAD","items_purchased":["Storm"],"campfire_rested":0,"item_purchase_floors":[2],"current_hp_per_floor":[74,74,74,74,68,31,31,34,34,34,36,36,42,42,42,39,74,9,12,12,0,0],"gold":42,"neow_bonus":"","is_daily":false,"chose_seed":false,"campfire_upgraded":4,"win_rate":0.0,"timestamp":1614060405,"path_taken":["M","?","?","?","?","E","R","E","T","R","E","R","?","$","R","BOSS","M","?","?","M"],"items_purchased_type":["Card"],"build_version":"2020-12-22","purchased_purges":1,"victory":false,"max_hp_per_floor":[75,75,75,75,75,75,75,75,75,75,75,75,85,85,85,85,85,85,105,105,105,105],"relic_stats":{"counters":[8,33],"Astrolabe":["Deadly Poison","Beam Cell","MentalFortress"],"obtain_stats":[{"Matryoshka":9,"Pear":13,"Astrolabe":17,"Enchiridion":19,"Thread and Needle":6,"Burning Blood":0,"TungstenRod":0,"FossilizedHelix":8,"White Beast Statue":11},{"Matryoshka":4,"Pear":5,"Astrolabe":6,"Enchiridion":7,"Thread and Needle":3,"Burning Blood":0,"TungstenRod":0,"FossilizedHelix":4,"White Beast Statue":5},{"Matryoshka":13,"Pear":18,"Astrolabe":27,"Enchiridion":30,"Thread and Needle":9,"Burning Blood":0,"TungstenRod":0,"FossilizedHelix":13,"White Beast Statue":18}],"Burning Blood":42,"TungstenRod":37},"card_choices":[{"not_picked":["Fusion","Perfected Strike"],"picked":"Blade Dance","floor":0},{"not_picked":["Coolheaded","Acrobatics"],"picked":"FlyingSleeves","floor":0},{"not_picked":["JustLucky","Coolheaded"],"picked":"Blade Dance","floor":0},{"not_picked":["FollowUp","Deadly Poison"],"picked":"Hologram","floor":0},{"not_picked":["Havoc","Fire Breathing"],"picked":"Capacitor","floor":0},{"not_picked":["SashWhip","Body Slam"],"picked":"DeceiveReality","floor":0},{"not_picked":["Blizzard","FlurryOfBlows"],"picked":"SandsOfTime","floor":0},{"not_picked":["InnerPeace","Hologram"],"picked":"Tempest","floor":0},{"not_picked":["Clash","Rip and Tear"],"picked":"JustLucky","floor":0},{"not_picked":["Cleave","Bloodletting"],"picked":"Dagger Throw","floor":0},{"not_picked":["Eviscerate","Second Wind"],"picked":"Loop","floor":0},{"not_picked":["Dagger Spray","Beam Cell"],"picked":"Wallop","floor":0},{"not_picked":["Flex","Cleave"],"picked":"Leap","floor":0},{"not_picked":["Underhanded Strike","Thunderclap"],"picked":"Dagger Throw","floor":0},{"not_picked":["Rip and Tear","Backflip"],"picked":"Hologram","floor":0},{"not_picked":["Prepared","CrushJoints"],"picked":"Twin Strike","floor":1},{"not_picked":["Streamline","Force Field"],"picked":"Battle Trance","floor":5},{"not_picked":["Creative AI","After Image"],"picked":"Omniscience","floor":6},{"not_picked":["A Thousand Cuts","Glass Knife"],"picked":"Malaise","floor":8},{"not_picked":["Grand Finale","Multi-Cast"],"picked":"Juggernaut","floor":11},{"not_picked":["Doppelganger","Ragnarok"],"picked":"Electrodynamics","floor":16},{"not_picked":["Cleave","Deflect","Stack+1"],"picked":"SKIP","floor":18}],"player_experience":378489,"relics_obtained":[{"floor":6,"key":"Thread and Needle"},{"floor":8,"key":"FossilizedHelix"},{"floor":9,"key":"Matryoshka"},{"floor":11,"key":"White Beast Statue"},{"floor":19,"key":"Enchiridion"}],"event_choices":[{"damage_healed":0,"gold_gain":0,"player_choice":"Grow","damage_taken":0,"max_hp_gain":0,"max_hp_loss":0,"event_name":"Living Wall","floor":3,"gold_loss":0,"cards_upgraded":["Storm"]},{"damage_healed":0,"gold_gain":0,"player_choice":"Got Potions","damage_taken":0,"max_hp_gain":0,"max_hp_loss":0,"event_name":"Lab","floor":4,"gold_loss":0},{"damage_healed":0,"gold_gain":0,"player_choice":"Success","damage_taken":5,"relics_obtained":["Pear"],"max_hp_gain":0,"max_hp_loss":0,"event_name":"Scrap Ooze","floor":13,"gold_loss":0},{"damage_healed":0,"gold_gain":0,"player_choice":"Obtained Book","damage_taken":21,"max_hp_gain":0,"max_hp_loss":0,"event_name":"Cursed Tome","floor":19,"gold_loss":0},{"damage_healed":0,"gold_gain":0,"player_choice":"Read","damage_taken":0,"max_hp_gain":0,"max_hp_loss":0,"event_name":"The Library","floor":20,"gold_loss":0,"cards_obtained":["Reinforced Body"]}],"is_beta":false,"boss_relics":[{"not_picked":["Ectoplasm","Busted Crown"],"picked":"Astrolabe"}],"items_purged_floors":[14],"is_endless":false,"potions_floor_spawned":[5,6,8,11,16,18],"killed_by":"2 Thieves","ascension_level":20}}