{"host":"t9vqxmgmtrdkt9v9","time":1614067099,"event":{"mods":["AchievementEnabler","BaseMod","Colored Map","Minty Spire (QoL Compilation)","Permanent Neow","Relic Stats","StSLib"],"gold_per_floor":[366,70,70,70,89,122,136,136,136,136,154,172,207,224,224,301,301,312,312,312,328,343,343,354,354,354],"floor_reached":25,"language":"ENG","playtime":2651,"items_purged":["Clumsy"],"score":455,"play_id":"07eac427-63ca-4468-956a-b6f232715667","local_time":"20210223175819","is_ascension_mode":true,"campfire_choices":[{"floor":8,"key":"REST"},{"data":"Poisoned Stab","floor":10,"key":"SMITH"},{"data":"Crippling Poison","floor":15,"key":"SMITH"},{"floor":23,"key":"REST"}],"circlet_count":0,"master_deck":["AscendersBane","Strike_G","Strike_G","Strike_G","Strike_G","Defend_G","Defend_G","Defend_G","Defend_G","Defend_G","Survivor","Neutralize","Poisoned Stab+1","Blade Dance+1","Quick Slash","Unload","Cloak And Dagger","All Out Attack","Terror","Crippling Poison+1","Dodge and Roll","After Image","Accuracy","Cloak And Dagger","Accuracy"],"relics":["Ring of the Snake","Blood Vial","Pocketwatch","Mango","Sundial","Runic Pyramid"],"acts_visited":["Exordium","TheCity"],"potions_floor_usage":[13,25],"damage_taken":[{"damage":6,"enemies":"Cultist","floor":1,"turns":5},{"damage":0,"enemies":"Small Slimes","floor":5,"turns":3},{"damage":34,"enemies":"3 Sentries","floor":6,"turns":12},{"damage":0,"enemies":"Jaw Worm","floor":7,"turns":2},{"damage":3,"enemies":"Looter","floor":11,"turns":3},{"damage":3,"enemies":"3 Louse","floor":12,"turns":3},{"damage":15,"enemies":"Lagavulin","floor":13,"turns":5},{"damage":2,"enemies":"Large Slime","floor":14,"turns":4},{"damage":20,"enemies":"Hexaghost","floor":16,"turns":8},{"damage":1,"enemies":"Chosen","floor":18,"turns":5},{"damage":10,"enemies":"Shell Parasite","floor":21,"turns":8},{"damage":28,"enemies":"Chosen and Byrds","floor":22,"turns":6},{"damage":17,"enemies":"Centurion and Healer","floor":24,"turns":6},{"damage":38,"enemies":"Book of Stabbing","floor":25,"turns":5}],"seed_played":"-2608506823515575637","potions_obtained":[{"floor":6,"key":"AttackPotion"},{"floor":11,"key":"ColorlessPotion"},{"floor":13,"key":"Swift Potion"}],"is_trial":false,"path_per_floor":["M","$","?","?","M","E","M","R","T","R","M","M","E","M","R","B",null,"M","?","?","M","M","R","M","E"],"character_chosen":"THE_SILENT","items_purchased":["Blade Dance","Blood Vial"],"campfire_rested":2,"item_purchase_floors":[2,2],"current_hp_per_floor":[53,53,46,46,48,16,18,37,51,51,50,49,36,36,36,18,65,66,43,60,52,26,51,36,0,0],"gold":354,"neow_bonus":"TWO_FIFTY_GOLD","is_daily":false,"chose_seed":false,"campfire_upgraded":2,"win_rate":0.0,"timestamp":1614067099,"path_taken":["M","$","?","?","M","E","M","R","T","R","?","M","E","M","R","BOSS","M","?","?","M","M","R","M","E"],"items_purchased_type":["Card","Relic"],"build_version":"2020-12-22","purchased_purges":1,"victory":false,"max_hp_per_floor":[66,66,66,66,66,66,66,66,80,80,80,80,80,80,80,80,80,80,85,85,85,85,85,85,85,85],"relic_stats":{"Blood Vial":26,"counters":[14,75],"Sundial":[4],"obtain_stats":[{"Blood Vial":2,"Sundial":13,"Mango":9,"Ring of the Snake":0,"Pocketwatch":6,"Runic Pyramid":17},{"Blood Vial":1,"Sundial":7,"Mango":4,"Ring of the Snake":0,"Pocketwatch":3,"Runic Pyramid":9},{"Blood Vial":5,"Sundial":33,"Mango":22,"Ring of the Snake":0,"Pocketwatch":20,"Runic Pyramid":45}],"Ring of the Snake":[28],"Pocketwatch":[34]},"card_choices":[{"not_picked":["Bane","Dodge and Roll"],"picked":"Poisoned Stab","floor":1},{"not_picked":["Backflip","Prepared"],"picked":"Quick Slash","floor":5},{"not_picked":["Deadly Poison","Riddle With Holes"],"picked":"Unload","floor":6},{"not_picked":["Acrobatics","Poisoned Stab"],"picked":"Cloak And Dagger","floor":7},{"not_picked":["Caltrops","Underhanded Strike"],"picked":"All Out Attack","floor":11},{"not_picked":["Concentrate","Acrobatics"],"picked":"Terror","floor":12},{"not_picked":["Predator","Glass Knife"],"picked":"Crippling Poison","floor":13},{"not_picked":["Prepared","Cloak And Dagger"],"picked":"Dodge and Roll","floor":14},{"not_picked":["Phantasmal Killer","Malaise"],"picked":"After Image","floor":16},{"not_picked":["Quick Slash","Flying Knee"],"picked":"Accuracy","floor":18},{"not_picked":["Blur","Skewer","Backflip"],"picked":"SKIP","floor":21},{"not_picked":["Calculated Gamble","Escape Plan+1"],"picked":"Cloak And Dagger","floor":22},{"not_picked":["Tactician","Riddle With Holes"],"picked":"Accuracy","floor":24}],"player_experience":473301,"relics_obtained":[{"floor":6,"key":"Pocketwatch"},{"floor":9,"key":"Mango"},{"floor":13,"key":"Sundial"}],"event_choices":[{"cards_removed":["Strike_G"],"damage_healed":0,"gold_gain":0,"player_choice":"Card Removal","damage_taken":7,"max_hp_gain":0,"max_hp_loss":0,"event_name":"Golden Wing","floor":3,"gold_loss":0},{"damage_healed":0,"gold_gain":0,"player_choice":"Grow","damage_taken":0,"max_hp_gain":0,"max_hp_loss":0,"event_name":"Living Wall","floor":4,"gold_loss":0,"cards_upgraded":["Blade Dance"]},{"damage_healed":0,"gold_gain":0,"player_choice":"Shed Blood","damage_taken":28,"max_hp_gain":5,"max_hp_loss":0,"event_name":"Forgotten Altar","floor":19,"gold_loss":0},{"damage_healed":17,"gold_gain":0,"player_choice":"Heal","damage_taken":0,"max_hp_gain":0,"max_hp_loss":0,"event_name":"The Library","floor":20,"gold_loss":0}],"is_beta":false,"boss_relics":[{"not_picked":["Sozu","Busted Crown"],"picked":"Runic Pyramid"}],"items_purged_floors":[2],"is_endless":false,"potions_floor_spawned":[6,11,13,16,18],"killed_by":"Book of Stabbing","ascension_level":20}}