{"host":"40e4adzyl212zebh","time":1614062539,"event":{"mods":["Act Like it!","BaseMod","Colored Map","Colored Powertips","DeckTracker","Hallownest","Minty Spire (QoL Compilation)","Quick Restart","Random Character Button","Relic Stats","StSLib","The Bug Knight"],"gold_per_floor":[110,110,121,136,149,181,235,235,284,284,319,494,514,524,524,622,622,639,652,652,652],"floor_reached":20,"language":"ENG","playtime":2012,"items_purged":[],"score":186,"play_id":"ce13ff9c-14ef-4723-a09b-6540b49e7b6e","local_time":"20210223154219","is_ascension_mode":false,"campfire_choices":[{"data":"HollowMod:MothsMistake","floor":8,"key":"SMITH"},{"data":"HollowMod:InfectedCysts","floor":10,"key":"SMITH"},{"floor":15,"key":"RECALL"}],"circlet_count":0,"master_deck":["HollowMod:NailStrikeStart","HollowMod:NailStrikeStart","HollowMod:NailStrikeStart+1","HollowMod:NailStrikeStart","HollowMod:QuickDashStart","HollowMod:QuickDashStart","HollowMod:QuickDashStart","HollowMod:QuickDashStart","HollowMod:FocusHealStart","HollowMod:PogoStrike+1","HollowMod:InfectedCysts+1","HollowMod:MothsMistake+1","HollowMod:ShadowDash","HollowMod:SharpenedShadows","HollowMod:Hiveblood","HollowMod:DoubleDash","HollowMod:QuirrelsAssistance","HollowMod:SiblingsSouls","HollowMod:NewInfectedGuardian","HollowMod:InfectedAttack+1","HollowMod:BaldurShell"],"relics":["HollowMod:VesselMask","NeowsBlessing","Pantograph","Omamori","Whetstone","Oddly Smooth Stone","Black Star"],"acts_visited":["Exordium","TheCity"],"potions_floor_usage":[6,19],"damage_taken":[{"damage":0,"enemies":"Cultist","floor":1,"turns":1},{"damage":0,"enemies":"Jaw Worm","floor":3,"turns":1},{"damage":0,"enemies":"2 Louse","floor":4,"turns":1},{"damage":16,"enemies":"Exordium Wildlife","floor":5,"turns":3},{"damage":30,"enemies":"3 Sentries","floor":6,"turns":7},{"damage":38,"enemies":"HollowMod:MossKnight","floor":11,"turns":6},{"damage":11,"enemies":"2 Fungi Beasts","floor":13,"turns":6},{"damage":30,"enemies":"Exordium Thugs","floor":14,"turns":4},{"damage":70,"enemies":"Hexaghost","floor":16,"turns":10},{"damage":26,"enemies":"2 Thieves","floor":18,"turns":4},{"damage":51,"enemies":"Spheric Guardian","floor":19,"turns":7},{"damage":20,"enemies":"Snake Plant","floor":20,"turns":3}],"seed_played":"-2484437611588485207","potions_obtained":[{"floor":2,"key":"SneckoOil"},{"floor":2,"key":"LiquidBronze"},{"floor":2,"key":"BlessingOfTheForge"},{"floor":5,"key":"FearPotion"},{"floor":6,"key":"FearPotion"},{"floor":13,"key":"LiquidBronze"},{"floor":14,"key":"GamblersBrew"}],"is_trial":false,"path_per_floor":["M","?","M","M","M","E","T","R","T","R","E","?","M","M","R","B",null,"M","M","M"],"character_chosen":"THE_BUGKNIGHT","items_purchased":[],"campfire_rested":0,"item_purchase_floors":[],"current_hp_per_floor":[75,75,75,75,59,39,39,39,39,39,23,23,34,22,22,41,75,49,19,0,0],"gold":652,"neow_bonus":"THREE_ENEMY_KILL","is_daily":false,"chose_seed":false,"campfire_upgraded":2,"win_rate":0.0,"timestamp":1614062539,"path_taken":["M","?","?","M","?","E","?","R","T","R","E","?","M","M","R","BOSS","M","M","M"],"items_purchased_type":[],"build_version":"2020-12-22","purchased_purges":0,"victory":false,"max_hp_per_floor":[75,75,75,75,75,75,75,75,75,75,75,75,75,75,75,75,75,75,75,75,75],"relic_stats":{"counters":[12,53],"Pantograph":25,"Black Star":0,"Whetstone":["HollowMod:PogoStrike","HollowMod:NailStrikeStart"],"obtain_stats":[{"NeowsBlessing":0,"Pantograph":6,"Oddly Smooth Stone":11,"HollowMod:VesselMask":0,"Omamori":7,"Black Star":17,"Whetstone":9},{"NeowsBlessing":0,"Pantograph":5,"Oddly Smooth Stone":6,"HollowMod:VesselMask":0,"Omamori":5,"Black Star":9,"Whetstone":5},{"NeowsBlessing":0,"Pantograph":13,"Oddly Smooth Stone":19,"HollowMod:VesselMask":0,"Omamori":13,"Black Star":39,"Whetstone":13}]},"card_choices":[{"not_picked":["HollowMod:TaintedHusks","HollowMod:SiblingsSouls"],"picked":"HollowMod:InfectedCysts","floor":1},{"not_picked":["HollowMod:theNailsmith","HollowMod:MawleksShell"],"picked":"HollowMod:MothsMistake","floor":3},{"not_picked":["HollowMod:ChannelNail","HollowMod:GoodIntentions"],"picked":"HollowMod:ShadowDash","floor":4},{"not_picked":["HollowMod:MonarchWings","HollowMod:NewJinnsSoul"],"picked":"HollowMod:SharpenedShadows","floor":5},{"not_picked":["HollowMod:NewJinnsSoul","HollowMod:WraithStrike"],"picked":"HollowMod:Hiveblood","floor":6},{"not_picked":["HollowMod:DesolateDive","HollowMod:LifebloodCocoon"],"picked":"HollowMod:DoubleDash","floor":11},{"not_picked":["HollowMod:ShadowDash","HollowMod:HeavyBlow"],"picked":"HollowMod:QuirrelsAssistance","floor":13},{"not_picked":["HollowMod:VengefulSpirit","HollowMod:SharpenedNail"],"picked":"HollowMod:SiblingsSouls","floor":14},{"not_picked":["HollowMod:AwokenDreamNail","HollowMod:SlysStrikes"],"picked":"HollowMod:NewInfectedGuardian","floor":16},{"not_picked":["HollowMod:TaintedHusks","HollowMod:NewJinnsSoul+1"],"picked":"HollowMod:InfectedAttack+1","floor":18},{"not_picked":["HollowMod:InfectedCysts+1","HollowMod:SoulStrike"],"picked":"HollowMod:BaldurShell","floor":19}],"player_experience":607497,"relics_obtained":[{"floor":6,"key":"Pantograph"},{"floor":7,"key":"Omamori"},{"floor":9,"key":"Whetstone"},{"floor":11,"key":"Oddly Smooth Stone"}],"event_choices":[{"damage_healed":0,"gold_gain":0,"player_choice":"Got Potions","damage_taken":0,"max_hp_gain":0,"max_hp_loss":0,"event_name":"Lab","floor":2,"gold_loss":0},{"damage_healed":0,"gold_gain":175,"player_choice":"AGREE","damage_taken":0,"max_hp_gain":0,"max_hp_loss":0,"event_name":"Liars Game","floor":12,"gold_loss":0,"cards_obtained":["Doubt"]}],"is_beta":false,"boss_relics":[{"not_picked":["SacredBark","Astrolabe"],"picked":"Black Star"}],"items_purged_floors":[],"is_endless":false,"potions_floor_spawned":[5,6,13,14,18],"killed_by":"Snake Plant","ascension_level":0}}