{"host":"uceopoba4zvqsgiy","time":1614060673,"event":{"mods":["2.2 Compatiblity","Act Like it!","BaseMod","Better Skull","Better Third Choice","Elementarium","Evolution","GifTheSpireLib","Hermit","Humility","Infinite Spire","Jorbs\u0027s Wanderer Trilogy","Marked Mod","Minty Spire (QoL Compilation)","Potionbrewer","Reliquary","Replay The Spire","Robot Space Explorer","Shade Mod","Spicy Shops","StS++","StSLib","Stuff the Spire","The Blue Laboratory","The Caster","The Cursed","The Dragon Tamer","The Dragonkin","The Hierophant","The Judge","The Jungle","TheSurvivalist","Wandering Minibosses"],"gold_per_floor":[111,30,46,14,14,50,50,74,74,74,105,120,120,133,133,133,133],"floor_reached":16,"language":"ENG","playtime":1169,"items_purged":[],"score":246,"play_id":"906db5c3-a814-4c9b-b56f-e2e99611f1e3","local_time":"20210223164113","is_ascension_mode":true,"campfire_choices":[{"floor":15,"key":"REST"}],"circlet_count":0,"master_deck":["Ball Lightning","Ball Lightning","Ball Lightning","Ball Lightning","Conserve Battery","Conserve Battery","Conserve Battery","Conserve Battery","Zap","Dualcast","StSpp:TargetLocked","StuffTheSpire:LaunchingStrike+1","Glacier","Cold Snap+1"],"relics":["Cracked Core","EVO:Axolotl","NeowsBlessing","Molten Egg 2","betterThird:SlimedRelic","Golden Idol","reliquary:OuijaBoard","Replay:Antivirus Software","infinitespire:PuzzleCube"],"acts_visited":["Exordium"],"potions_floor_usage":[11,11],"damage_taken":[{"damage":0,"enemies":"Small Slimes","floor":1,"turns":1},{"damage":0,"enemies":"Cultist","floor":3,"turns":1},{"damage":0,"enemies":"Gremlin Nob","floor":6,"turns":1},{"damage":1,"enemies":"Jaw Worm","floor":8,"turns":3},{"damage":12,"enemies":"Lagavulin","floor":11,"turns":4},{"damage":11,"enemies":"Looter","floor":12,"turns":3},{"damage":0,"enemies":"Exordium Wildlife","floor":14,"turns":2},{"damage":43,"enemies":"Slime Boss","floor":16,"turns":10}],"seed_played":"-21716711801683902","potions_obtained":[{"floor":6,"key":"potionbrewer:BarricadePotion"},{"floor":8,"key":"Adrenaline Potion"}],"is_trial":false,"path_per_floor":["M","?","M","?","?","E","$","M","T","$","E","M","$","M","R","B"],"character_chosen":"DEFECT","items_purchased":[],"campfire_rested":1,"item_purchase_floors":[],"current_hp_per_floor":[73,73,73,62,42,42,42,41,41,41,29,18,18,18,42,0,0],"gold":133,"neow_bonus":"THREE_ENEMY_KILL","is_daily":false,"chose_seed":false,"campfire_upgraded":0,"win_rate":0.0,"timestamp":1614060673,"path_taken":["M","?","?","?","?","E","?","?","T","$","E","M","$","M","R","BOSS"],"items_purchased_type":[],"build_version":"2020-12-22","purchased_purges":0,"victory":false,"max_hp_per_floor":[80,80,80,80,80,80,80,80,80,80,80,80,80,80,80,80,80],"card_choices":[{"not_picked":["StSpp:Fierceness","Melter"],"picked":"StSpp:TargetLocked","floor":1},{"not_picked":["Conserve Battery","Panic Button","Hologram"],"picked":"SKIP","floor":3},{"not_picked":["Conserve Battery","Redo"],"picked":"StuffTheSpire:LaunchingStrike+1","floor":6},{"not_picked":["Darkness","Turbo","Coolheaded"],"picked":"SKIP","floor":8},{"not_picked":["Go for the Eyes+1","Heatsinks"],"picked":"Glacier","floor":11},{"not_picked":["Turbo","Ball Lightning+1"],"picked":"Cold Snap+1","floor":12},{"not_picked":["Go for the Eyes+1","Barrage+1","Fission"],"picked":"SKIP","floor":14}],"player_experience":1860111,"relics_obtained":[{"floor":6,"key":"reliquary:OuijaBoard"},{"floor":9,"key":"Replay:Antivirus Software"},{"floor":11,"key":"infinitespire:PuzzleCube"}],"event_choices":[{"damage_healed":0,"gold_gain":0,"player_choice":"Paid Gold","damage_taken":0,"relics_obtained":["Molten Egg 2"],"max_hp_gain":0,"max_hp_loss":0,"event_name":"WeMeetAgain","floor":2,"gold_loss":81},{"damage_healed":0,"gold_gain":0,"player_choice":"Slimed","damage_taken":11,"max_hp_gain":0,"max_hp_loss":0,"event_name":"betterThird:BetterGoop","floor":4,"gold_loss":32},{"damage_healed":0,"gold_gain":0,"player_choice":"Take Damage","damage_taken":20,"relics_obtained":["Golden Idol"],"max_hp_gain":0,"max_hp_loss":0,"event_name":"Golden Idol","floor":5,"gold_loss":0}],"is_beta":false,"boss_relics":[],"items_purged_floors":[],"is_endless":false,"potions_floor_spawned":[6,8],"killed_by":"Slime Boss","ascension_level":9,"is_humility":true}}