{"host":"mi0eibewekhugwl1","time":1614059947,"event":{"mods":["AchievementEnabler","BaseMod","Colored Map","Colored Powertips","DeckTracker","Keyboard Shortcuts","Minty Spire (QoL Compilation)","Quick Restart","Rare Cards Sparkle","Relic Stats","StSLib","SuperFastMode","everything is the same but u backflip on backflip"],"gold_per_floor":[109,127,127,127,144,144,144,180,180,194,194,213,9,29,29,29,29],"floor_reached":16,"language":"KOR","playtime":352,"items_purged":[],"score":204,"play_id":"79f694d3-3ef9-42f7-be22-bb00e87732fe","local_time":"20210223145907","is_ascension_mode":true,"campfire_choices":[{"floor":6,"key":"REST"},{"floor":11,"key":"REST"},{"data":"Footwork","floor":15,"key":"SMITH"}],"circlet_count":0,"master_deck":["AscendersBane","Strike_G","Strike_G","Strike_G","Strike_G","Defend_G","Defend_G","Defend_G","Defend_G","Defend_G","Survivor","Neutralize","Blade Dance","Dagger Throw","Blade Dance","Dash","Dagger Spray","Footwork+1","Glass Knife","Deadly Poison","Dodge and Roll","Noxious Fumes"],"relics":["Ring of the Snake","Dream Catcher","Darkstone Periapt","Golden Idol","Sundial","White Beast Statue","Orrery"],"acts_visited":["Exordium"],"potions_floor_usage":[8,10,12,16],"damage_taken":[{"damage":4,"enemies":"2 Louse","floor":1,"turns":5},{"damage":6,"enemies":"Jaw Worm","floor":2,"turns":7},{"damage":3,"enemies":"Small Slimes","floor":5,"turns":3},{"damage":20,"enemies":"3 Sentries","floor":8,"turns":9},{"damage":12,"enemies":"Exordium Wildlife","floor":10,"turns":5},{"damage":3,"enemies":"Red Slaver","floor":12,"turns":5},{"damage":5,"enemies":"2 Fungi Beasts","floor":14,"turns":3},{"damage":27,"enemies":"Hexaghost","floor":16,"turns":9}],"seed_played":"-2248777645304785091","potions_obtained":[{"floor":1,"key":"EssenceOfSteel"},{"floor":8,"key":"CultistPotion"},{"floor":10,"key":"AttackPotion"},{"floor":12,"key":"Explosive Potion"},{"floor":14,"key":"ColorlessPotion"}],"is_trial":false,"path_per_floor":["M","M","?","?","M","R","?","E","T","M","R","M","$","M","R","B"],"character_chosen":"THE_SILENT","items_purchased":["Footwork","Orrery"],"campfire_rested":2,"item_purchase_floors":[13,13],"current_hp_per_floor":[55,49,38,31,28,47,47,27,27,15,33,30,30,25,25,0,0],"gold":29,"neow_bonus":"RANDOM_COMMON_RELIC","is_daily":false,"chose_seed":false,"campfire_upgraded":1,"win_rate":0.0,"timestamp":1614059947,"path_taken":["M","M","?","?","M","R","?","E","T","?","R","M","?","?","R","BOSS"],"items_purchased_type":["Card","Relic"],"build_version":"2020-12-22","purchased_purges":0,"victory":false,"max_hp_per_floor":[66,66,66,66,66,66,60,60,60,60,60,60,60,60,60,60,60],"relic_stats":{"Darkstone Periapt":0,"Dream Catcher":2,"counters":[8,46],"Golden Idol":18,"Sundial":[2],"obtain_stats":[{"Darkstone Periapt":3,"Dream Catcher":0,"Golden Idol":7,"Sundial":8,"Orrery":13,"White Beast Statue":9,"Ring of the Snake":0},{"Darkstone Periapt":2,"Dream Catcher":0,"Golden Idol":3,"Sundial":4,"Orrery":6,"White Beast Statue":4,"Ring of the Snake":0},{"Darkstone Periapt":12,"Dream Catcher":0,"Golden Idol":15,"Sundial":24,"Orrery":34,"White Beast Statue":24,"Ring of the Snake":0}],"Ring of the Snake":[16]},"card_choices":[{"not_picked":["Setup","Backflip"],"picked":"Blade Dance","floor":1},{"not_picked":["Setup","Prepared"],"picked":"Dagger Throw","floor":2},{"not_picked":["Poisoned Stab","Slice"],"picked":"Blade Dance","floor":5},{"not_picked":["Sucker Punch","Quick Slash"],"picked":"Dash","floor":6},{"not_picked":["Eviscerate","PiercingWail","Prepared"],"picked":"SKIP","floor":8},{"not_picked":["Riddle With Holes","PiercingWail","Outmaneuver"],"picked":"SKIP","floor":10},{"not_picked":["Deflect","Dagger Throw"],"picked":"Dagger Spray","floor":11},{"not_picked":["Eviscerate","Sucker Punch","All Out Attack"],"picked":"SKIP","floor":12},{"not_picked":["Endless Agony","PiercingWail"],"picked":"Glass Knife","floor":13},{"not_picked":["All Out Attack","Grand Finale"],"picked":"Deadly Poison","floor":13},{"not_picked":["Dagger Spray","Underhanded Strike"],"picked":"Dodge and Roll","floor":13},{"not_picked":["Reflex","Deflect"],"picked":"Noxious Fumes","floor":14}],"player_experience":1817146,"relics_obtained":[{"floor":8,"key":"Sundial"},{"floor":9,"key":"White Beast Statue"}],"event_choices":[{"damage_healed":0,"gold_gain":0,"player_choice":"Success","damage_taken":11,"relics_obtained":["Darkstone Periapt"],"max_hp_gain":0,"max_hp_loss":0,"event_name":"Scrap Ooze","floor":3,"gold_loss":0},{"cards_removed":["Strike_G"],"damage_healed":0,"gold_gain":0,"player_choice":"Card Removal","damage_taken":7,"max_hp_gain":0,"max_hp_loss":0,"event_name":"Golden Wing","floor":4,"gold_loss":0},{"damage_healed":0,"gold_gain":0,"player_choice":"Lose Max HP","damage_taken":0,"relics_obtained":["Golden Idol"],"max_hp_gain":0,"max_hp_loss":6,"event_name":"Golden Idol","floor":7,"gold_loss":0}],"is_beta":false,"boss_relics":[],"items_purged_floors":[],"is_endless":false,"potions_floor_spawned":[1,8,10,12,14],"killed_by":"Hexaghost","ascension_level":20}}