{"host":"jruzzdd1waq9u00d","time":1614093605,"event":{"mods":["BaseMod","Colored Map","Colored Powertips","DeckTracker","KOR Keyword Fix","Minty Spire (QoL Compilation)","Permanent Neow","Quick Restart","Relic Stats","StSLib","SuperFastMode"],"gold_per_floor":[115,128,128,53,53,80,80,91,114,114,129,129,129,144,144,223,223,241,261,261,186,186,186],"floor_reached":22,"language":"KOR","playtime":449,"items_purged":["Streamline"],"score":518,"play_id":"ef3950b5-9106-4117-8373-4a9901b6b4e2","local_time":"20210224002005","is_ascension_mode":true,"campfire_choices":[{"data":"Leap","floor":7.0,"key":"SMITH"},{"data":"Rip and Tear","floor":10.0,"key":"SMITH"},{"data":"Doom and Gloom","floor":12.0,"key":"SMITH"},{"data":"Defragment","floor":15.0,"key":"SMITH"}],"circlet_count":0,"master_deck":["AscendersBane","Zap","Dualcast","Redo+1","Leap+1","Rip and Tear+1","Doom and Gloom+1","Defragment+1","Electrodynamics","Core Surge","Chill","Thunder Strike","Cold Snap","Stack","All For One","White Noise"],"relics":["Cracked Core","NeowsBlessing","Toy Ornithopter","Oddly Smooth Stone","Cables","Pandora\u0027s Box"],"acts_visited":["Exordium","TheCity"],"potions_floor_usage":[],"damage_taken":[{"damage":0.0,"enemies":"Jaw Worm","floor":1.0,"turns":1.0},{"damage":0.0,"enemies":"2 Louse","floor":2.0,"turns":1.0},{"damage":0.0,"enemies":"Lagavulin","floor":6.0,"turns":1.0},{"damage":9.0,"enemies":"Small Slimes","floor":8.0,"turns":3.0},{"damage":0.0,"enemies":"Looter","floor":11.0,"turns":3.0},{"damage":8.0,"enemies":"Red Slaver","floor":14.0,"turns":2.0},{"damage":0.0,"enemies":"Slime Boss","floor":16.0,"turns":6.0},{"damage":5.0,"enemies":"Chosen","floor":18.0,"turns":4.0},{"damage":21.0,"enemies":"Shell Parasite","floor":19.0,"turns":4.0},{"damage":34,"enemies":"Snake Plant","floor":22,"turns":2}],"seed_played":"2839972886834084883","potions_obtained":[{"floor":6.0,"key":"AttackPotion"},{"floor":8.0,"key":"Block Potion"},{"floor":11.0,"key":"FocusPotion"},{"floor":16.0,"key":"LiquidMemories"}],"is_trial":false,"path_per_floor":["M","M","?","?","$","E","R","M","T","R","M","R","?","M","R","B",null,"M","M","?","$","M"],"character_chosen":"DEFECT","items_purchased":[],"campfire_rested":0,"item_purchase_floors":[],"current_hp_per_floor":[64,64,43,43,43,43,43,34,34,34,39,39,39,31,31,36,62,57,36,32,32,0,0],"gold":186,"neow_bonus":"THREE_ENEMY_KILL","is_daily":false,"chose_seed":false,"campfire_upgraded":4,"win_rate":0.0,"timestamp":1614093605,"path_taken":["M","M","?","?","?","E","R","?","T","R","M","R","?","M","R","BOSS","M","M","?","$","M"],"items_purchased_type":[],"build_version":"2020-12-22","purchased_purges":1,"victory":false,"max_hp_per_floor":[71,71,71,71,71,71,71,71,71,71,71,71,71,71,71,71,71,71,71,71,71,71,71],"relic_stats":{"counters":[10,27],"Pandora\u0027s Box":["Core Surge","Chill","Streamline","Thunder Strike","Cold Snap","Stack","All For One"],"obtain_stats":[{"NeowsBlessing":0,"Oddly Smooth Stone":9,"Pandora\u0027s Box":17,"Cracked Core":0,"Toy Ornithopter":6,"Cables":13},{"NeowsBlessing":0,"Oddly Smooth Stone":4,"Pandora\u0027s Box":7,"Cracked Core":0,"Toy Ornithopter":3,"Cables":5},{"NeowsBlessing":0,"Oddly Smooth Stone":6,"Pandora\u0027s Box":17,"Cracked Core":0,"Toy Ornithopter":3,"Cables":9}],"Toy Ornithopter":10,"Cables":[16,13,3,0,0]},"card_choices":[{"not_picked":["Rebound","Scrape","Rip and Tear"],"picked":"SKIP","floor":1.0},{"not_picked":["Sweeping Beam","Streamline"],"picked":"Redo","floor":2.0},{"not_picked":["Steam","Tempest"],"picked":"Leap","floor":6.0},{"not_picked":["Gash","Steam"],"picked":"Rip and Tear","floor":8.0},{"not_picked":["Hologram","Tempest"],"picked":"Doom and Gloom","floor":11.0},{"not_picked":["Self Repair","Chill"],"picked":"Defragment","floor":14.0},{"not_picked":["Multi-Cast","Creative AI"],"picked":"Electrodynamics","floor":16.0},{"not_picked":["Leap","Rebound+1"],"picked":"White Noise","floor":18.0},{"not_picked":["Stack","Genetic Algorithm","Sweeping Beam"],"picked":"SKIP","floor":19.0}],"player_experience":414954,"relics_obtained":[{"floor":6.0,"key":"Toy Ornithopter"},{"floor":9.0,"key":"Oddly Smooth Stone"}],"event_choices":[{"damage_healed":0.0,"max_hp_gain":0.0,"max_hp_loss":0.0,"gold_gain":0.0,"event_name":"Shining Light","player_choice":"Entered Light","floor":3.0,"gold_loss":0.0,"damage_taken":21.0,"cards_upgraded":["Defend_B","Redo"]},{"cards_removed":["Strike_B"],"damage_healed":0.0,"max_hp_gain":0.0,"max_hp_loss":0.0,"gold_gain":0.0,"event_name":"The Cleric","player_choice":"Card Removal","floor":4.0,"gold_loss":75.0,"damage_taken":0.0},{"damage_healed":0.0,"max_hp_gain":0.0,"max_hp_loss":0.0,"gold_gain":0.0,"event_name":"Dead Adventurer","player_choice":"Searched \u00271\u0027 times","floor":13.0,"gold_loss":0.0,"damage_taken":0.0,"relics_obtained":["Cables"]},{"damage_healed":0.0,"max_hp_gain":0.0,"max_hp_loss":0.0,"gold_gain":0.0,"event_name":"The Woman in Blue","player_choice":"Bought 0 Potions","floor":20.0,"gold_loss":0.0,"damage_taken":0.0}],"is_beta":false,"boss_relics":[{"not_picked":["Ectoplasm","Runic Pyramid"],"picked":"Pandora\u0027s Box"}],"items_purged_floors":[21],"is_endless":false,"potions_floor_spawned":[6,8,11,16,19],"killed_by":"Snake Plant","ascension_level":20}}