{"host":"ia9e4s524g7bamk7","time":1614078508,"event":{"mods":["AchievementEnabler","BaseMod","Colored Map","Minty Spire (QoL Compilation)","Permanent Neow","Slay-I","slay the spire mod where everything is the same but ironclad has a cowboy hat"],"gold_per_floor":[116,135,210,225,245,245,272,272,272,305,305,316,316,334,334,430,430,449,449,339,339,78,78,78,78],"floor_reached":24,"language":"ENG","playtime":2934,"items_purged":["Strike_P","Strike_P"],"score":265,"play_id":"8dd805a6-5ca2-4ad2-96b6-c8592209e46e","local_time":"20210223120828","is_ascension_mode":true,"campfire_choices":[{"floor":6.0,"key":"REST"},{"floor":13.0,"key":"REST"},{"data":"Establishment","floor":15.0,"key":"SMITH"},{"data":"Eruption","floor":23,"key":"SMITH"}],"circlet_count":0,"master_deck":["Strike_P","Strike_P+1","Defend_P","Defend_P","Defend_P","Defend_P+1","Eruption+1","Vigilance","Establishment+1","SashWhip","SandsOfTime+1","Protect","Tantrum","Wallop+1","LessonLearned","BattleHymn","CarveReality","MasterReality","ClearTheMind","Meditate","BattleHymn","Necronomicurse","WindmillStrike","Tantrum"],"relics":["PureWater","Strawberry","Kunai","Dead Branch","Philosopher\u0027s Stone","Necronomicon"],"acts_visited":["Exordium","TheCity"],"potions_floor_usage":[24],"damage_taken":[{"damage":3.0,"enemies":"Jaw Worm","floor":1.0,"turns":5.0},{"damage":4.0,"enemies":"Small Slimes","floor":2.0,"turns":4.0},{"damage":3.0,"enemies":"2 Louse","floor":4.0,"turns":4.0},{"damage":22.0,"enemies":"Exordium Wildlife","floor":5.0,"turns":6.0},{"damage":4.0,"enemies":"Gremlin Nob","floor":7.0,"turns":4.0},{"damage":19.0,"enemies":"3 Sentries","floor":10.0,"turns":10.0},{"damage":0.0,"enemies":"2 Fungi Beasts","floor":12.0,"turns":4.0},{"damage":0.0,"enemies":"Large Slime","floor":14.0,"turns":9.0},{"damage":31.0,"enemies":"The Guardian","floor":16.0,"turns":7.0},{"damage":14,"enemies":"Shell Parasite","floor":18,"turns":6},{"damage":37,"enemies":"Slavers","floor":24,"turns":2}],"seed_played":"-2626985951828511475","potions_obtained":[{"floor":5.0,"key":"Block Potion"},{"floor":7.0,"key":"Strength Potion"},{"floor":14.0,"key":"Ancient Potion"},{"floor":16.0,"key":"CultistPotion"},{"floor":18,"key":"AttackPotion"}],"is_trial":false,"path_per_floor":["M","M","?","M","M","R","E","?","T","E","?","M","R","M","R","B",null,"M","?","$","?","$","R","E"],"character_chosen":"WATCHER","items_purchased":["BattleHymn","WindmillStrike","Tantrum"],"campfire_rested":2,"item_purchase_floors":[20,22,22],"current_hp_per_floor":[62,58,47,44,22,43,46,46,46,27,11,11,34,34,34,3,60,46,46,46,30,30,30,0,0],"gold":78,"neow_bonus":"ONE_RANDOM_RARE_CARD","is_daily":false,"chose_seed":false,"campfire_upgraded":2,"win_rate":0.0,"timestamp":1614078508,"path_taken":["M","M","?","M","M","R","E","?","T","E","?","M","R","M","R","BOSS","M","?","$","?","$","R","E"],"items_purchased_type":["Card","Card","Card"],"build_version":"2020-12-22","purchased_purges":2,"victory":false,"max_hp_per_floor":[72,72,72,72,72,72,79,79,79,79,79,79,79,79,79,79,79,79,79,79,79,79,79,79,79],"card_choices":[{"not_picked":["PathToVictory","Collect"],"picked":"SashWhip","floor":1.0},{"not_picked":["PathToVictory","Crescendo"],"picked":"SandsOfTime","floor":2.0},{"not_picked":["CrushJoints","SignatureMove"],"picked":"Protect","floor":4.0},{"not_picked":["Meditate","InnerPeace"],"picked":"Tantrum","floor":5.0},{"not_picked":["Swivel","CrushJoints"],"picked":"Wallop","floor":7.0},{"not_picked":["JustLucky","Weave"],"picked":"LessonLearned","floor":10.0},{"not_picked":["CrushJoints","CutThroughFate"],"picked":"BattleHymn","floor":12.0},{"not_picked":["Halt","ThirdEye"],"picked":"CarveReality","floor":14.0},{"not_picked":["Establishment","ConjureBlade"],"picked":"MasterReality","floor":16.0},{"not_picked":["Conclude","ThirdEye"],"picked":"ClearTheMind","floor":18}],"player_experience":411377,"relics_obtained":[{"floor":7.0,"key":"Strawberry"},{"floor":9.0,"key":"Kunai"},{"floor":10.0,"key":"Dead Branch"},{"floor":21,"key":"Necronomicon"}],"event_choices":[{"damage_healed":0.0,"max_hp_gain":0.0,"max_hp_loss":0.0,"gold_gain":75.0,"event_name":"World of Goop","player_choice":"Gather Gold","floor":3.0,"gold_loss":0.0,"damage_taken":11.0},{"damage_healed":0.0,"max_hp_gain":0.0,"max_hp_loss":0.0,"gold_gain":0.0,"event_name":"Dead Adventurer","player_choice":"Searched \u00270\u0027 times","floor":8.0,"gold_loss":0.0,"damage_taken":0.0},{"damage_healed":0.0,"max_hp_gain":0.0,"max_hp_loss":0.0,"gold_gain":0.0,"event_name":"Shining Light","player_choice":"Entered Light","floor":11.0,"gold_loss":0.0,"damage_taken":16.0,"cards_upgraded":["Wallop","SandsOfTime"]},{"damage_healed":0,"gold_gain":0,"player_choice":"Read","damage_taken":0,"max_hp_gain":0,"max_hp_loss":0,"event_name":"The Library","floor":19,"gold_loss":0,"cards_obtained":["Meditate"]},{"damage_healed":0,"gold_gain":0,"player_choice":"Obtained Book","damage_taken":16,"max_hp_gain":0,"max_hp_loss":0,"event_name":"Cursed Tome","floor":21,"gold_loss":0}],"is_beta":false,"boss_relics":[{"not_picked":["Sozu","Pandora\u0027s Box"],"picked":"Philosopher\u0027s Stone"}],"items_purged_floors":[20,22],"is_endless":false,"potions_floor_spawned":[5,7,14,16,18],"killed_by":"Slavers","ascension_level":6}}