{"host":"zq4tmp0p98b2vpa9","time":1614091638,"event":{"mods":["AchievementEnabler","BaseMod","Highlight Path","Minty Spire (QoL Compilation)","Relic Stats","ojb\u0027s Info Mod"],"gold_per_floor":[118,131,146,161,5,5,31,31,105,123,123,198,233,13,13,13,13],"floor_reached":16,"language":"ENG","playtime":551,"items_purged":["Strike_B"],"score":121,"play_id":"02cb7ad3-7d20-498c-b4fb-66e84d5dd0d6","local_time":"20210223154718","is_ascension_mode":true,"campfire_choices":[{"data":"Recycle","floor":6,"key":"SMITH"},{"data":"Zap","floor":8,"key":"SMITH"},{"floor":11,"key":"REST"},{"floor":15,"key":"REST"}],"circlet_count":0,"master_deck":["Strike_B","Strike_B","Strike_B","Defend_B","Defend_B","Defend_B","Defend_B","Zap+1","Dualcast","Tempest","Melter","Recycle+1","Ball Lightning","Ball Lightning","Loop","Capacitor"],"relics":["Cracked Core","NeowsBlessing","Chemical X","WingedGreaves","Happy Flower","Dream Catcher"],"acts_visited":["Exordium"],"potions_floor_usage":[7,13,13,16],"damage_taken":[{"damage":0,"enemies":"2 Louse","floor":1,"turns":1},{"damage":0,"enemies":"Small Slimes","floor":2,"turns":1},{"damage":0,"enemies":"Jaw Worm","floor":3,"turns":1},{"damage":18,"enemies":"Exordium Thugs","floor":4,"turns":3},{"damage":16,"enemies":"Gremlin Nob","floor":7,"turns":3},{"damage":13,"enemies":"Large Slime","floor":10,"turns":3},{"damage":27,"enemies":"3 Sentries","floor":13,"turns":5},{"damage":41,"enemies":"Slime Boss","floor":16,"turns":6}],"seed_played":"-4406400884623247796","potions_obtained":[{"floor":3,"key":"ColorlessPotion"},{"floor":4,"key":"SpeedPotion"},{"floor":7,"key":"PotionOfCapacity"},{"floor":13,"key":"LiquidMemories"}],"is_trial":false,"path_per_floor":["M","M","M","M","$","R","E","R","T","M","R","?","E","$","R","B"],"character_chosen":"DEFECT","items_purchased":["Chemical X","Dream Catcher"],"campfire_rested":2,"item_purchase_floors":[5,14],"current_hp_per_floor":[75,75,75,57,57,57,41,41,41,28,50,39,12,12,34,0,0],"gold":13,"neow_bonus":"THREE_ENEMY_KILL","is_daily":false,"chose_seed":false,"campfire_upgraded":2,"win_rate":0.0,"timestamp":1614091638,"path_taken":["M","M","M","M","$","R","E","R","T","M","R","?","E","$","R","BOSS"],"items_purchased_type":["Relic","Relic"],"build_version":"2020-12-22","purchased_purges":1,"victory":false,"max_hp_per_floor":[75,75,75,75,75,75,75,75,75,75,75,75,75,75,75,75,75],"relic_stats":{"Dream Catcher":1,"Happy Flower":[2],"counters":[8,23],"Chemical X":[5],"obtain_stats":[{"Dream Catcher":14,"NeowsBlessing":0,"Happy Flower":13,"WingedGreaves":7,"Chemical X":5,"Cracked Core":0},{"Dream Catcher":7,"NeowsBlessing":0,"Happy Flower":7,"WingedGreaves":5,"Chemical X":4,"Cracked Core":0},{"Dream Catcher":17,"NeowsBlessing":0,"Happy Flower":17,"WingedGreaves":9,"Chemical X":6,"Cracked Core":0}]},"card_choices":[{"not_picked":["Sweeping Beam","Steam"],"picked":"Tempest","floor":1},{"not_picked":["White Noise","Compile Driver"],"picked":"Melter","floor":2},{"not_picked":["Darkness","Scrape"],"picked":"Recycle","floor":3},{"not_picked":["Leap","Steam"],"picked":"Ball Lightning","floor":4},{"not_picked":["Sweeping Beam","Darkness","Hyperbeam"],"picked":"SKIP","floor":7},{"not_picked":["Compile Driver","Doom and Gloom"],"picked":"Ball Lightning","floor":10},{"not_picked":["Rebound","Beam Cell"],"picked":"Loop","floor":13},{"not_picked":["Turbo","Tempest"],"picked":"Capacitor","floor":15}],"player_experience":300026,"relics_obtained":[{"floor":7,"key":"WingedGreaves"},{"floor":13,"key":"Happy Flower"}],"event_choices":[{"damage_healed":0,"gold_gain":75,"player_choice":"Gather Gold","damage_taken":11,"max_hp_gain":0,"max_hp_loss":0,"event_name":"World of Goop","floor":12,"gold_loss":0}],"is_beta":false,"boss_relics":[],"items_purged_floors":[14],"is_endless":false,"potions_floor_spawned":[3,4,7,13],"killed_by":"Slime Boss","ascension_level":2}}