{"host":"vrsxkkch9ccrec7k","time":1614070098,"event":{"mods":["Act Like it!","BaseMod","Bestiary","Better Altar","Better Match","Better Note","Better Sensory Stone","Better Skull","Better Third Choice","Better Vampires","Downfall","Minty Spire (QoL Compilation)","Permanent Neow","Relic Stats","Spicy Shops","StSLib"],"gold_per_floor":[0,16,26,126,143,143,143,168,40,55,55,74,74,74,86,161,161,161,175,175,175,191,191,191,191,211,6,6,18,18,18,29,103,103,103,113,130,130,148,148,148,173,173,200,200,213,13,29,41,41],"floor_reached":51,"language":"ENG","playtime":3881,"items_purged":["bronze:Strike"],"score":1197,"play_id":"b420df6a-e992-4b60-af58-75dd76938025","local_time":"20210223034818","is_ascension_mode":true,"campfire_choices":[{"data":"bronze:Replicate","floor":1,"key":"SMITH"},{"data":"bronze:Goto","floor":6,"key":"SMITH"},{"data":"bronze:Optimize","floor":11,"key":"SMITH"},{"floor":13,"key":"REST"},{"data":"bronze:Repulsor","floor":18,"key":"SMITH"},{"data":"bronze:Fortify","floor":23,"key":"SMITH"},{"data":"bronze:Format","floor":30,"key":"SMITH"},{"data":"bronze:HardenedForm","floor":35,"key":"SMITH"},{"floor":40,"key":"REST"},{"data":"bronze:Shell","floor":43,"key":"SMITH"}],"circlet_count":0,"master_deck":["AscendersBane","bronze:Defend","bronze:Defend","bronze:Defend","bronze:Defend","bronze:Replicate+1","bronze:Goto+1","bronze:Optimize+1","bronze:Branch","bronze:Fortify+1","bronze:Repulsor+1","bronze:InfiniteBeams","bronze:DelayedGuard","bronze:Constructor","bronze:Format+1","bronze:InfiniteBeams","bronze:ChildClass","bronze:ChildClass","bronze:HyperBeam","bronze:Frontload","bronze:Deprecate","bronze:Shell+1","bronze:HardenedForm+1","bronze:Flail","bronze:Shell","bronze:WhirlingStrike+1","bronze:ForLoop","bronze:ThunderWave","bronze:ForceShield"],"relics":["bronze:BronzeCore","Ginger","Slimebound:PreparedRelic","Bottled Flame","Empty Cage","Bag of Preparation","Membership Card","Sozu","Blue Candle","hexamod:CandleOfCauterizing","champ:DeflectingBracers","The Courier","Mummified Hand","Guardian:PocketSentry"],"acts_visited":["Exordium","TheCity","TheBeyond"],"potions_floor_usage":[8,16],"damage_taken":[{"damage":2,"enemies":"Jaw Worm","floor":2,"turns":3},{"damage":7,"enemies":"2 Louse","floor":3,"turns":3},{"damage":2,"enemies":"Small Slimes","floor":5,"turns":4},{"damage":16,"enemies":"Gremlin Nob","floor":8,"turns":3},{"damage":0,"enemies":"downfall:FleeingMerchant","floor":9,"turns":4},{"damage":4,"enemies":"3 Louse","floor":10,"turns":3},{"damage":10,"enemies":"Gremlin Gang","floor":12,"turns":4},{"damage":1,"enemies":"downfall:LooterAlt","floor":15,"turns":3},{"damage":32,"enemies":"DF_ARCHETYPE_STREAMLINE","floor":16,"turns":13},{"damage":4,"enemies":"Shell Parasite","floor":19,"turns":6},{"damage":4,"enemies":"Chosen","floor":22,"turns":5},{"damage":0,"enemies":"Snecko","floor":26,"turns":5},{"damage":0,"enemies":"downfall:FleeingMerchant","floor":27,"turns":4},{"damage":2,"enemies":"Cultist and Chosen","floor":29,"turns":7},{"damage":4,"enemies":"Snake Plant","floor":32,"turns":5},{"damage":28,"enemies":"WA_ARCHETYPE_CALM","floor":33,"turns":14},{"damage":0,"enemies":"Orb Walker","floor":36,"turns":4},{"damage":18,"enemies":"3 Darklings","floor":37,"turns":5},{"damage":0,"enemies":"Maw","floor":39,"turns":8},{"damage":0,"enemies":"Maw","floor":42,"turns":6},{"damage":0,"enemies":"Reptomancer","floor":44,"turns":6},{"damage":17,"enemies":"Spire Growth","floor":46,"turns":5},{"damage":0,"enemies":"downfall:FleeingMerchant","floor":47,"turns":4},{"damage":0,"enemies":"Jaw Worm Horde","floor":48,"turns":1},{"damage":13,"enemies":"Transient","floor":49,"turns":5},{"damage":0,"enemies":"IC_BLOCK_ARCHETYPE","floor":50,"turns":12}],"seed_played":"7618110716557677855","potions_obtained":[{"floor":2,"key":"Swift Potion"},{"floor":8,"key":"Slimebound:ThreeZeroPotion"},{"floor":19,"key":"Swift Potion"},{"floor":22,"key":"Weak Potion"},{"floor":32,"key":"LiquidMemories"}],"is_trial":false,"path_per_floor":["R","M","M","?","M","R","T","E","$","M","R","M","R","?","M","B",null,"R","M","?","?","M","R","T","?","M","$","?","M","R","?","M","B",null,"R","M","M","?","M","R","T","?","R","E","?","M","$","M","M","B",null],"character_chosen":"THE_AUTOMATON","items_purchased":["bronze:Repulsor","Membership Card","bronze:HyperBeam","Mummified Hand","Guardian:PocketSentry","bronze:ForLoop"],"campfire_rested":2,"item_purchase_floors":[9,27,27,47,47,47],"current_hp_per_floor":[57,55,48,48,46,46,46,30,30,26,26,16,34,34,33,1,48,48,44,73,73,69,69,69,69,69,69,69,67,67,67,63,35,64,64,64,46,41,41,62,62,62,62,62,62,45,45,45,32,32],"gold":41,"neow_bonus":"ONE_RARE_RELIC","is_daily":false,"chose_seed":false,"campfire_upgraded":8,"win_rate":0.0,"timestamp":1614070098,"path_taken":["R","M","M","?","M","R","T","E","$","M","R","M","R","?","M","BOSS","R","M","?","?","?","R","T","?","M","$","?","M","R","?","M","BOSS","R","M","M","?","M","R","T","?","R","E","?","M","$","M","M","BOSS"],"items_purchased_type":["Card","Relic","Card","Relic","Relic","Card"],"build_version":"2020-12-22","purchased_purges":1,"victory":true,"max_hp_per_floor":[63,63,63,63,63,63,63,63,63,63,63,63,63,63,63,63,63,63,63,73,73,73,73,73,73,73,73,73,73,73,73,73,73,73,73,73,73,73,73,73,73,73,73,73,73,73,73,73,73,73],"relic_stats":{"Sozu":3,"counters":[26,142],"Mummified Hand":[31],"Blue Candle":[0],"Bag of Preparation":[30],"Ginger":[31],"obtain_stats":[{"hexamod:CandleOfCauterizing":41,"bronze:BronzeCore":0,"Blue Candle":38,"champ:DeflectingBracers":42,"The Courier":44,"Bag of Preparation":24,"Guardian:PocketSentry":47,"Ginger":0,"Empty Cage":17,"Sozu":34,"Bottled Flame":8,"Mummified Hand":47,"Slimebound:PreparedRelic":7,"Membership Card":27},{"hexamod:CandleOfCauterizing":19,"bronze:BronzeCore":0,"Blue Candle":18,"champ:DeflectingBracers":20,"The Courier":21,"Bag of Preparation":11,"Guardian:PocketSentry":23,"Ginger":0,"Empty Cage":9,"Sozu":16,"Bottled Flame":4,"Mummified Hand":23,"Slimebound:PreparedRelic":3,"Membership Card":13},{"hexamod:CandleOfCauterizing":103,"bronze:BronzeCore":0,"Blue Candle":95,"champ:DeflectingBracers":109,"The Courier":115,"Bag of Preparation":51,"Guardian:PocketSentry":124,"Ginger":0,"Empty Cage":40,"Sozu":86,"Bottled Flame":13,"Mummified Hand":124,"Slimebound:PreparedRelic":10,"Membership Card":60}]},"card_choices":[{"not_picked":["bronze:Overload","bronze:MaxOutput"],"picked":"bronze:OilSpill","floor":2},{"not_picked":["bronze:Frontload","bronze:ForLoop"],"picked":"bronze:Optimize","floor":3},{"not_picked":["bronze:Turbo","bronze:ForceShield"],"picked":"bronze:Branch","floor":5},{"not_picked":["bronze:BronzeArmor","bronze:ForLoop"],"picked":"bronze:FindAndReplace","floor":8},{"not_picked":["bronze:BronzeOrb","bronze:Boost"],"picked":"bronze:Fortify","floor":9},{"not_picked":["bronze:Refactor","bronze:Repulsor"],"picked":"bronze:InfiniteBeams","floor":10},{"not_picked":["bronze:Separator","bronze:OilSpill"],"picked":"bronze:DelayedGuard","floor":12},{"not_picked":["bronze:BuggyMess","bronze:FineTuning"],"picked":"bronze:Constructor","floor":15},{"not_picked":["bronze:RecursiveStrike","bronze:ThunderWave"],"picked":"bronze:Format","floor":16},{"not_picked":["bronze:BronzeOrb","bronze:BitShift","bronze:Return"],"picked":"SKIP","floor":19},{"not_picked":["bronze:CloningBeam","bronze:BugBarrage"],"picked":"bronze:InfiniteBeams","floor":22},{"not_picked":["bronze:WildBeam","bronze:CutThrough"],"picked":"bronze:ChildClass","floor":26},{"not_picked":["bronze:Backtrace","bronze:Optimize"],"picked":"bronze:ChildClass","floor":27},{"not_picked":["bronze:FineTuning","bronze:Backtrace"],"picked":"bronze:Frontload","floor":29},{"not_picked":["bronze:FineTuning","bronze:Overload"],"picked":"bronze:Shell","floor":32},{"not_picked":["bronze:Mutator","bronze:ShipIt"],"picked":"bronze:HardenedForm","floor":33},{"not_picked":["bronze:Invalidate","bronze:BronzeOrb","bronze:ItsAFeature"],"picked":"SKIP","floor":36},{"not_picked":["bronze:Overload","bronze:Frontload","bronze:DelayedSlice"],"picked":"SKIP","floor":37},{"not_picked":["bronze:Constructor","bronze:Optimize"],"picked":"bronze:Flail","floor":39},{"not_picked":["bronze:DelayedSlice","bronze:Turbo"],"picked":"bronze:Shell","floor":44},{"not_picked":["bronze:OilSpill","bronze:BugBarrage","bronze:Safeguard"],"picked":"SKIP","floor":46},{"not_picked":["bronze:ItsAFeature+1","bronze:Branch+1"],"picked":"bronze:WhirlingStrike+1","floor":47},{"not_picked":["bronze:ForLoop+1","bronze:Frontload"],"picked":"bronze:ThunderWave","floor":48},{"not_picked":["bronze:Boost","bronze:Branch"],"picked":"bronze:ForceShield","floor":49}],"player_experience":2003900,"relics_obtained":[{"floor":7,"key":"Slimebound:PreparedRelic"},{"floor":8,"key":"Bottled Flame"},{"floor":24,"key":"Bag of Preparation"},{"floor":41,"key":"hexamod:CandleOfCauterizing"},{"floor":42,"key":"champ:DeflectingBracers"},{"floor":44,"key":"The Courier"}],"event_choices":[{"cards_removed":["bronze:Strike"],"damage_healed":0,"gold_gain":0,"player_choice":"Forget","damage_taken":0,"max_hp_gain":0,"max_hp_loss":0,"event_name":"Living Wall","floor":14,"gold_loss":0},{"cards_removed":["bronze:OilSpill"],"damage_healed":5,"gold_gain":0,"player_choice":"Offered Common","damage_taken":0,"max_hp_gain":0,"max_hp_loss":0,"event_name":"Bonfire Elementals","floor":21,"gold_loss":0},{"cards_removed":["bronze:OilSpill"],"damage_healed":5,"gold_gain":0,"player_choice":"Offered Special","damage_taken":0,"max_hp_gain":0,"max_hp_loss":0,"event_name":"Bonfire Elementals","floor":21,"gold_loss":0},{"damage_healed":0,"gold_gain":0,"player_choice":"Read","damage_taken":0,"max_hp_gain":0,"max_hp_loss":0,"event_name":"The Library","floor":31,"gold_loss":0,"cards_obtained":["bronze:Deprecate"]}],"is_beta":false,"boss_relics":[{"not_picked":["Tiny House","Runic Dome"],"picked":"Empty Cage"},{"not_picked":["Coffee Dripper","Snecko Eye"],"picked":"Sozu"}],"items_purged_floors":[9],"is_endless":false,"potions_floor_spawned":[2,8,19,22,32,37,44,49],"ascension_level":14}}