{"host":"9slw7l0ws16384qq","time":1614095082,"event":{"mods":["A Penny For Your Troubles","BaseMod","Colored Map","Downfall","Evolution","Hubris","Minty Spire (QoL Compilation)","Replay The Spire","StS++","StSLib"],"gold_per_floor":[99,113,113,128,146,165,214,254,266,289,63,63,63,63],"floor_reached":12,"language":"FRA","playtime":715,"items_purged":["bronze:Defend"],"score":116,"play_id":"37ebc2f0-8dc0-4a88-8842-73d0b1506c2d","local_time":"20210223164442","is_ascension_mode":true,"campfire_choices":[{"data":"bronze:Replicate","floor":1,"key":"SMITH"}],"circlet_count":0,"master_deck":["bronze:Mutator+1","bronze:Strike","bronze:Strike","bronze:Strike","bronze:Defend","bronze:Defend","bronze:Replicate+1","bronze:Goto","bronze:Shield","bronze:Terminator","bronze:Shield"],"relics":["bronze:BronzeCore","EVO:Axolotl","hubris:Potato","MawBank","Oddly Smooth Stone"],"acts_visited":["Exordium"],"potions_floor_usage":[8,10],"damage_taken":[{"damage":7,"enemies":"Jaw Worm","floor":2,"turns":4},{"damage":0,"enemies":"Small Slimes","floor":4,"turns":3},{"damage":5,"enemies":"Cultist","floor":5,"turns":5},{"damage":9,"enemies":"3 Louse","floor":6,"turns":4},{"damage":13,"enemies":"3 Sentries","floor":8,"turns":6},{"damage":0,"enemies":"Exordium Wildlife","floor":10,"turns":3},{"damage":0,"enemies":"downfall:FleeingMerchant","floor":11,"turns":4},{"damage":43,"enemies":"Gremlin Nob","floor":12,"turns":4}],"seed_played":"8802927042962899929","potions_obtained":[{"floor":4,"key":"PowerPotion"},{"floor":8,"key":"Regen Potion"}],"is_trial":false,"path_per_floor":["R","M","?","M","M","M","T","E","?","M","$","E"],"character_chosen":"THE_AUTOMATON","items_purchased":["Oddly Smooth Stone"],"campfire_rested":0,"item_purchase_floors":[11],"current_hp_per_floor":[45,38,38,38,33,24,24,11,11,20,20,0,0,0],"gold":63,"neow_bonus":"ONE_RARE_RELIC","is_daily":false,"chose_seed":false,"campfire_upgraded":1,"win_rate":0.0,"timestamp":1614095082,"path_taken":["R","M","?","M","M","M","T","E","?","M","?","E"],"items_purchased_type":["Relic"],"build_version":"2020-12-22","purchased_purges":1,"victory":false,"max_hp_per_floor":[70,70,70,70,70,70,70,70,70,70,70,70,70,70],"card_choices":[{"not_picked":["bronze:Boost","bronze:DelayedGuard"],"picked":"bronze:Shield","floor":2},{"not_picked":["bronze:Overload","bronze:CutThrough"],"picked":"bronze:Terminator","floor":4},{"not_picked":["bronze:Refactor","bronze:Shell","bronze:Separator"],"picked":"SKIP","floor":5},{"not_picked":["bronze:Repair","bronze:DelayedSlice"],"picked":"bronze:Shield","floor":6},{"not_picked":["bronze:BronzeOrb","bronze:NullPointer","bronze:ItsAFeature"],"picked":"SKIP","floor":8},{"not_picked":["bronze:WildBeam","bronze:FineTuning","bronze:Refactor"],"picked":"SKIP","floor":10},{"not_picked":["bronze:Invalidate","bronze:Optimize","bronze:Deprecate"],"picked":"SKIP","floor":11}],"player_experience":1722897,"relics_obtained":[{"floor":7,"key":"MawBank"}],"event_choices":[{"cards_removed":["bronze:Defend"],"damage_healed":0,"gold_gain":0,"player_choice":"Card Removal","damage_taken":0,"max_hp_gain":0,"max_hp_loss":0,"event_name":"The Cleric","floor":3,"gold_loss":0}],"is_beta":false,"boss_relics":[],"items_purged_floors":[11],"is_endless":false,"potions_floor_spawned":[4,8],"killed_by":"Gremlin Nob","ascension_level":9}}