{"host":"lly094a91h6n5nv5","time":1614062044,"event":{"mods":["AchievementEnabler","BaseMod","Block Reminder","Colored Map","Minty Spire (QoL Compilation)","Permanent Neow"],"gold_per_floor":[110,28,28,39,39,39,73,85,97,109,196,57,75,87,87,159,159,159,74,74,74,74,74,74,74,74,74,24,24,24,24,24,24,24,24,24,24,24,24],"floor_reached":38,"language":"ENG","playtime":2130,"items_purged":[],"score":821,"play_id":"94698f8b-2632-4919-99d1-215765f54e39","local_time":"20210223003404","is_ascension_mode":true,"campfire_choices":[{"data":"Deadly Poison","floor":6,"key":"SMITH"},{"data":"Neutralize","floor":10,"key":"SMITH"},{"data":"Leg Sweep","floor":15,"key":"SMITH"},{"data":"Bouncing Flask","floor":23,"key":"SMITH"},{"floor":27,"key":"REST"},{"floor":32,"key":"REST"}],"circlet_count":0,"master_deck":["AscendersBane","Strike_G","Strike_G","Strike_G","Strike_G","Strike_G","Defend_G+1","Defend_G","Defend_G","Defend_G","Defend_G","Survivor+1","Neutralize+1","Deadly Poison+1","Well Laid Plans","Leg Sweep+1","Corpse Explosion","Bouncing Flask+1","Deadly Poison","Deadly Poison+1","Adrenaline"],"relics":["Ring of the Serpent","NeowsBlessing","Ancient Tea Set","MawBank","Pocketwatch","Blood Vial","Ectoplasm","Nunchaku","Nilry\u0027s Codex","Molten Egg 2","Frozen Egg 2"],"acts_visited":["Exordium","TheCity","TheBeyond"],"potions_floor_usage":[25,31,38],"damage_taken":[{"damage":0,"enemies":"2 Louse","floor":1,"turns":1},{"damage":0,"enemies":"Small Slimes","floor":4,"turns":1},{"damage":0,"enemies":"3 Sentries","floor":7,"turns":1},{"damage":0,"enemies":"Cultist","floor":13,"turns":4},{"damage":0,"enemies":"Exordium Wildlife","floor":14,"turns":3},{"damage":0,"enemies":"Hexaghost","floor":16,"turns":11},{"damage":0,"enemies":"3 Byrds","floor":18,"turns":3},{"damage":0,"enemies":"Shell Parasite","floor":21,"turns":6},{"damage":0,"enemies":"Chosen and Byrds","floor":22,"turns":6},{"damage":26,"enemies":"Gremlin Leader","floor":25,"turns":9},{"damage":2,"enemies":"Centurion and Healer","floor":29,"turns":6},{"damage":10,"enemies":"Shelled Parasite and Fungi","floor":30,"turns":5},{"damage":8,"enemies":"3 Cultists","floor":31,"turns":3},{"damage":41,"enemies":"Collector","floor":33,"turns":9},{"damage":8,"enemies":"Orb Walker","floor":35,"turns":4},{"damage":33,"enemies":"3 Darklings","floor":36,"turns":5},{"damage":24,"enemies":"Sphere and 2 Shapes","floor":38,"turns":3}],"seed_played":"-7902109890163235770","potions_obtained":[{"floor":7,"key":"PowerPotion"},{"floor":14,"key":"BlessingOfTheForge"},{"floor":16,"key":"Poison Potion"},{"floor":25,"key":"FearPotion"},{"floor":31,"key":"SteroidPotion"},{"floor":33,"key":"AttackPotion"}],"is_trial":false,"path_per_floor":["M","$","?","M","?","R","E","?","T","R","?","$","M","M","R","B",null,"M","?","$","M","M","R","?","E","T","R","?","M","M","M","R","B",null,"M","M","$","M"],"character_chosen":"THE_SILENT","items_purchased":["Well Laid Plans","Blood Vial"],"campfire_rested":2,"item_purchase_floors":[2,12],"current_hp_per_floor":[59,59,54,54,34,34,34,34,34,34,23,23,25,27,27,29,57,59,59,59,61,63,63,42,18,18,37,37,37,29,23,42,3,50,44,13,13,0,0],"gold":24,"neow_bonus":"THREE_ENEMY_KILL","is_daily":false,"chose_seed":false,"campfire_upgraded":4,"win_rate":0.0,"timestamp":1614062044,"path_taken":["M","$","?","M","?","R","E","?","T","R","?","$","M","M","R","BOSS","M","?","$","M","M","R","?","E","T","R","?","M","M","M","R","BOSS","M","M","$","M"],"items_purchased_type":["Card","Relic"],"build_version":"2020-12-22","purchased_purges":0,"victory":false,"max_hp_per_floor":[66,66,66,66,66,66,66,66,66,66,66,66,66,66,66,66,66,66,66,66,66,66,66,66,66,66,66,66,66,66,66,66,66,66,66,66,66,66,66],"card_choices":[{"not_picked":["Tactician","Prepared"],"picked":"Deadly Poison","floor":1},{"not_picked":["All Out Attack","Setup","Flying Knee"],"picked":"SKIP","floor":4},{"not_picked":["Endless Agony","Dash","Quick Slash"],"picked":"SKIP","floor":7},{"not_picked":["Skewer","Doppelganger"],"picked":"Leg Sweep","floor":13},{"not_picked":["Poisoned Stab","Cloak And Dagger","Dash"],"picked":"SKIP","floor":14},{"not_picked":["Night Terror","Phantasmal Killer"],"picked":"Corpse Explosion","floor":16},{"not_picked":["Quick Slash+1","Deflect","Prepared"],"picked":"SKIP","floor":18},{"not_picked":["Choke","Poisoned Stab","Expertise"],"picked":"SKIP","floor":21},{"not_picked":["Well Laid Plans","Bane"],"picked":"Bouncing Flask","floor":22},{"not_picked":["Dagger Throw+1","Cloak And Dagger","Finisher+1"],"picked":"SKIP","floor":25},{"not_picked":["Backflip","Poisoned Stab+1","Leg Sweep"],"picked":"SKIP","floor":29},{"not_picked":["Skewer+1","All Out Attack+1"],"picked":"Deadly Poison","floor":30},{"not_picked":["Bane+1","Eviscerate+1"],"picked":"Deadly Poison+1","floor":31},{"not_picked":["After Image+1","A Thousand Cuts+1"],"picked":"Adrenaline","floor":33},{"not_picked":["Expertise","Deflect","All Out Attack+1"],"picked":"SKIP","floor":35},{"not_picked":["Poisoned Stab+1","Underhanded Strike+1","Deflect"],"picked":"SKIP","floor":36}],"player_experience":287347,"relics_obtained":[{"floor":7,"key":"MawBank"},{"floor":9,"key":"Pocketwatch"},{"floor":24,"key":"Nilry\u0027s Codex"},{"floor":25,"key":"Molten Egg 2"},{"floor":26,"key":"Frozen Egg 2"}],"event_choices":[{"damage_healed":0,"gold_gain":0,"player_choice":"Success","damage_taken":5,"relics_obtained":["Ancient Tea Set"],"max_hp_gain":0,"max_hp_loss":0,"event_name":"Scrap Ooze","floor":3,"gold_loss":0},{"damage_healed":0,"gold_gain":0,"player_choice":"Entered Light","damage_taken":20,"max_hp_gain":0,"max_hp_loss":0,"event_name":"Shining Light","floor":5,"gold_loss":0,"cards_upgraded":["Defend_G","Survivor"]},{"damage_healed":0,"gold_gain":0,"player_choice":"Ignored","damage_taken":0,"max_hp_gain":0,"max_hp_loss":0,"event_name":"Liars Game","floor":8,"gold_loss":0},{"damage_healed":0,"gold_gain":75,"player_choice":"Gather Gold","damage_taken":11,"max_hp_gain":0,"max_hp_loss":0,"event_name":"World of Goop","floor":11,"gold_loss":0},{"damage_healed":0,"gold_gain":0,"player_choice":"Obtained Relic","damage_taken":0,"relics_obtained":["Nunchaku"],"max_hp_gain":0,"max_hp_loss":0,"event_name":"Addict","floor":19,"gold_loss":85},{"damage_healed":0,"gold_gain":0,"player_choice":"Obtained Book","damage_taken":21,"max_hp_gain":0,"max_hp_loss":0,"event_name":"Cursed Tome","floor":24,"gold_loss":0},{"damage_healed":0,"gold_gain":0,"player_choice":"Bet on Murderer","damage_taken":0,"max_hp_gain":0,"max_hp_loss":0,"event_name":"The Joust","floor":28,"gold_loss":50}],"is_beta":false,"boss_relics":[{"not_picked":["Pandora\u0027s Box","Black Star"],"picked":"Ectoplasm"},{"not_picked":["Runic Dome","Runic Pyramid"],"picked":"Ring of the Serpent"}],"items_purged_floors":[],"is_endless":false,"potions_floor_spawned":[7,14,16,25,29,31,33],"killed_by":"Sphere and 2 Shapes","ascension_level":15}}