{"host":"egwexuw5uvnxf11j","time":1614058071,"event":{"mods":["2.2 Compatiblity","Aspiration","BaseMod","Better Note","Better Sensory Stone","Better Third Choice","Displayed Cursed Tome","Downfall","Hermit","Key Reminder","Koishi","Marisa????????","Minty Spire (QoL Compilation)","Quick Restart","Shade Mod","Spicy Shops","StSLib","The Construct","The Cursed","The Runesmith","The Senshi","The Servant 0.9.4","Transform Curses"],"gold_per_floor":[109,109,129,129,143,177,191,206,233,408,86,97,57,73,73,174,174,189,104,203,203,7,40,67,79,164,203,226,54,54,64,64,64,64],"floor_reached":33,"language":"ENG","playtime":1281,"items_purged":["Doubt"],"score":344,"play_id":"0f8b5c43-4264-4c6a-b7f7-6efe6f6d5344","local_time":"20210223002751","is_ascension_mode":true,"campfire_choices":[{"floor":15,"key":"REST"},{"floor":25,"key":"REST"},{"data":"Fire Breathing","floor":30,"key":"SMITH"},{"floor":32,"key":"REST"}],"circlet_count":0,"master_deck":["Strike_R","Strike_R","Strike_R","Strike_R","Strike_R","Defend_R","Defend_R","Defend_R","Bash","Anger","Pommel Strike","Flash of Steel","Fire Breathing+1","Wild Strike","Reaper","Armaments","Clash","Flex","Searing Blow","Wild Strike","Double Tap","Anger","Flex","Iron Wave","Immolate","Heavy Blade","Flame Barrier+1","Flex+1","HandOfGreed","Headbutt","Heavy Blade"],"relics":["Burning Blood","Self Forming Clay","Toy Ornithopter","Paper Frog","bronze:MakeshiftBattery","Potion Belt","Membership Card","MawBank","Toxic Egg 2","Bronze Scales","Lee\u0027s Waffle"],"acts_visited":["Exordium","TheCity"],"potions_floor_usage":[6,16,18,23,23,33,33],"damage_taken":[{"damage":12,"enemies":"Small Slimes","floor":1,"turns":3},{"damage":0,"enemies":"Jaw Worm","floor":3,"turns":3},{"damage":1,"enemies":"Cultist","floor":5,"turns":3},{"damage":32,"enemies":"Lagavulin","floor":6,"turns":4},{"damage":16,"enemies":"Exordium Thugs","floor":7,"turns":5},{"damage":8,"enemies":"Blue Slaver","floor":8,"turns":3},{"damage":13,"enemies":"2 Fungi Beasts","floor":12,"turns":4},{"damage":8,"enemies":"Large Slime","floor":14,"turns":6},{"damage":29,"enemies":"Slime Boss","floor":16,"turns":7},{"damage":20,"enemies":"Chosen","floor":18,"turns":5},{"damage":52,"enemies":"Gremlin Leader","floor":23,"turns":7},{"damage":27,"enemies":"2 Thieves","floor":24,"turns":3},{"damage":45,"enemies":"Book of Stabbing","floor":27,"turns":4},{"damage":12,"enemies":"3 Cultists","floor":28,"turns":4},{"damage":48,"enemies":"Snecko","floor":31,"turns":5},{"damage":91,"enemies":"Automaton","floor":33,"turns":6}],"seed_played":"1448680428637301114","potions_obtained":[{"floor":1,"key":"BlessingOfTheForge"},{"floor":6,"key":"BloodPotion"},{"floor":7,"key":"Energy Potion"},{"floor":8,"key":"EssenceOfSteel"},{"floor":16,"key":"Explosive Potion"},{"floor":18,"key":"hexamod:SoulburnPotion"},{"floor":31,"key":"champ:CounterPotion"}],"is_trial":false,"path_per_floor":["M","?","M","?","M","E","M","M","T","?","$","M","$","M","R","B",null,"M","?","?","?","$","E","M","R","T","E","M","$","R","M","R","B"],"character_chosen":"IRONCLAD","items_purchased":["Paper Frog","Searing Blow","Membership Card","Flex","Iron Wave","Lee\u0027s Waffle","HandOfGreed","Headbutt"],"campfire_rested":3,"item_purchase_floors":[11,13,22,22,22,29,29,29],"current_hp_per_floor":[74,74,80,80,80,54,52,53,53,53,53,46,46,50,74,56,80,80,80,80,80,80,47,38,62,62,23,21,87,87,51,77,0,0],"gold":64,"neow_bonus":"THREE_CARDS","is_daily":false,"chose_seed":false,"campfire_upgraded":1,"win_rate":0.0,"timestamp":1614058071,"path_taken":["M","?","M","?","M","E","M","M","T","?","$","?","?","?","R","BOSS","M","?","?","?","$","E","?","R","T","E","M","$","R","M","R","BOSS"],"items_purchased_type":["Relic","Card","Relic","Card","Card","Relic","Card","Card"],"build_version":"2020-12-22","purchased_purges":1,"victory":false,"max_hp_per_floor":[80,80,80,80,80,80,80,80,80,80,80,80,80,80,80,80,80,80,80,80,80,80,80,80,80,80,80,80,87,87,87,87,87,87],"card_choices":[{"not_picked":["Uppercut","Warcry"],"picked":"Anger","floor":0},{"not_picked":["Carnage","Intimidate"],"picked":"Pommel Strike","floor":1},{"not_picked":["Deep Breath","Dramatic Entrance"],"picked":"Flash of Steel","floor":2},{"not_picked":["Wild Strike","Armaments"],"picked":"Fire Breathing","floor":3},{"not_picked":["Whirlwind","Dual Wield"],"picked":"Wild Strike","floor":5},{"not_picked":["Cleave","Second Wind"],"picked":"Reaper","floor":6},{"not_picked":["Body Slam","Sword Boomerang"],"picked":"Armaments","floor":7},{"not_picked":["Bloodletting","Whirlwind"],"picked":"Clash","floor":8},{"not_picked":["Clash","Rupture"],"picked":"Flex","floor":12},{"not_picked":["Warcry","Clothesline"],"picked":"Wild Strike","floor":14},{"not_picked":["Offering","Brutality"],"picked":"Double Tap","floor":16},{"not_picked":["Havoc","Body Slam"],"picked":"Anger","floor":18},{"not_picked":["Thunderclap+1","Anger+1"],"picked":"Immolate","floor":23},{"not_picked":["Havoc","Shockwave"],"picked":"Heavy Blade","floor":24},{"not_picked":["Blood for Blood","Wild Strike+1"],"picked":"Flame Barrier+1","floor":27},{"not_picked":["Body Slam","Iron Wave"],"picked":"Flex+1","floor":28},{"not_picked":["Carnage+1","Sword Boomerang"],"picked":"Heavy Blade","floor":31}],"player_experience":2128472,"relics_obtained":[{"floor":6,"key":"Self Forming Clay"},{"floor":9,"key":"Toy Ornithopter"},{"floor":23,"key":"MawBank"},{"floor":26,"key":"Toxic Egg 2"},{"floor":27,"key":"Bronze Scales"}],"event_choices":[{"damage_healed":0,"gold_gain":1,"player_choice":"1","damage_taken":0,"max_hp_gain":0,"max_hp_loss":0,"event_name":"betterStone:BetterStone","floor":2,"gold_loss":0},{"damage_healed":0,"gold_gain":0,"player_choice":"Ignored","damage_taken":0,"max_hp_gain":0,"max_hp_loss":0,"event_name":"Golden Wing","floor":4,"gold_loss":0},{"damage_healed":0,"gold_gain":175,"player_choice":"AGREE","damage_taken":233,"max_hp_gain":0,"max_hp_loss":0,"event_name":"betterThird:BetterSerpent","floor":10,"gold_loss":0},{"damage_healed":0,"gold_gain":0,"player_choice":"Obtained Relic","damage_taken":0,"relics_obtained":["Potion Belt"],"max_hp_gain":0,"max_hp_loss":0,"event_name":"Addict","floor":19,"gold_loss":85},{"damage_healed":0,"gold_gain":99,"player_choice":"Steal","damage_taken":0,"max_hp_gain":0,"max_hp_loss":0,"event_name":"betterThird:BetterNest","floor":20,"gold_loss":0},{"cards_removed":["Defend_R"],"damage_healed":0,"gold_gain":0,"player_choice":"Card Removal","damage_taken":0,"max_hp_gain":0,"max_hp_loss":0,"event_name":"Wheel of Change","floor":21,"gold_loss":0}],"is_beta":false,"boss_relics":[{"not_picked":["aspiration:DefectSkillbook","Tiny House"],"picked":"bronze:MakeshiftBattery"}],"items_purged_floors":[11],"is_endless":false,"potions_floor_spawned":[1,6,7,8,12,16,18,31],"killed_by":"Automaton","ascension_level":4}}