{"host":"ty9fb48q9oru32qm","time":1614085861,"event":{"mods":["2.2 Compatiblity","AchievementEnabler","Act Like it!","Astrologer","BaseMod","Beaked The Cultist","Better Synergies","Block Reminder","Colored Powertips","Conspire","DeckTracker","Downfall","Ekko","Elementarium","Friendly Minions","GifTheSpireLib","Hermit","Hubris","Infinite Spire","Jorbs\u0027s Wanderer Trilogy","Marisa????????","Minty Spire (QoL Compilation)","Permanent Neow","Quick Restart","Random Character Button","Reliquary","Replay The Spire","Ruina","Somnambulant","StSLib","Stuff the Spire","The Cursed","The Marked","The Runesmith","TheVacant"],"gold_per_floor":[119,136,136,66,85,116,136,136,136],"floor_reached":8,"language":"ENG","playtime":816,"items_purged":[],"score":58,"play_id":"624b238d-e0c0-405f-af7c-d08abb785e6f","local_time":"20210223141101","is_ascension_mode":false,"campfire_choices":[],"circlet_count":0,"master_deck":["hermit:Strike_Hermit","hermit:Strike_Hermit","hermit:Strike_Hermit","hermit:Defend_Hermit","hermit:Defend_Hermit","hermit:Defend_Hermit","hermit:Defend_Hermit","hermit:Snapshot","hermit:Covet","hermit:BodyArmor","hermit:TrackingShot","hermit:Quickdraw","hermit:TakeAim","hermit:BigShot","hermit:Vantage"],"relics":["hermit:Momento","Replay:Multitool","hubris:SlimyHat"],"acts_visited":["Exordium"],"potions_floor_usage":[7],"damage_taken":[{"damage":3,"enemies":"Jaw Worm","floor":1,"turns":4},{"damage":0,"enemies":"Cultist","floor":2,"turns":3},{"damage":0,"enemies":"2 Louse","floor":5,"turns":3},{"damage":35,"enemies":"Lagavulin","floor":6,"turns":7},{"damage":5,"enemies":"Large Slime","floor":7,"turns":7},{"damage":36,"enemies":"Gremlin Nob","floor":8,"turns":4}],"seed_played":"2028713979111681795","potions_obtained":[{"floor":2,"key":"sneckomod:MuddlingPotion"},{"floor":5,"key":"SneckoOil"}],"is_trial":false,"path_per_floor":["M","M","?","$","M","E","M","E"],"character_chosen":"HERMIT","items_purchased":["hermit:TakeAim"],"campfire_rested":0,"item_purchase_floors":[4],"current_hp_per_floor":[72,72,72,72,72,37,32,0,0],"gold":136,"neow_bonus":"TRANSFORM_CARD","is_daily":false,"chose_seed":false,"campfire_upgraded":0,"win_rate":0.0,"timestamp":1614085861,"path_taken":["M","M","?","$","?","E","M","E"],"items_purchased_type":["Card"],"build_version":"2020-12-22","purchased_purges":0,"victory":false,"max_hp_per_floor":[75,75,75,75,75,75,75,75,75],"card_choices":[{"not_picked":["hermit:Virtue","hermit:WideOpen"],"picked":"hermit:TrackingShot","floor":1},{"not_picked":["hermit:Desperado","hermit:Snipe"],"picked":"hermit:Quickdraw","floor":2},{"not_picked":["hermit:LowProfile","hermit:WideOpen"],"picked":"hermit:BigShot","floor":5},{"not_picked":["hermit:Midnight","hermit:Desperado","hermit:Misfire"],"picked":"SKIP","floor":6},{"not_picked":["hermit:Grudge","hermit:WideOpen"],"picked":"hermit:Vantage","floor":7}],"player_experience":331969,"relics_obtained":[{"floor":6,"key":"hubris:SlimyHat"}],"event_choices":[{"damage_healed":0,"gold_gain":0,"player_choice":"Gave Potion","damage_taken":0,"relics_obtained":["Replay:Multitool"],"max_hp_gain":0,"max_hp_loss":0,"event_name":"WeMeetAgain","floor":3,"gold_loss":0}],"is_beta":false,"boss_relics":[],"items_purged_floors":[],"is_endless":false,"potions_floor_spawned":[2,5],"killed_by":"Gremlin Nob","ascension_level":0}}