{"host":"lv7etzzgwahaenh9","time":1614124670,"event":{"mods":["AchievementEnabler","BaseMod","Colored Map","Colored Powertips","Highlight Path","Minty Spire (QoL Compilation)","Permanent Neow","Quick Restart","Random Character Button","StSLib"],"gold_per_floor":[369,3,19,59,77,77,77,111,111,111,124,177,194,194,194,194,194],"floor_reached":16,"language":"ENG","playtime":488,"items_purged":[],"score":196,"play_id":"4e9ef39e-9029-4de2-bf6d-ecad13114d72","local_time":"20210223155750","is_ascension_mode":true,"campfire_choices":[{"data":"HandOfGreed","floor":6,"key":"SMITH"},{"floor":10,"key":"REST"},{"floor":15,"key":"REST"}],"circlet_count":0,"master_deck":["AscendersBane","Strike_R","Strike_R","Strike_R","Strike_R","Defend_R","Defend_R","Defend_R","Defend_R","Bash","Heavy Blade","Fiend Fire","HandOfGreed+1","Inflame","Heavy Blade","Reaper","Evolve","Immolate","Iron Wave","Whirlwind","Corruption"],"relics":["Burning Blood","The Courier","Matryoshka","Dream Catcher","Red Skull"],"acts_visited":["Exordium"],"potions_floor_usage":[5,12,13,13],"damage_taken":[{"damage":5,"enemies":"Small Slimes","floor":1,"turns":5},{"damage":0,"enemies":"Cultist","floor":3,"turns":3},{"damage":11,"enemies":"2 Louse","floor":4,"turns":3},{"damage":11,"enemies":"Gremlin Gang","floor":5,"turns":4},{"damage":32,"enemies":"Gremlin Nob","floor":8,"turns":4},{"damage":16,"enemies":"Looter","floor":11,"turns":5},{"damage":27,"enemies":"3 Sentries","floor":12,"turns":5},{"damage":34,"enemies":"Large Slime","floor":13,"turns":7},{"damage":69,"enemies":"Slime Boss","floor":16,"turns":5}],"seed_played":"3145864631013448148","potions_obtained":[{"floor":4,"key":"Fire Potion"},{"floor":5,"key":"Regen Potion"},{"floor":8,"key":"Dexterity Potion"},{"floor":12,"key":"DuplicationPotion"}],"is_trial":false,"path_per_floor":["M","$","M","M","M","R","?","E","T","R","M","E","M","?","R","B"],"character_chosen":"IRONCLAD","items_purchased":["Fiend Fire","HandOfGreed","Inflame","Heavy Blade"],"campfire_rested":2,"item_purchase_floors":[2,2,2,2],"current_hp_per_floor":[51,51,57,52,59,59,59,33,33,55,54,33,28,28,50,0,0],"gold":194,"neow_bonus":"TWO_FIFTY_GOLD","is_daily":false,"chose_seed":false,"campfire_upgraded":1,"win_rate":0.0,"timestamp":1614124670,"path_taken":["M","$","M","M","M","R","?","E","T","R","M","E","?","?","R","BOSS"],"items_purchased_type":["Card","Card","Card","Card"],"build_version":"2020-12-22","purchased_purges":0,"victory":false,"max_hp_per_floor":[75,75,75,75,75,75,75,75,75,75,75,75,75,75,75,75,75],"card_choices":[{"not_picked":["Thunderclap","Warcry"],"picked":"Heavy Blade","floor":1},{"not_picked":["Clash","Combust"],"picked":"Reaper","floor":3},{"not_picked":["Twin Strike","Headbutt"],"picked":"Evolve","floor":4},{"not_picked":["Burning Pact","True Grit"],"picked":"Warcry","floor":5},{"not_picked":["Dual Wield","Thunderclap"],"picked":"Immolate","floor":8},{"not_picked":["Anger","Cleave"],"picked":"Iron Wave","floor":11},{"not_picked":["Disarm","Heavy Blade"],"picked":"Whirlwind","floor":12},{"not_picked":["Flex","Whirlwind","Clothesline"],"picked":"SKIP","floor":13},{"not_picked":["Dark Embrace","Headbutt"],"picked":"Corruption","floor":15}],"player_experience":539455,"relics_obtained":[{"floor":8,"key":"The Courier"},{"floor":9,"key":"Matryoshka"},{"floor":12,"key":"Dream Catcher"}],"event_choices":[{"cards_removed":["Strike_R"],"damage_healed":0,"gold_gain":0,"player_choice":"Purged","damage_taken":0,"max_hp_gain":0,"max_hp_loss":0,"event_name":"Purifier","floor":7,"gold_loss":0},{"cards_removed":["Warcry"],"damage_healed":0,"gold_gain":0,"player_choice":"Gave Card","damage_taken":0,"relics_obtained":["Red Skull"],"max_hp_gain":0,"max_hp_loss":0,"event_name":"WeMeetAgain","floor":14,"gold_loss":0}],"is_beta":false,"boss_relics":[],"items_purged_floors":[],"is_endless":false,"potions_floor_spawned":[4,5,8,12],"killed_by":"Slime Boss","ascension_level":15}}