{"host":"t6r1isv2bex5ovch","time":1614039215,"event":{"mods":["AchievementEnabler","Act Like it!","Aspiration","BaseMod","Better Altar","Better Match","Better Note","Better Sensory Stone","Better Skull","Better Third Choice","Better Vampires","Bossed Relics","Colored Powertips","Displayed Cursed Tome","Evolution","Fox Events","Hubris","Minty Spire (QoL Compilation)","Reliquary","Ruina","StSLib"],"gold_per_floor":[363,363,40,57,57,92,44,44,44],"floor_reached":8,"language":"ENG","playtime":594,"items_purged":["Strike_G"],"score":87,"play_id":"9b564594-5f34-4451-b81c-05e4e651541c","local_time":"20210223111335","is_ascension_mode":true,"campfire_choices":[],"circlet_count":0,"master_deck":["Poisoned Stab","Poisoned Stab","Poisoned Stab","Poisoned Stab","Defend_G","Defend_G","Defend_G","Defend_G","Defend_G","Survivor","Neutralize+1","Adrenaline"],"relics":["Ring of the Snake","EVO:Axolotl","hubris:Towel","reliquary:HotPoker","hubris:MedicalManual"],"acts_visited":["Exordium"],"potions_floor_usage":[6],"damage_taken":[{"damage":0,"enemies":"Jaw Worm","floor":1,"turns":3},{"damage":1,"enemies":"Small Slimes","floor":4,"turns":3},{"damage":33,"enemies":"3 Sentries","floor":6,"turns":13},{"damage":24,"enemies":"Gremlin Nob","floor":8,"turns":3}],"seed_played":"-3981557736144511293","potions_obtained":[{"floor":1,"key":"LiquidMemories"}],"is_trial":false,"path_per_floor":["M","?","$","M","?","E","?","E"],"character_chosen":"THE_SILENT","items_purchased":["reliquary:HotPoker"],"campfire_rested":0,"item_purchase_floors":[3],"current_hp_per_floor":[49,49,49,48,48,15,15,0,0],"gold":44,"neow_bonus":"TWO_FIFTY_GOLD","is_daily":false,"chose_seed":false,"campfire_upgraded":0,"win_rate":0.0,"timestamp":1614039215,"path_taken":["M","?","$","M","?","E","?","E"],"items_purchased_type":["Relic"],"build_version":"2020-12-22","purchased_purges":1,"victory":false,"max_hp_per_floor":[70,70,70,70,70,70,70,70,70],"card_choices":[{"not_picked":["Eviscerate","Underhanded Strike","Choke"],"picked":"SKIP","floor":1},{"not_picked":["Acrobatics","hubris:SlightOfHand","Dagger Spray"],"picked":"SKIP","floor":4},{"not_picked":["PiercingWail","Bouncing Flask"],"picked":"Adrenaline","floor":6}],"player_experience":370838,"relics_obtained":[{"floor":6,"key":"hubris:MedicalManual"}],"event_choices":[{"damage_healed":0,"gold_gain":0,"player_choice":"Left","damage_taken":0,"max_hp_gain":0,"max_hp_loss":0,"event_name":"betterThird:BetterGoop","floor":7,"gold_loss":48}],"is_beta":false,"boss_relics":[],"items_purged_floors":[3],"is_endless":false,"potions_floor_spawned":[1],"killed_by":"Gremlin Nob","ascension_level":3}}