{"host":"y2nx07t75db4hs5p","time":1614075665,"event":{"mods":["Act Like it!","BaseMod","Gensokyo","Lobotomy","LobotomyExtend","Minty Spire (QoL Compilation)","StSLib"],"gold_per_floor":[117,134,134,154,154,154,488,488,488,488,488,500,500,528,528,627,627,627,627,507,507,507,507,584,584,607,636,636,636,636],"floor_reached":29,"language":"ZHS","playtime":963,"items_purged":[],"score":268,"play_id":"e741f09e-fe75-4aef-97f6-064f82aeee41","local_time":"20210223182105","is_ascension_mode":false,"campfire_choices":[{"data":"Neutralize","floor":6,"key":"SMITH"},{"data":"Underhanded Strike","floor":8,"key":"SMITH"},{"floor":11,"key":"RECALL"},{"data":"Survivor","floor":13,"key":"SMITH"},{"floor":15,"key":"REST"},{"floor":25,"key":"REST"},{"floor":28,"key":"REST"}],"circlet_count":0,"master_deck":["Apo_Pray","Apo_SoulSlash","Apo_Charge","Apo_Charge","Apo_Charge","Apo_Charge","Apo_Beam","Apo_Beam","Apo_Beam","Apo_Execute","Apo_Slash","Apo_Slash","Apo_SoulSlash"],"relics":["Ring of the Snake","CogitoBucket","RabbitCall","LetterFromLob","Old Coin","Gensokyo:YoukaiFlower","Amita_r","TungstenRod","HoveringKite","Gensokyo:MaskOfHope","Gensokyo:DayTheSeaSplit","ApostleMask","Pantograph","Juzu Bracelet","Toy Ornithopter"],"acts_visited":["Gensokyo:Gensokyo","Gensokyo:Gensokyoer"],"potions_floor_usage":[7],"damage_taken":[{"damage":4,"enemies":"Gensokyo:3_Fairies","floor":1,"turns":5},{"damage":3,"enemies":"Gensokyo:Gryphon","floor":2,"turns":4},{"damage":4,"enemies":"Gensokyo:Python","floor":4,"turns":3},{"damage":18,"enemies":"Gensokyo:Aya","floor":7,"turns":6},{"damage":0,"enemies":"Gensokyo:LivingMonolith","floor":12,"turns":3},{"damage":9,"enemies":"Gensokyo:Cirno","floor":14,"turns":10},{"damage":15,"enemies":"Gensokyo:Kokoro","floor":16,"turns":13},{"damage":23,"enemies":"Gensokyo:Tenshi","floor":27,"turns":3},{"damage":0,"enemies":"Gensokyo:AngelMirror","floor":29,"turns":1}],"seed_played":"-2585063054296380230","potions_obtained":[{"floor":2,"key":"SkillPotion"},{"floor":16,"key":"Explosive Potion"}],"is_trial":false,"path_per_floor":["M","M","?","M","?","R","E","R","T","?","R","M","R","E","R","B",null,"M","?","?","?","?","E","T","R","T","E","R","M"],"character_chosen":"THE_SILENT","items_purchased":[],"campfire_rested":3,"item_purchase_floors":[],"current_hp_per_floor":[66,63,63,59,44,44,26,26,26,26,26,27,27,21,43,39,76,76,76,76,76,76,76,76,76,76,53,53,53,53],"gold":636,"neow_bonus":"","is_daily":false,"chose_seed":false,"campfire_upgraded":3,"win_rate":0.0,"timestamp":1614075665,"path_taken":["M","M","?","?","?","R","E","R","T","?","R","M","R","E","R","BOSS","M","?","?","?","?","E","?","R","T","E","R","M"],"items_purchased_type":[],"build_version":"2020-12-22","purchased_purges":0,"victory":false,"max_hp_per_floor":[70,70,75,75,75,75,75,75,75,75,75,75,75,75,75,76,76,76,76,76,76,76,76,76,76,76,77,77,77,77],"card_choices":[{"not_picked":["BeautyBeast","CherryBlossoms","CrumblingArmor"],"picked":"Singing Bowl","floor":1},{"not_picked":["Scorched","Bloodbath"],"picked":"RedShoes","floor":1},{"not_picked":["Endless Agony","Dagger Spray"],"picked":"Bouncing Flask","floor":1},{"not_picked":["ShyLook","CherryBlossoms","PunishingBird"],"picked":"Singing Bowl","floor":2},{"not_picked":["Funeral","BeautyBeast"],"picked":"LittleHelper","floor":2},{"not_picked":["Quick Slash","Poisoned Stab"],"picked":"Predator","floor":2},{"not_picked":["WhitesApple","MeatLantern"],"picked":"HeroicMonk","floor":4},{"not_picked":["Sucker Punch","Backstab","Dagger Throw"],"picked":"SKIP","floor":4},{"not_picked":["Sucker Punch","Backstab","Dagger Throw"],"picked":"SKIP","floor":4},{"not_picked":["Murderer","VoidDream"],"picked":"PlagueDoctor","floor":7},{"not_picked":["Finisher","Poisoned Stab"],"picked":"Underhanded Strike","floor":7},{"not_picked":["UniverseFragment","FairyFestival"],"picked":"FieryBird","floor":12},{"not_picked":["Poisoned Stab","Backstab","Leg Sweep"],"picked":"SKIP","floor":12},{"not_picked":["Poisoned Stab","Backstab","Leg Sweep"],"picked":"SKIP","floor":12},{"not_picked":["CrumblingArmor","SpiderBud","PunishingBird"],"picked":"Singing Bowl","floor":14},{"not_picked":["Deadly Poison","Slice","Bane"],"picked":"SKIP","floor":14},{"not_picked":["CherryBlossoms","SpiderBud","WallGazer"],"picked":"Singing Bowl","floor":16},{"not_picked":["LaLuna","Murderer"],"picked":"Yin","floor":16},{"not_picked":["After Image","Die Die Die"],"picked":"Adrenaline","floor":16},{"not_picked":["FairyFestival","QueenOfHatred","OSAHOGD"],"picked":"Singing Bowl","floor":27},{"not_picked":["Predator","Underhanded Strike","Poisoned Stab"],"picked":"SKIP","floor":27}],"player_experience":244071,"relics_obtained":[{"floor":1,"key":"LetterFromLob"},{"floor":7,"key":"Old Coin"},{"floor":14,"key":"TungstenRod"},{"floor":24,"key":"Pantograph"},{"floor":26,"key":"Juzu Bracelet"},{"floor":27,"key":"Toy Ornithopter"}],"event_choices":[],"is_beta":false,"boss_relics":[{"not_picked":["Empty Cage","Pandora\u0027s Box"],"picked":"HoveringKite"}],"items_purged_floors":[],"is_endless":false,"potions_floor_spawned":[2,16],"killed_by":"Gensokyo:AngelMirror","ascension_level":0}}