{"host":"l2dnabsh5e0fsksb","time":1614040985,"event":{"mods":["2.2 Compatiblity","BaseMod","Downfall","Minty Spire (QoL Compilation)","Quick Restart","StSLib"],"gold_per_floor":[199,259,259,59,71,33,33,33,18,50,50,65,65,100,118,222,222,22,32,132,132,144,129,129,141,167,230,230,230,330,348,360,360,360,360],"floor_reached":33,"language":"ENG","playtime":1386,"items_purged":[],"score":459,"play_id":"e343c0cc-1131-48cd-a790-7323b18f0847","local_time":"20210223111305","is_ascension_mode":true,"campfire_choices":[{"floor":1.0,"key":"RECALL"},{"floor":8,"key":"REST"},{"floor":11,"key":"REST"},{"floor":13,"key":"REST"},{"data":"hexamod:Incineration","floor":18,"key":"SMITH"},{"data":"1","floor":29,"key":"LIFT"}],"circlet_count":0,"master_deck":["AscendersBane","hexamod:Strike","hexamod:Strike","hexamod:Strike","hexamod:Defend","hexamod:Defend","hexamod:Defend","hexamod:Sear","hexamod:Float","hexamod:GhostLash","hexamod:Incineration+1","hexamod:RadiantFlame","hexamod:HeatMetal","hexamod:SpectersWail","hexamod:ShieldOfDarkness","hexamod:PhantomCloak","hexamod:StepThrough","hexamod:InspiringFlames","hexamod:GhostOfSpireFuture","hexamod:FlamesFromBeyond","hexamod:TurnItUp","hexamod:AdvancingGuard+1","hexamod:SkipABeat+1","hexamod:EmpoweredFlame","hexamod:FastForward","hexamod:GiftsFromTheDead","hexamod:SpectralAdrenaline+1"],"relics":["hexamod:SpiritBrand","Darkstone Periapt","downfall:ShatteredFragment","hexamod:JarOfFuel","hexamod:Sixitude","Incense Burner","Busted Crown","downfall:HeartBlessingRed","downfall:HeartBlessingBlue","Regal Pillow","Girya","TungstenRod","MealTicket","MutagenicStrength"],"acts_visited":["Exordium","TheCity"],"potions_floor_usage":[5,16,30,33,33],"damage_taken":[{"damage":30,"enemies":"3 Sentries","floor":2,"turns":10},{"damage":0,"enemies":"downfall:FleeingMerchant","floor":4,"turns":4},{"damage":4,"enemies":"2 Louse","floor":5,"turns":2},{"damage":0,"enemies":"downfall:FleeingMerchant","floor":6,"turns":4},{"damage":0,"enemies":"downfall:FleeingMerchant","floor":9,"turns":4},{"damage":16,"enemies":"Gremlin Nob","floor":10,"turns":4},{"damage":3,"enemies":"Jaw Worm","floor":12,"turns":2},{"damage":8,"enemies":"3 Sentries","floor":14,"turns":6},{"damage":0,"enemies":"Cultist","floor":15,"turns":2},{"damage":42,"enemies":"WA_ARCHETYPE_RETAIN","floor":16,"turns":8},{"damage":0,"enemies":"Shell Parasite","floor":19,"turns":3},{"damage":0,"enemies":"Spheric Guardian","floor":22,"turns":3},{"damage":0,"enemies":"downfall:FleeingMerchant","floor":23,"turns":4},{"damage":9,"enemies":"Centurion and Healer","floor":25,"turns":6},{"damage":5,"enemies":"Gremlin Leader","floor":26,"turns":7},{"damage":0,"enemies":"downfall:FleeingMerchant","floor":27,"turns":3},{"damage":6,"enemies":"downfall:Augmenter","floor":30,"turns":3},{"damage":0,"enemies":"Sentry and Sphere","floor":31,"turns":4},{"damage":30,"enemies":"Snecko","floor":32,"turns":5},{"damage":15,"enemies":"DF_ARCHETYPE_CLAW","floor":33,"turns":3}],"seed_played":"1803723634457403958","potions_obtained":[{"floor":2,"key":"Energy Potion"},{"floor":5,"key":"Dexterity Potion"},{"floor":14,"key":"EssenceOfSteel"},{"floor":16,"key":"SkillPotion"},{"floor":32,"key":"Explosive Potion"}],"is_trial":false,"path_per_floor":["R","?","?","$","M","$","T","R","$","E","R","M","R","E","M","B",null,"R","M","?","?","M","$","T","M","E","$","T","R","?","M","M","B"],"character_chosen":"THE_SPIRIT","items_purchased":["hexamod:RadiantFlame","hexamod:JarOfFuel","hexamod:ShieldOfDarkness","TungstenRod"],"campfire_rested":3,"item_purchase_floors":[4,4,6,27],"current_hp_per_floor":[63,33,12,12,8,8,8,29,29,13,34,31,52,44,44,2,53,63,63,63,63,63,63,63,54,49,49,49,49,43,43,13,0,0,0],"gold":360,"neow_bonus":"HUNDRED_GOLD","is_daily":false,"chose_seed":false,"campfire_upgraded":1,"win_rate":0.0,"timestamp":1614040985,"path_taken":["R","?","?","?","?","$","T","R","$","E","R","M","R","E","M","BOSS","R","M","?","?","?","$","T","M","E","$","?","R","?","M","M","BOSS"],"items_purchased_type":["Card","Relic","Card","Relic"],"build_version":"2020-12-22","purchased_purges":0,"victory":false,"max_hp_per_floor":[70,70,70,70,70,70,70,70,70,70,70,70,70,70,70,70,70,80,80,80,80,80,80,80,80,80,80,80,80,80,80,80,80,80,80],"card_choices":[{"not_picked":["hexamod:Haunt","hexamod:FastForward"],"picked":"hexamod:GhostLash","floor":2},{"not_picked":["hexamod:ShieldOfDarkness","hexamod:StepThrough"],"picked":"hexamod:Incineration","floor":4},{"not_picked":["hexamod:BacktrackSmack","hexamod:SpectralSpark"],"picked":"hexamod:HeatMetal","floor":5},{"not_picked":["hexamod:BacktrackSmack","hexamod:HexaLevel"],"picked":"hexamod:SpectersWail","floor":6},{"not_picked":["hexamod:GhostOfSpireFuture","hexamod:ThirdSeal"],"picked":"hexamod:PhantomCloak","floor":9},{"not_picked":["hexamod:HeatShield","hexamod:AdvancingGuard"],"picked":"hexamod:StepThrough","floor":10},{"not_picked":["hexamod:HeatCrush","hexamod:RecurringNightmare"],"picked":"hexamod:InspiringFlames","floor":12},{"not_picked":["hexamod:EmpoweredFlame","hexamod:BurningTouch"],"picked":"hexamod:GhostOfSpireFuture","floor":14},{"not_picked":["hexamod:HauntingEcho","hexamod:GhostLash"],"picked":"hexamod:FlamesFromBeyond","floor":15},{"not_picked":["hexamod:Toasty","hexamod:UnlimitedPower"],"picked":"hexamod:TurnItUp","floor":16},{"not_picked":["hexamod:SuperheatedStrike"],"picked":"SKIP","floor":19},{"not_picked":[],"picked":"hexamod:AdvancingGuard+1","floor":22},{"not_picked":["hexamod:InspiringFlames"],"picked":"SKIP","floor":23},{"not_picked":[],"picked":"hexamod:SkipABeat+1","floor":25},{"not_picked":["hexamod:HeatCrush"],"picked":"SKIP","floor":26},{"not_picked":[],"picked":"hexamod:EmpoweredFlame","floor":27},{"not_picked":[],"picked":"hexamod:SpectralAdrenaline+1","floor":31},{"not_picked":["hexamod:NightmareStrike"],"picked":"SKIP","floor":32}],"player_experience":1966226,"relics_obtained":[{"floor":10,"key":"hexamod:Sixitude"},{"floor":14,"key":"Incense Burner"},{"floor":24,"key":"Regal Pillow"},{"floor":26,"key":"Girya"},{"floor":28,"key":"MealTicket"},{"floor":30,"key":"MutagenicStrength"}],"event_choices":[],"is_beta":false,"boss_relics":[{"not_picked":["SacredBark","bronze:MakeshiftBattery"],"picked":"Busted Crown"}],"items_purged_floors":[],"is_endless":false,"potions_floor_spawned":[2,5,14,16,19,31,32],"killed_by":"DF_ARCHETYPE_CLAW","ascension_level":12}}