{"host":"hszimsrtxxc2k25w","time":1614086291,"event":{"mods":["AchievementEnabler","BaseMod","Colored Map","DeckTracker","Minty Spire (QoL Compilation)","Rare Cards Sparkle","SuperFastMode"],"gold_per_floor":[114,39,39,39,39,80,80,120,120,140,154,79,122,147,147,147,147],"floor_reached":16,"language":"KOR","playtime":315,"items_purged":["Strike_R"],"score":336,"play_id":"f1ce2f57-3678-4848-8b2e-640af8963744","local_time":"20210223221811","is_ascension_mode":true,"campfire_choices":[{"data":"Feed","floor":7,"key":"SMITH"},{"data":"Armaments","floor":15,"key":"SMITH"}],"circlet_count":0,"master_deck":["AscendersBane","Strike_R","Strike_R","Strike_R","Defend_R","Defend_R","Defend_R","Defend_R","Bash","Pommel Strike","Feed+1","Clothesline","Shrug It Off","Armaments+1","Shrug It Off"],"relics":["Burning Blood","NeowsBlessing","Golden Idol","Strawberry","Magic Flower","Vajra"],"acts_visited":["Exordium"],"potions_floor_usage":[13],"damage_taken":[{"damage":0,"enemies":"Jaw Worm","floor":1,"turns":1},{"damage":0,"enemies":"3 Sentries","floor":6,"turns":2},{"damage":0,"enemies":"Gremlin Nob","floor":8,"turns":1},{"damage":0,"enemies":"Small Slimes","floor":10,"turns":2},{"damage":6,"enemies":"Cultist","floor":11,"turns":4},{"damage":31,"enemies":"3 Sentries","floor":13,"turns":11},{"damage":17,"enemies":"Large Slime","floor":14,"turns":6},{"damage":45,"enemies":"Hexaghost","floor":16,"turns":11}],"seed_played":"-7340563201887776722","potions_obtained":[{"floor":4,"key":"FairyPotion"},{"floor":4,"key":"Fire Potion"},{"floor":14,"key":"Strength Potion"}],"is_trial":false,"path_per_floor":["M","?","?","?","$","E","R","E","T","M","M","$","E","M","R","B"],"character_chosen":"IRONCLAD","items_purchased":[],"campfire_rested":0,"item_purchase_floors":[],"current_hp_per_floor":[74,74,68,68,68,75,75,75,75,79,83,83,67,65,65,20,20],"gold":147,"neow_bonus":"THREE_ENEMY_KILL","is_daily":false,"chose_seed":false,"campfire_upgraded":2,"win_rate":0.0,"timestamp":1614086291,"path_taken":["M","?","?","?","$","E","R","E","T","M","M","$","E","?","R","BOSS"],"items_purchased_type":[],"build_version":"2020-12-22","purchased_purges":1,"victory":false,"max_hp_per_floor":[75,75,68,68,68,75,75,75,75,79,83,83,87,91,91,91,91],"card_choices":[{"not_picked":["Cleave","Clash"],"picked":"Pommel Strike","floor":1},{"not_picked":["Armaments","Rage"],"picked":"Feed","floor":6},{"not_picked":["Sentinel","Dual Wield"],"picked":"Clothesline","floor":8},{"not_picked":["Iron Wave","Burning Pact"],"picked":"Shrug It Off","floor":10},{"not_picked":["Sword Boomerang","Clothesline","Twin Strike"],"picked":"SKIP","floor":11},{"not_picked":["Havoc","Combust"],"picked":"Armaments","floor":13},{"not_picked":["Warcry","Anger"],"picked":"Shrug It Off","floor":14}],"player_experience":693318,"relics_obtained":[{"floor":6,"key":"Strawberry"},{"floor":8,"key":"Magic Flower"},{"floor":9,"key":"Vajra"}],"event_choices":[{"cards_removed":["Strike_R"],"damage_healed":0,"gold_gain":0,"player_choice":"Card Removal","damage_taken":0,"max_hp_gain":0,"max_hp_loss":0,"event_name":"The Cleric","floor":2,"gold_loss":75},{"damage_healed":0,"gold_gain":0,"player_choice":"Lose Max HP","damage_taken":0,"relics_obtained":["Golden Idol"],"max_hp_gain":0,"max_hp_loss":7,"event_name":"Golden Idol","floor":3,"gold_loss":0},{"damage_healed":0,"gold_gain":0,"player_choice":"Got Potions","damage_taken":0,"max_hp_gain":0,"max_hp_loss":0,"event_name":"Lab","floor":4,"gold_loss":0}],"is_beta":false,"boss_relics":[],"items_purged_floors":[12],"is_endless":false,"potions_floor_spawned":[10,11,14],"killed_by":"Hexaghost","ascension_level":20}}