{"host":"n3r7007bx0xr1slw","time":1614062524,"event":{"mods":["BaseMod","Colored Powertips","DeckTracker","Googly Eyes","Highlight Path","Minty Spire (QoL Compilation)","Relic Stats","StSLib"],"gold_per_floor":[119,194,206,206,206,206,237,237,263,274,13,30,30,30],"floor_reached":13,"language":"ENG","playtime":515,"items_purged":["Defend_B"],"score":83,"play_id":"5574b7f2-94c5-45fe-b9a6-2953c8c189f2","local_time":"20210223014204","is_ascension_mode":false,"campfire_choices":[{"data":"Dualcast","floor":6,"key":"SMITH"},{"data":"Consume","floor":8,"key":"SMITH"}],"circlet_count":0,"master_deck":["Strike_B","Strike_B","Strike_B","Strike_B","Defend_B","Defend_B","Zap","Dualcast+1","Darkness","Lockon","Consume+1","Chaos","Magnetism","Core Surge"],"relics":["Snecko Eye","Shuriken","Question Card","Ancient Tea Set"],"acts_visited":["Exordium"],"potions_floor_usage":[13,13],"damage_taken":[{"damage":1,"enemies":"2 Louse","floor":1,"turns":2},{"damage":0,"enemies":"Cultist","floor":3,"turns":3},{"damage":26,"enemies":"Lagavulin","floor":7,"turns":5},{"damage":0,"enemies":"Small Slimes","floor":10,"turns":2},{"damage":25,"enemies":"2 Fungi Beasts","floor":12,"turns":4},{"damage":18,"enemies":"Gremlin Nob","floor":13,"turns":2}],"seed_played":"-8064792794261199304","potions_obtained":[{"floor":7,"key":"AttackPotion"},{"floor":12,"key":"Fire Potion"}],"is_trial":false,"path_per_floor":["M","?","M","?","?","R","E","R","T","M","$","M","E"],"character_chosen":"DEFECT","items_purchased":["Magnetism"],"campfire_rested":0,"item_purchase_floors":[11],"current_hp_per_floor":[74,67,67,60,53,53,27,27,27,27,27,2,0,0],"gold":30,"neow_bonus":"BOSS_RELIC","is_daily":false,"chose_seed":false,"campfire_upgraded":2,"win_rate":0.0,"timestamp":1614062524,"path_taken":["M","?","?","?","?","R","E","R","T","M","$","M","E"],"items_purchased_type":["Card"],"build_version":"2020-12-22","purchased_purges":1,"victory":false,"max_hp_per_floor":[75,75,75,75,75,75,75,75,75,75,75,75,75,75],"relic_stats":{"counters":[6,18],"Shuriken":[3],"Snecko Eye":[32,34,34,27],"Question Card":2,"obtain_stats":[{"Shuriken":4,"Snecko Eye":0,"Cracked Core":0,"Question Card":7,"Ancient Tea Set":9},{"Shuriken":2,"Snecko Eye":0,"Cracked Core":0,"Question Card":3,"Ancient Tea Set":3},{"Shuriken":5,"Snecko Eye":0,"Cracked Core":0,"Question Card":10,"Ancient Tea Set":10}]},"card_choices":[{"not_picked":["Sweeping Beam","Scrape"],"picked":"Darkness","floor":1},{"not_picked":["Melter","Stack"],"picked":"Lockon","floor":3},{"not_picked":["Conserve Battery","Ball Lightning"],"picked":"Consume","floor":7},{"not_picked":["Scrape","Gash","Compile Driver"],"picked":"Chaos","floor":10},{"not_picked":["Leap","Ball Lightning","Coolheaded"],"picked":"Core Surge","floor":12}],"player_experience":157941,"relics_obtained":[{"floor":7,"key":"Question Card"},{"floor":9,"key":"Ancient Tea Set"}],"event_choices":[{"damage_healed":0,"gold_gain":75,"player_choice":"Touch","damage_taken":7,"max_hp_gain":0,"max_hp_loss":0,"event_name":"FaceTrader","floor":2,"gold_loss":0},{"damage_healed":0,"gold_gain":0,"player_choice":"Success","damage_taken":7,"relics_obtained":["Shuriken"],"max_hp_gain":0,"max_hp_loss":0,"event_name":"Scrap Ooze","floor":4,"gold_loss":0},{"cards_removed":["Defend_B"],"damage_healed":0,"gold_gain":0,"player_choice":"Card Removal","damage_taken":7,"max_hp_gain":0,"max_hp_loss":0,"event_name":"Golden Wing","floor":5,"gold_loss":0}],"is_beta":false,"boss_relics":[],"items_purged_floors":[11],"is_endless":false,"potions_floor_spawned":[7,12],"killed_by":"Gremlin Nob","ascension_level":0}}