{"host":"qrfkyfrpo74atslb","time":1614077561,"event":{"mods":["Astrologer","Bartender","BaseMod","Beaked The Cultist","Better Note","Better Third Choice","CapriCore","Colored Map","Colored Powertips","Conspire","DeckTracker","Downfall","GungeonMod","Hermit","Hero for Fun","Hubris","Koishi","LagranYue(???·?)","Mad Scientist","Marisa????????","Minty Spire (QoL Compilation)","Prisma Mod","Reimu??????","Remilia??????","StSLib","The Administrix","The Alterego","The Bladedancer","The Cursed","The Gatherer","The Immortal","The Mystic","The Necromancer","The Runesmith","The Servant 0.9.4","The Wild Card","TheSwordswoman","WarShipGirlsR/????R mod","Yakumo Yukari mod","Yuyuko"],"gold_per_floor":[110,110,110,110,120,127,52,66,114,114,134,134,165,190,190,314,314,300,300,300,313,327,327,342,342,342,353,353,353,371,371,371],"floor_reached":31,"language":"ENG","playtime":1166,"items_purged":["Poor:ReiMu"],"score":295,"play_id":"95a11994-fce1-4c71-9d08-6ac4e1a57208","local_time":"20210223235241","is_ascension_mode":false,"campfire_choices":[{"data":"DemoMod:FastSwitch","floor":12,"key":"SMITH"},{"floor":15,"key":"REST"},{"floor":23,"key":"REST"},{"floor":25,"key":"REST"}],"circlet_count":0,"master_deck":["DemoMod:Strike_Huntress","DemoMod:Strike_Huntress","DemoMod:Defend_Huntress","DemoMod:Defend_Huntress","DemoMod:Defend_Huntress","DemoMod:Defend_Huntress","DemoMod:Roll","DemoMod:ManualReload","DemoMod:RustySidearm+1","DemoMod:CrossBow","DemoMod:StickyCrossBow","DemoMod:BattleInHaste","DemoMod:FastSwitch+1","DemoMod:BattleInHaste","DemoMod:JK47","DemoMod:TeaPot","DemoMod:PotionOfGunFriendShip+1","DemoMod:BlankBullets","DemoMod:MegaHand","DemoMod:TripleGun","DemoMod:ConditionalReflex+1","DemoMod:PracticeMakesPerfect","DemoMod:CombinedRifle","DemoMod:SAA","Gluttony_TH","DemoMod:TableSutra","DemoMod:MachoBrace+1"],"relics":["DemoMod:Dog","LagranYue:RandomDrawCardRelic","NeowsBlessing","YidongShenshe:ReiMu","Pen Nib","DemoMod:HoleyGrail","Bag of Marbles","DemoMod:SilverBullets","DemoMod:LamentConfigurum","LagranYue:SoulBurningRelic","DemoMod:GundromedaStrain","LagranYue:RareGoldArmorRelic"],"acts_visited":["Exordium","TheCity"],"potions_floor_usage":[6,18,21],"damage_taken":[{"damage":0,"enemies":"Jaw Worm","floor":1,"turns":1},{"damage":0,"enemies":"2 Louse","floor":5,"turns":1},{"damage":0,"enemies":"3 Sentries","floor":6,"turns":2},{"damage":0,"enemies":"Small Slimes","floor":8,"turns":2},{"damage":2,"enemies":"3 Louse","floor":11,"turns":3},{"damage":18,"enemies":"Lagavulin","floor":13,"turns":3},{"damage":16,"enemies":"conspire:MimicChest","floor":14,"turns":5},{"damage":6,"enemies":"Slime Boss","floor":16,"turns":7},{"damage":20,"enemies":"2 Thieves","floor":18,"turns":5},{"damage":17,"enemies":"Shell Parasite","floor":21,"turns":4},{"damage":14,"enemies":"Snecko","floor":22,"turns":3},{"damage":10,"enemies":"Chosen and Byrds","floor":24,"turns":3},{"damage":30,"enemies":"Snake Plant","floor":27,"turns":2},{"damage":28,"enemies":"Centurion and Healer","floor":30,"turns":4},{"damage":8,"enemies":"Book of Stabbing","floor":31,"turns":2}],"seed_played":"-5858568690644934079","potions_obtained":[{"floor":1,"key":"Swift Potion"},{"floor":5,"key":"Strength Potion"},{"floor":13,"key":"SpeedPotion"},{"floor":16,"key":"DemoMod:LeadSkinPotion"},{"floor":18,"key":"SkillPotion"},{"floor":24,"key":"CultistPotion"},{"floor":27,"key":"GrandPatriotsElixir:ReiMu"}],"is_trial":false,"path_per_floor":["M","?","?","?","M","E","$","M","T","?","M","R","E","?","R","B",null,"M","?","?","M","M","R","M","R","T","M","?","?","M","E"],"character_chosen":"HUNTRESS","items_purchased":[],"campfire_rested":3,"item_purchase_floors":[],"current_hp_per_floor":[70,70,70,70,70,70,70,70,70,70,68,68,50,34,55,49,70,50,50,50,33,19,39,29,49,49,19,19,33,5,0,0],"gold":371,"neow_bonus":"THREE_ENEMY_KILL","is_daily":false,"chose_seed":false,"campfire_upgraded":1,"win_rate":0.0,"timestamp":1614077561,"path_taken":["M","?","?","?","M","E","$","M","T","?","?","R","E","?","R","BOSS","M","?","?","M","M","R","M","R","T","M","?","?","?","E"],"items_purchased_type":[],"build_version":"2020-12-22","purchased_purges":1,"victory":false,"max_hp_per_floor":[70,70,70,70,70,70,70,70,70,70,70,70,70,70,70,70,70,70,70,70,70,70,70,70,70,70,70,70,85,85,85,85],"card_choices":[{"not_picked":["DemoMod:Unity","DemoMod:TableSutra"],"picked":"DemoMod:StickyCrossBow","floor":1},{"not_picked":["DemoMod:PotionOfGunFriendShip","DemoMod:GunstockTap"],"picked":"DemoMod:BattleInHaste","floor":5},{"not_picked":["DemoMod:AC15","DemoMod:PotionOfGunFriendShip"],"picked":"DemoMod:FastSwitch","floor":6},{"not_picked":["DemoMod:Unmoved","DemoMod:ZorGun"],"picked":"DemoMod:BattleInHaste","floor":8},{"not_picked":["DemoMod:HardPowerCard","DemoMod:MachoBrace"],"picked":"DemoMod:JK47","floor":11},{"not_picked":["DemoMod:MachoBrace","DemoMod:LifeOrb"],"picked":"DemoMod:TeaPot","floor":13},{"not_picked":["DemoMod:AbyssalTentacle","DemoMod:LifeOrb"],"picked":"DemoMod:PotionOfGunFriendShip","floor":14},{"not_picked":["DemoMod:FightSabre","DemoMod:ThirdPartyController"],"picked":"DemoMod:BlankBullets","floor":16},{"not_picked":["DemoMod:FastSwitch+1","DemoMod:SAA"],"picked":"DemoMod:MegaHand","floor":18},{"not_picked":["DemoMod:Polaris","DemoMod:ZorGun+1"],"picked":"DemoMod:TripleGun","floor":21},{"not_picked":["DemoMod:AbyssalTentacle","DemoMod:AC15"],"picked":"DemoMod:ConditionalReflex+1","floor":22},{"not_picked":["DemoMod:Polaris","DemoMod:MachoBrace"],"picked":"DemoMod:PracticeMakesPerfect","floor":24},{"not_picked":["DemoMod:Slinger","DemoMod:Slinger"],"picked":"DemoMod:CombinedRifle","floor":27},{"not_picked":["DemoMod:TeaPot","DemoMod:ConditionalReflex"],"picked":"DemoMod:SAA","floor":27},{"not_picked":["DemoMod:JK47","DemoMod:HardPowerCard+1"],"picked":"DemoMod:TableSutra","floor":30},{"not_picked":["DemoMod:AbyssalTentacle","DemoMod:BoxingGlove"],"picked":"DemoMod:MachoBrace+1","floor":30}],"player_experience":130189,"relics_obtained":[{"floor":6,"key":"Pen Nib"},{"floor":9,"key":"DemoMod:HoleyGrail"},{"floor":13,"key":"DemoMod:SilverBullets"},{"floor":14,"key":"DemoMod:LamentConfigurum"},{"floor":26,"key":"LagranYue:RareGoldArmorRelic"}],"event_choices":[{"damage_healed":0,"gold_gain":0,"player_choice":"Leave","damage_taken":0,"max_hp_gain":0,"max_hp_loss":0,"event_name":"The Cleric","floor":2,"gold_loss":0},{"damage_healed":0,"gold_gain":0,"player_choice":"Take Tiny Shrine away","damage_taken":0,"relics_obtained":["YidongShenshe:ReiMu"],"max_hp_gain":0,"max_hp_loss":0,"event_name":"yidonshenshe","floor":4,"gold_loss":0,"cards_obtained":["Poor:ReiMu"]},{"damage_healed":0,"gold_gain":0,"player_choice":"Gave Potion","damage_taken":0,"relics_obtained":["Bag of Marbles"],"max_hp_gain":0,"max_hp_loss":0,"event_name":"WeMeetAgain","floor":10,"gold_loss":0},{"cards_removed":["DemoMod:Strike_Huntress"],"damage_healed":0,"gold_gain":0,"player_choice":"Purged","damage_taken":0,"max_hp_gain":0,"max_hp_loss":0,"event_name":"Purifier","floor":19,"gold_loss":0},{"damage_healed":0,"gold_gain":0,"player_choice":"Upgraded","damage_taken":0,"max_hp_gain":0,"max_hp_loss":0,"event_name":"Upgrade Shrine","floor":20,"gold_loss":0,"cards_upgraded":["DemoMod:PotionOfGunFriendShip"]},{"cards_removed":["DemoMod:TripleGun"],"damage_healed":0,"gold_gain":0,"player_choice":"Give","damage_taken":0,"max_hp_gain":0,"max_hp_loss":0,"event_name":"betterNote:BetterNote","floor":28,"gold_loss":0,"cards_obtained":["conspire:GhostlyStrike"]}],"is_beta":false,"boss_relics":[{"not_picked":["conspire:SpecialSausage","Runic Dome"],"picked":"LagranYue:SoulBurningRelic"}],"items_purged_floors":[7],"is_endless":false,"potions_floor_spawned":[1,5,13,16,18,24,27],"killed_by":"Book of Stabbing","ascension_level":0}}