{"host":"lz4xqhdipxskteyg","time":1614084663,"event":{"mods":["2.2 Compatiblity","BaseMod","Bestiary","Colored Map","Colored Powertips","Curses Come First","Highlight Path","Keyboard Shortcuts","Minty Spire (QoL Compilation)","Relic Stats","Slay the Relics Exporter","StSLib","SuperFastMode"],"gold_per_floor":[113,126,139,19,19,53,53,69,69,137,147,162,182,193,193,293,293,306,306,319,333,348,348,383,395,418,418,433,459,16,33,33,33,33],"floor_reached":33,"language":"TUR","playtime":2337,"items_purged":["Strike_R","Armaments"],"score":295,"play_id":"03bdf270-8bfa-4261-98a3-8b45c5b02925","local_time":"20210223155103","is_ascension_mode":false,"campfire_choices":[{"data":"Inflame","floor":7,"key":"SMITH"},{"data":"Infernal Blade","floor":15,"key":"SMITH"},{"floor":23,"key":"REST"},{"floor":27,"key":"REST"},{"floor":32,"key":"REST"}],"circlet_count":0,"master_deck":["Strike_R","Strike_R","Strike_R","Strike_R","Defend_R","Defend_R","Defend_R","Defend_R","Bash+1","Inflame+1","Twin Strike","Infernal Blade+1","Pommel Strike","Metallicize+1","Warcry","Ghostly Armor","Heavy Blade","Shrug It Off","Cleave","Berserk+1","Cleave+1","Armaments+1","Power Through+1","Demon Form+1","Dropkick","True Grit+1","Limit Break+1","Clash","Good Instincts+1","DeusExMachina+1"],"relics":["Burning Blood","Frozen Egg 2","Fusion Hammer","Nloth\u0027s Gift","Ornamental Fan","Anchor","Toxic Egg 2","PrismaticShard"],"acts_visited":["Exordium","TheCity"],"potions_floor_usage":[6,11,14,16,21,28,29,33,33,33],"damage_taken":[{"damage":10,"enemies":"Jaw Worm","floor":1,"turns":4},{"damage":5,"enemies":"Small Slimes","floor":2,"turns":4},{"damage":1,"enemies":"Cultist","floor":3,"turns":3},{"damage":33,"enemies":"Lagavulin","floor":6,"turns":7},{"damage":1,"enemies":"Large Slime","floor":8,"turns":5},{"damage":0,"enemies":"3 Louse","floor":11,"turns":1},{"damage":6,"enemies":"Looter","floor":12,"turns":3},{"damage":2,"enemies":"Exordium Wildlife","floor":13,"turns":4},{"damage":1,"enemies":"Large Slime","floor":14,"turns":5},{"damage":45,"enemies":"Hexaghost","floor":16,"turns":8},{"damage":10,"enemies":"Spheric Guardian","floor":18,"turns":4},{"damage":12,"enemies":"2 Thieves","floor":20,"turns":4},{"damage":19,"enemies":"3 Cultists","floor":21,"turns":4},{"damage":14,"enemies":"Chosen and Byrds","floor":22,"turns":7},{"damage":35,"enemies":"Slavers","floor":24,"turns":7},{"damage":24,"enemies":"Centurion and Healer","floor":25,"turns":6},{"damage":7,"enemies":"Snake Plant","floor":28,"turns":5},{"damage":35,"enemies":"Gremlin Leader","floor":29,"turns":8},{"damage":6,"enemies":"Sentry and Sphere","floor":31,"turns":5},{"damage":47,"enemies":"Collector","floor":33,"turns":8}],"seed_played":"1723694746574846670","potions_obtained":[{"floor":1,"key":"Explosive Potion"},{"floor":3,"key":"Dexterity Potion"},{"floor":6,"key":"Energy Potion"},{"floor":8,"key":"Strength Potion"},{"floor":20,"key":"SteroidPotion"},{"floor":21,"key":"ColorlessPotion"},{"floor":28,"key":"SkillPotion"},{"floor":29,"key":"LiquidMemories"},{"floor":31,"key":"AttackPotion"}],"is_trial":false,"path_per_floor":["M","M","M","$","?","E","R","M","T","?","M","M","M","M","R","B",null,"M","?","M","M","M","R","E","M","T","R","M","E","$","M","R","B"],"character_chosen":"IRONCLAD","items_purchased":["Armaments","Clash","Good Instincts+1","PrismaticShard","LiquidBronze"],"campfire_rested":3,"item_purchase_floors":[4,30,30,30,30],"current_hp_per_floor":[76,77,80,80,80,53,53,58,58,58,64,64,68,73,73,34,80,76,76,70,57,49,73,44,26,26,50,49,20,20,20,44,0,0],"gold":33,"neow_bonus":"UPGRADE_CARD","is_daily":false,"chose_seed":false,"campfire_upgraded":2,"win_rate":0.0,"timestamp":1614084663,"path_taken":["M","M","M","$","?","E","R","M","T","?","M","M","M","M","R","BOSS","M","?","M","M","M","R","E","M","T","R","?","E","$","M","R","BOSS"],"items_purchased_type":["Card","Card","Card","Relic","Potion"],"build_version":"2020-12-22","purchased_purges":2,"victory":false,"max_hp_per_floor":[80,80,80,80,80,80,80,80,80,80,80,80,80,80,80,80,80,80,80,80,80,80,80,80,80,80,80,80,80,80,80,80,80,80],"relic_stats":{"counters":[20,102],"Ornamental Fan":[40],"Nloth\u0027s Gift":6,"obtain_stats":[{"Anchor":26,"Self Forming Clay":9,"Ornamental Fan":24,"Fusion Hammer":17,"Nloth\u0027s Gift":19,"Frozen Egg 2":6,"Toxic Egg 2":29,"PrismaticShard":30,"Burning Blood":0},{"Anchor":16,"Self Forming Clay":5,"Ornamental Fan":15,"Fusion Hammer":10,"Nloth\u0027s Gift":11,"Frozen Egg 2":4,"Toxic Egg 2":18,"PrismaticShard":18,"Burning Blood":0},{"Anchor":76,"Self Forming Clay":23,"Ornamental Fan":70,"Fusion Hammer":44,"Nloth\u0027s Gift":48,"Frozen Egg 2":18,"Toxic Egg 2":89,"PrismaticShard":89,"Burning Blood":0}],"Burning Blood":112},"card_choices":[{"not_picked":["Iron Wave","Combust"],"picked":"Inflame","floor":1},{"not_picked":["Armaments","Perfected Strike"],"picked":"Twin Strike","floor":2},{"not_picked":["Power Through","Entrench"],"picked":"Infernal Blade","floor":3},{"not_picked":["Inflame+1","Offering"],"picked":"Metallicize+1","floor":6},{"not_picked":["Clash","Sword Boomerang"],"picked":"Warcry","floor":8},{"not_picked":["Anger","Headbutt"],"picked":"Ghostly Armor","floor":11},{"not_picked":["Reckless Charge","Thunderclap"],"picked":"Heavy Blade","floor":12},{"not_picked":["Perfected Strike","Shockwave"],"picked":"Shrug It Off","floor":13},{"not_picked":["Shrug It Off","Power Through"],"picked":"Cleave","floor":14},{"not_picked":["Impervious","Feed"],"picked":"Berserk+1","floor":16},{"not_picked":["Burning Pact","Flex"],"picked":"Cleave+1","floor":18},{"not_picked":["Thunderclap","Berserk+1"],"picked":"Armaments","floor":20},{"not_picked":["Metallicize+1","Pommel Strike"],"picked":"Armaments+1","floor":21},{"not_picked":["Body Slam","Headbutt"],"picked":"Power Through+1","floor":22},{"not_picked":["Brutality+1","Second Wind"],"picked":"Demon Form+1","floor":24},{"not_picked":["Shrug It Off","Clothesline"],"picked":"Dropkick","floor":25},{"not_picked":["Sword Boomerang","Feed"],"picked":"True Grit+1","floor":28},{"not_picked":["Heavy Blade+1","Fiend Fire"],"picked":"Limit Break+1","floor":29},{"not_picked":["ThirdEye+1","Thunderclap"],"picked":"DeusExMachina+1","floor":31}],"player_experience":55129,"relics_obtained":[{"floor":6,"key":"Frozen Egg 2"},{"floor":9,"key":"Self Forming Clay"},{"floor":24,"key":"Ornamental Fan"},{"floor":26,"key":"Anchor"},{"floor":29,"key":"Toxic Egg 2"}],"event_choices":[{"damage_healed":0,"gold_gain":0,"cards_transformed":["Armaments"],"player_choice":"Change","damage_taken":0,"max_hp_gain":0,"max_hp_loss":0,"event_name":"Living Wall","floor":5,"gold_loss":0,"cards_obtained":["Pommel Strike"]},{"damage_healed":0,"gold_gain":68,"player_choice":"Gained Gold","damage_taken":0,"max_hp_gain":0,"max_hp_loss":0,"event_name":"Golden Wing","floor":10,"gold_loss":0},{"damage_healed":0,"gold_gain":0,"player_choice":"Traded Relic","damage_taken":0,"relics_obtained":["Nloth\u0027s Gift"],"max_hp_gain":0,"max_hp_loss":0,"event_name":"N\u0027loth","floor":19,"relics_lost":["Self Forming Clay"],"gold_loss":0}],"is_beta":false,"boss_relics":[{"not_picked":["Snecko Eye","SacredBark"],"picked":"Fusion Hammer"}],"items_purged_floors":[4,30],"is_endless":false,"potions_floor_spawned":[1,3,6,8,20,21,28,29,31],"killed_by":"Collector","ascension_level":0}}