{"host":"t75twhtg6c476ygg","time":1614112959,"event":{"mods":["AchievementEnabler","BaseMod","Colored Powertips","Minty Spire (QoL Compilation)","Quick Restart","Relic Stats","StSLib","SuperFastMode"],"gold_per_floor":[114,189,189,189,83,138,138,153,153,168,198,213,228,243,243,352,352,367,382,391,406,421,451,451,451,451,466,466,490,490,529,529,629,629,644,659,659,0,0,0,30,45,70,70,85,100,109,124,124,124,124,124,124,154,154],"floor_reached":56,"language":"ENG","playtime":2583,"items_purged":["Brutality"],"score":1606,"play_id":"515f20f2-4885-4b14-8867-0233922abe92","local_time":"20210223204239","daily_mods":["Shiny","Diverse","Binary"],"is_ascension_mode":false,"campfire_choices":[{"data":"Omniscience","floor":7.0,"key":"SMITH"},{"data":"Electrodynamics","floor":15.0,"key":"SMITH"},{"floor":25.0,"key":"REST"},{"data":"Adrenaline","floor":32.0,"key":"SMITH"},{"data":"Amplify","floor":40.0,"key":"SMITH"},{"data":"1","floor":44.0,"key":"LIFT"},{"data":"2","floor":49,"key":"LIFT"},{"data":"3","floor":52,"key":"LIFT"}],"circlet_count":0,"master_deck":["Judgement+1","ConjureBlade+1","MasterReality+1","Brilliance+1","Devotion+1","Blasphemy+1","Ragnarok+1","LessonLearned+1","Scrawl+1","Vault+1","Alpha+1","Wish+1","Omniscience+1","Establishment+1","SpiritShield+1","DevaForm+1","DeusExMachina+1","Multi-Cast+1","Hyperbeam+1","Thunder Strike+1","Biased Cognition+1","Machine Learning+1","Electrodynamics+1","Buffer+1","Rainbow+1","Seek+1","Meteor Strike+1","Echo Form+1","All For One+1","Reboot+1","Amplify+1","Creative AI+1","Fission+1","Core Surge+1","Venomology+1","Corpse Explosion+1","Malaise+1","Phantasmal Killer+1","Die Die Die+1","Adrenaline+1","Envenom+1","Doppelganger+1","Burst+1","Wraith Form v2+1","Tools of the Trade+1","Night Terror+1","Unload+1","After Image+1","Bullet Time+1","Storm of Steel+1","A Thousand Cuts+1","Grand Finale+1","Double Tap+1","Demon Form+1","Bludgeon+1","Feed+1","Limit Break+1","Corruption+1","Barricade+1","Fiend Fire+1","Berserk+1","Impervious+1","Juggernaut+1","Reaper+1","Exhume+1","Offering+1","Immolate+1","Heatsinks+1","Creative AI+1","LessonLearned+1","Fasting2+1","Biased Cognition+1"],"relics":["Cracked Core","Mummified Hand","Singing Bowl","DataDisk","Oddly Smooth Stone","Lee\u0027s Waffle","Bag of Preparation","CeramicFish","SacredBark","Pen Nib","Orichalcum","Bird Faced Urn","Ancient Tea Set","Eternal Feather","Nuclear Battery","Red Mask","Girya","Art of War","WarpedTongs","Mark of the Bloom","Letter Opener"],"acts_visited":["Exordium","TheCity","TheBeyond","TheEnding"],"potions_floor_usage":[55,55],"damage_taken":[{"damage":2.0,"enemies":"2 Louse","floor":1.0,"turns":3.0},{"damage":0.0,"enemies":"Gremlin Nob","floor":6.0,"turns":4.0},{"damage":7.0,"enemies":"Small Slimes","floor":8.0,"turns":2.0},{"damage":0.0,"enemies":"Jaw Worm","floor":10.0,"turns":1.0},{"damage":0.0,"enemies":"Lagavulin","floor":11.0,"turns":3.0},{"damage":0.0,"enemies":"2 Fungi Beasts","floor":12.0,"turns":2.0},{"damage":1.0,"enemies":"Gremlin Gang","floor":13.0,"turns":3.0},{"damage":0.0,"enemies":"Exordium Wildlife","floor":14.0,"turns":5.0},{"damage":0.0,"enemies":"Slime Boss","floor":16.0,"turns":3.0},{"damage":20.0,"enemies":"2 Thieves","floor":18.0,"turns":2.0},{"damage":20.0,"enemies":"Spheric Guardian","floor":19.0,"turns":3.0},{"damage":6.0,"enemies":"Centurion and Healer","floor":21.0,"turns":4.0},{"damage":10.0,"enemies":"Chosen and Byrds","floor":22.0,"turns":5.0},{"damage":18.0,"enemies":"Gremlin Leader","floor":23.0,"turns":2.0},{"damage":7.0,"enemies":"Snake Plant","floor":27.0,"turns":2.0},{"damage":0.0,"enemies":"Shelled Parasite and Fungi","floor":29.0,"turns":1.0},{"damage":6.0,"enemies":"Book of Stabbing","floor":31.0,"turns":4.0},{"damage":6.0,"enemies":"Automaton","floor":33.0,"turns":6.0},{"damage":10.0,"enemies":"3 Darklings","floor":35.0,"turns":4.0},{"damage":0.0,"enemies":"3 Shapes","floor":36.0,"turns":1.0},{"damage":1.0,"enemies":"Giant Head","floor":41.0,"turns":3.0},{"damage":20.0,"enemies":"Transient","floor":42.0,"turns":5.0},{"damage":6.0,"enemies":"Sphere and 2 Shapes","floor":45.0,"turns":2.0},{"damage":0,"enemies":"3 Darklings","floor":46,"turns":2},{"damage":0,"enemies":"Jaw Worm Horde","floor":48,"turns":3},{"damage":50,"enemies":"Time Eater","floor":50,"turns":7},{"damage":10,"enemies":"Shield and Spear","floor":54,"turns":1},{"damage":3,"enemies":"The Heart","floor":55,"turns":4}],"seed_played":"-9004314451342404475","potions_obtained":[{"floor":8.0,"key":"Swift Potion"},{"floor":10.0,"key":"AttackPotion"},{"floor":13.0,"key":"ColorlessPotion"},{"floor":19.0,"key":"Energy Potion"}],"is_trial":false,"path_per_floor":["M","?","?","?","$","E","R","M","T","M","E","M","M","M","R","B",null,"M","M","?","M","M","E","?","R","T","M","T","M","?","E","R","B",null,"M","M","?","?","?","R","E","M","T","R","M","M","?","M","R","B",null,"R","$","E","B",null],"character_chosen":"DEFECT","items_purchased":["DataDisk","Oddly Smooth Stone","Lee\u0027s Waffle","Heatsinks"],"campfire_rested":1,"item_purchase_floors":[5,5,5,5],"current_hp_per_floor":[73,62,67,64,87,89,89,84,84,86,88,90,91,96,96,99,107,92,74,74,70,62,46,46,82,82,93,93,97,97,122,122,124,124,126,128,128,128,128,128,129,132,132,132,134,136,136,141,141,144,144,144,144,134,131],"gold":154,"neow_bonus":"","is_daily":true,"chose_seed":false,"campfire_upgraded":4,"win_rate":0.0,"timestamp":1614112959,"path_taken":["M","?","?","?","$","E","R","M","T","M","E","M","M","?","R","BOSS","M","M","?","M","?","E","?","R","T","M","?","M","?","E","R","BOSS","M","M","?","?","?","R","E","M","T","R","?","M","?","?","R","BOSS","R","$","E","BOSS"],"items_purchased_type":["Relic","Relic","Relic","Card"],"build_version":"2020-12-22","purchased_purges":1,"victory":true,"max_hp_per_floor":[75,75,80,80,87,89,89,91,91,93,95,97,99,104,104,107,107,112,114,114,116,118,120,120,120,120,122,122,122,122,122,122,124,124,126,128,128,128,128,128,130,132,132,132,134,136,136,141,141,144,144,144,144,146,146],"relic_stats":{"Lee\u0027s Waffle":23,"Mark of the Bloom":89,"Singing Bowl":44,"counters":[28,87],"CeramicFish":45,"Eternal Feather":0,"Pen Nib":[6],"Bag of Preparation":[52],"Letter Opener":[25],"Orichalcum":[72],"WarpedTongs":[11],"Mummified Hand":[444],"Bird Faced Urn":[134],"Art of War":[2],"obtain_stats":[{"Girya":41,"Lee\u0027s Waffle":5,"Mark of the Bloom":53,"Singing Bowl":4,"CeramicFish":11,"SacredBark":17,"Oddly Smooth Stone":5,"Eternal Feather":31,"Pen Nib":23,"Bag of Preparation":6,"Letter Opener":54,"Orichalcum":24,"Ancient Tea Set":28,"Nuclear Battery":34,"WarpedTongs":47,"DataDisk":5,"Mummified Hand":1,"Bird Faced Urn":26,"Red Mask":38,"Art of War":43,"Cracked Core":0},{"Girya":21,"Lee\u0027s Waffle":1,"Mark of the Bloom":26,"Singing Bowl":1,"CeramicFish":5,"SacredBark":9,"Oddly Smooth Stone":1,"Eternal Feather":17,"Pen Nib":14,"Bag of Preparation":2,"Letter Opener":27,"Orichalcum":14,"Ancient Tea Set":15,"Nuclear Battery":18,"WarpedTongs":24,"DataDisk":1,"Mummified Hand":1,"Bird Faced Urn":14,"Red Mask":20,"Art of War":22,"Cracked Core":0},{"Girya":63,"Lee\u0027s Waffle":3,"Mark of the Bloom":82,"Singing Bowl":3,"CeramicFish":13,"SacredBark":26,"Oddly Smooth Stone":3,"Eternal Feather":49,"Pen Nib":42,"Bag of Preparation":7,"Letter Opener":83,"Orichalcum":42,"Ancient Tea Set":44,"Nuclear Battery":55,"WarpedTongs":72,"DataDisk":3,"Mummified Hand":1,"Bird Faced Urn":42,"Red Mask":60,"Art of War":68,"Cracked Core":0}]},"card_choices":[{"not_picked":["Underhanded Strike","Backflip"],"picked":"SKIP","floor":1.0},{"not_picked":["Escape Plan","Flechettes"],"picked":"Singing Bowl","floor":6.0},{"not_picked":["Crippling Poison","Wireheading"],"picked":"Singing Bowl","floor":8.0},{"not_picked":["CutThroughFate","Go for the Eyes"],"picked":"Singing Bowl","floor":10.0},{"not_picked":["Iron Wave","Redo"],"picked":"Singing Bowl","floor":11.0},{"not_picked":["FlyingSleeves","Glacier"],"picked":"Singing Bowl","floor":12.0},{"not_picked":["Underhanded Strike","Consecrate"],"picked":"Singing Bowl","floor":13.0},{"not_picked":["Halt","Distraction"],"picked":"Singing Bowl","floor":14.0},{"not_picked":["Bludgeon"],"picked":"Creative AI","floor":16.0},{"not_picked":["Crescendo","ReachHeaven+1"],"picked":"Singing Bowl","floor":18.0},{"not_picked":["Havoc","PiercingWail+1"],"picked":"Singing Bowl","floor":19.0},{"not_picked":["Streamline","Study"],"picked":"Singing Bowl","floor":21.0},{"not_picked":["Bane","PiercingWail"],"picked":"Singing Bowl","floor":22.0},{"not_picked":["Hologram","FlyingSleeves+1"],"picked":"Singing Bowl","floor":23.0},{"not_picked":["Headbutt","Finisher"],"picked":"Singing Bowl","floor":27.0},{"not_picked":["Perfected Strike"],"picked":"Fasting2+1","floor":29.0},{"not_picked":["Finisher"],"picked":"Biased Cognition","floor":31.0},{"not_picked":["ConjureBlade","Grand Finale"],"picked":"Singing Bowl","floor":33.0},{"not_picked":["Headbutt+1","Conclude"],"picked":"Singing Bowl","floor":35.0},{"not_picked":["Sentinel+1","Accuracy"],"picked":"Singing Bowl","floor":36.0},{"not_picked":["Warcry+1","Shrug It Off"],"picked":"Singing Bowl","floor":41.0},{"not_picked":["Darkness","Twin Strike"],"picked":"Singing Bowl","floor":42.0},{"not_picked":["Pummel","Steam"],"picked":"Singing Bowl","floor":45.0},{"not_picked":["Protect","Evolve"],"picked":"Singing Bowl","floor":46},{"not_picked":["Iron Wave","Steam"],"picked":"Singing Bowl","floor":48},{"not_picked":["Streamline","Creative AI"],"picked":"Singing Bowl","floor":54}],"player_experience":469399,"relics_obtained":[{"floor":6.0,"key":"Bag of Preparation"},{"floor":11.0,"key":"CeramicFish"},{"floor":23.0,"key":"Pen Nib"},{"floor":26.0,"key":"Bird Faced Urn"},{"floor":28.0,"key":"Ancient Tea Set"},{"floor":31.0,"key":"Eternal Feather"},{"floor":41.0,"key":"Girya"},{"floor":43.0,"key":"Art of War"},{"floor":54,"key":"Letter Opener"}],"event_choices":[{"damage_healed":0.0,"max_hp_gain":0.0,"max_hp_loss":0.0,"gold_gain":75.0,"event_name":"World of Goop","player_choice":"Gather Gold","floor":2.0,"gold_loss":0.0,"damage_taken":11.0},{"damage_healed":0.0,"max_hp_gain":5.0,"max_hp_loss":0.0,"gold_gain":0.0,"event_name":"Big Fish","player_choice":"Donut","floor":3.0,"gold_loss":0.0,"damage_taken":0.0},{"damage_healed":0.0,"max_hp_gain":0.0,"max_hp_loss":0.0,"gold_gain":0.0,"event_name":"Scrap Ooze","player_choice":"Success","floor":4.0,"gold_loss":0.0,"damage_taken":3.0,"relics_obtained":["Singing Bowl"]},{"damage_healed":0.0,"max_hp_gain":0.0,"max_hp_loss":0.0,"gold_gain":0.0,"event_name":"Duplicator","player_choice":"Copied","floor":20.0,"gold_loss":0.0,"damage_taken":0.0,"cards_obtained":["LessonLearned"]},{"damage_healed":0.0,"max_hp_gain":0.0,"max_hp_loss":0.0,"gold_gain":0.0,"event_name":"The Mausoleum","player_choice":"Opened","floor":24.0,"gold_loss":0.0,"damage_taken":0.0,"relics_obtained":["Orichalcum"]},{"damage_healed":0.0,"max_hp_gain":0.0,"max_hp_loss":0.0,"gold_gain":0.0,"event_name":"Upgrade Shrine","player_choice":"Upgraded","floor":30.0,"gold_loss":0.0,"damage_taken":0.0,"cards_upgraded":["Buffer"]},{"cards_removed":["Glass Knife"],"damage_healed":0.0,"max_hp_gain":0.0,"max_hp_loss":0.0,"gold_gain":0.0,"event_name":"Falling","player_choice":"Removed Attack","floor":37.0,"gold_loss":0.0,"damage_taken":0.0},{"damage_healed":0.0,"max_hp_gain":0.0,"max_hp_loss":0.0,"gold_gain":0.0,"event_name":"Tomb of Lord Red Mask","player_choice":"Paid","floor":38.0,"gold_loss":659.0,"damage_taken":0.0,"relics_obtained":["Red Mask"]},{"damage_healed":0.0,"max_hp_gain":0.0,"max_hp_loss":0.0,"gold_gain":0.0,"event_name":"Match and Keep!","player_choice":"0 cards matched","floor":39.0,"gold_loss":0.0,"damage_taken":0.0,"cards_obtained":[]},{"damage_healed":0,"gold_gain":0,"player_choice":"Rummage","damage_taken":0,"relics_obtained":["WarpedTongs"],"max_hp_gain":0,"max_hp_loss":0,"event_name":"Accursed Blacksmith","floor":47,"gold_loss":0,"cards_obtained":["Pain"]},{"damage_healed":0,"gold_gain":0,"player_choice":"Upgrade","damage_taken":0,"relics_obtained":["Mark of the Bloom"],"max_hp_gain":0,"max_hp_loss":0,"event_name":"MindBloom","floor":53,"gold_loss":0,"cards_upgraded":["Judgement","ConjureBlade","MasterReality","Brilliance","Blasphemy","LessonLearned","Scrawl","Vault","Alpha","Establishment","SpiritShield","DeusExMachina","Multi-Cast","Hyperbeam","Thunder Strike","Biased Cognition","Machine Learning","Rainbow","Meteor Strike","Echo Form","All For One","Reboot","Creative AI","Fission","Core Surge","Venomology","Corpse Explosion","Malaise","Die Die Die","Envenom","Doppelganger","Burst","Wraith Form v2","Tools of the Trade","Night Terror","Unload","After Image","Bullet Time","A Thousand Cuts","Grand Finale","Double Tap","Feed","Corruption","Barricade","Fiend Fire","Berserk","Impervious","Juggernaut","Reaper","Exhume","Offering","Immolate","Heatsinks","Creative AI","LessonLearned","Biased Cognition"]}],"is_beta":false,"boss_relics":[{"not_picked":["Philosopher\u0027s Stone","Velvet Choker"],"picked":"SacredBark"},{"not_picked":["Sozu","Busted Crown"],"picked":"Nuclear Battery"}],"items_purged_floors":[5],"is_endless":false,"potions_floor_spawned":[8,10,11,13,14,19,23,27,31,33,36,41,45,54],"ascension_level":0}}