{"host":"phy652c7lim9lcu2","time":1614053763,"event":{"mods":["BaseMod","Colored Powertips","Googly Eyes","Minty Spire (QoL Compilation)","Relic Stats","Spicy Shops","StSLib","everything is the same but u backflip on backflip"],"gold_per_floor":[113,127,147,147,164,164,197,197,197,211,211,230,28,41,41,112,112,129,54,65,65,65],"floor_reached":21,"language":"ENG","playtime":700,"items_purged":[],"score":327,"play_id":"c7218e16-0542-4935-9001-b21ba3b62059","local_time":"20210223141603","is_ascension_mode":true,"campfire_choices":[{"data":"Body Slam","floor":6.0,"key":"SMITH"},{"data":"Whirlwind","floor":8.0,"key":"SMITH"},{"data":"Flex","floor":11.0,"key":"SMITH"},{"data":"Berserk","floor":15.0,"key":"SMITH"}],"circlet_count":0,"master_deck":["AscendersBane","Strike_R","Strike_R","Strike_R","Defend_R","Defend_R","Defend_R","Defend_R","Bash","Clothesline","Body Slam+1","Flex+1","Seeing Red","Whirlwind+1","Iron Wave","Shrug It Off","Berserk+1","Limit Break","Spot Weakness"],"relics":["Burning Blood","Strawberry","Bottled Lightning","Chemical X","Black Star"],"acts_visited":["Exordium","TheCity"],"potions_floor_usage":[],"damage_taken":[{"damage":8.0,"enemies":"2 Louse","floor":1.0,"turns":3.0},{"damage":11.0,"enemies":"Small Slimes","floor":2.0,"turns":4.0},{"damage":14.0,"enemies":"Jaw Worm","floor":3.0,"turns":4.0},{"damage":12.0,"enemies":"Blue Slaver","floor":5.0,"turns":5.0},{"damage":38.0,"enemies":"Lagavulin","floor":7.0,"turns":8.0},{"damage":12.0,"enemies":"2 Fungi Beasts","floor":10.0,"turns":2.0},{"damage":9.0,"enemies":"Exordium Thugs","floor":12.0,"turns":5.0},{"damage":1.0,"enemies":"Blue Slaver","floor":14.0,"turns":3.0},{"damage":23.0,"enemies":"Hexaghost","floor":16.0,"turns":10.0},{"damage":27.0,"enemies":"Spheric Guardian","floor":18.0,"turns":4.0},{"damage":34.0,"enemies":"2 Thieves","floor":20.0,"turns":5.0},{"damage":18,"enemies":"Snecko","floor":21,"turns":4}],"seed_played":"703785196550511299","potions_obtained":[{"floor":2.0,"key":"DistilledChaos"},{"floor":3.0,"key":"SmokeBomb"},{"floor":5.0,"key":"Weak Potion"},{"floor":14.0,"key":"EntropicBrew"}],"is_trial":false,"path_per_floor":["M","M","M","?","M","R","E","R","T","M","R","M","$","M","R","B",null,"M","?","M","M"],"character_chosen":"IRONCLAD","items_purchased":["Chemical X","Shrug It Off"],"campfire_rested":0,"item_purchase_floors":[13,13],"current_hp_per_floor":[78,73,65,58,52,52,27,27,27,21,21,18,18,23,23,34,80,59,59,31,13,13],"gold":65,"neow_bonus":"TEN_PERCENT_HP_BONUS","is_daily":false,"chose_seed":false,"campfire_upgraded":4,"win_rate":0.0,"timestamp":1614053763,"path_taken":["M","M","M","?","M","R","E","R","T","M","R","M","$","M","R","BOSS","M","?","M","M"],"items_purchased_type":["Relic","Card"],"build_version":"2020-12-22","purchased_purges":0,"victory":false,"max_hp_per_floor":[88,88,88,88,88,88,95,95,95,95,95,95,95,95,95,95,95,95,95,95,95,95],"relic_stats":{"counters":[12,57],"Black Star":0,"Chemical X":[7],"obtain_stats":[{"Strawberry":7,"Black Star":17,"Bottled Lightning":9,"Chemical X":13,"Burning Blood":0},{"Strawberry":5,"Black Star":9,"Bottled Lightning":5,"Chemical X":7,"Burning Blood":0},{"Strawberry":24,"Black Star":44,"Bottled Lightning":24,"Chemical X":31,"Burning Blood":0}],"Burning Blood":66},"card_choices":[{"not_picked":["Warcry","Clash"],"picked":"Clothesline","floor":1.0},{"not_picked":["True Grit","Warcry"],"picked":"Body Slam","floor":2.0},{"not_picked":["Clash","Sword Boomerang"],"picked":"Flex","floor":3.0},{"not_picked":["True Grit","Thunderclap"],"picked":"Seeing Red","floor":5.0},{"not_picked":["Clothesline","Body Slam"],"picked":"Whirlwind","floor":7.0},{"not_picked":["Clash","Sever Soul"],"picked":"Iron Wave","floor":10.0},{"not_picked":["Perfected Strike","Clash","Warcry"],"picked":"SKIP","floor":12.0},{"not_picked":["Clash","Power Through"],"picked":"Berserk","floor":14.0},{"not_picked":["Immolate","Bludgeon"],"picked":"Limit Break","floor":16.0},{"not_picked":["Iron Wave","Heavy Blade","Shockwave"],"picked":"SKIP","floor":18.0},{"not_picked":["Twin Strike","Flex"],"picked":"Spot Weakness","floor":20.0}],"player_experience":355597,"relics_obtained":[{"floor":7.0,"key":"Strawberry"},{"floor":9.0,"key":"Bottled Lightning"}],"event_choices":[{"cards_removed":["Strike_R"],"damage_healed":0.0,"max_hp_gain":0.0,"max_hp_loss":0.0,"gold_gain":0.0,"event_name":"Golden Wing","player_choice":"Card Removal","floor":4.0,"gold_loss":0.0,"damage_taken":7.0},{"cards_removed":["Strike_R"],"damage_healed":0.0,"max_hp_gain":0.0,"max_hp_loss":0.0,"gold_gain":0.0,"event_name":"Beggar","player_choice":"Gave Gold","floor":19.0,"gold_loss":75.0,"damage_taken":0.0}],"is_beta":false,"boss_relics":[{"not_picked":["Ectoplasm","Runic Cube"],"picked":"Black Star"}],"items_purged_floors":[],"is_endless":false,"potions_floor_spawned":[2,3,5,14],"killed_by":"Snecko","ascension_level":13}}