{"host":"soyfmymeou4emntr","time":1614113319,"event":{"mods":["BaseMod","Minty Spire (QoL Compilation)","Permanent Neow","Relic Sorter","Relic Stats","StSLib"],"gold_per_floor":[136,136,200,200,241,241,272,272,272,313,313,20,20,94,106,233,245,293,330,342,342],"floor_reached":20,"language":"ENG","playtime":2180,"items_purged":["Strike_G"],"score":380,"play_id":"458809d5-15fc-42cf-bb39-7eb219715566","local_time":"20210223134839","is_ascension_mode":true,"campfire_choices":[{"data":"Poisoned Stab","floor":6,"key":"SMITH"},{"data":"Calculated Gamble","floor":11,"key":"SMITH"},{"floor":13,"key":"REST"},{"data":"Well Laid Plans","floor":15,"key":"SMITH"}],"circlet_count":0,"master_deck":["AscendersBane","Strike_G","Strike_G","Strike_G","Defend_G","Defend_G","Defend_G","Defend_G","Defend_G","Survivor","Neutralize","HandOfGreed","Poisoned Stab+1","Calculated Gamble+1","Eviscerate","Dagger Spray","Tactician","PanicButton","Well Laid Plans+1","Leg Sweep","After Image","Corpse Explosion","Noxious Fumes","Bane+1"],"relics":["Ring of the Snake","Golden Idol","Mango","Letter Opener","MawBank","Runic Pyramid"],"acts_visited":["Exordium","TheCity"],"potions_floor_usage":[7,10,10,19],"damage_taken":[{"damage":0,"enemies":"Jaw Worm","floor":1,"turns":4},{"damage":0,"enemies":"Small Slimes","floor":3,"turns":4},{"damage":0,"enemies":"Cultist","floor":5,"turns":3},{"damage":8,"enemies":"Gremlin Nob","floor":7,"turns":3},{"damage":41,"enemies":"Lagavulin","floor":10,"turns":8},{"damage":23,"enemies":"3 Sentries","floor":14,"turns":12},{"damage":31,"enemies":"Hexaghost","floor":16,"turns":14},{"damage":10,"enemies":"Shell Parasite","floor":18,"turns":7},{"damage":35,"enemies":"Chosen","floor":19,"turns":8},{"damage":16,"enemies":"Shelled Parasite and Fungi","floor":20,"turns":4}],"seed_played":"-4266398154587212672","potions_obtained":[{"floor":1,"key":"Poison Potion"},{"floor":3,"key":"EntropicBrew"},{"floor":16,"key":"BlessingOfTheForge"}],"is_trial":false,"path_per_floor":["M","?","M","?","M","R","E","?","T","E","R","$","R","E","R","B",null,"M","M","M"],"character_chosen":"THE_SILENT","items_purchased":["PanicButton","Well Laid Plans","Leg Sweep"],"campfire_rested":1,"item_purchase_floors":[12,12,12],"current_hp_per_floor":[59,54,54,47,47,47,53,58,58,17,17,17,38,15,15,11,58,48,13,0,0],"gold":342,"neow_bonus":"RANDOM_COLORLESS_2","is_daily":false,"chose_seed":false,"campfire_upgraded":3,"win_rate":0.0,"timestamp":1614113319,"path_taken":["M","?","M","?","M","R","E","?","T","E","R","?","R","E","R","BOSS","M","?","M"],"items_purchased_type":["Card","Card","Card"],"build_version":"2020-12-22","purchased_purges":1,"victory":false,"max_hp_per_floor":[60,54,54,54,54,54,68,73,73,73,73,73,73,73,73,73,73,73,73,73,73],"relic_stats":{"counters":[10,67],"Golden Idol":57,"Letter Opener":[20],"MawBank":72,"obtain_stats":[{"Golden Idol":2,"Mango":7,"Letter Opener":10,"MawBank":14,"Ring of the Snake":0,"Runic Pyramid":17},{"Golden Idol":1,"Mango":4,"Letter Opener":5,"MawBank":6,"Ring of the Snake":0,"Runic Pyramid":7},{"Golden Idol":4,"Mango":14,"Letter Opener":22,"MawBank":34,"Ring of the Snake":0,"Runic Pyramid":48}],"Ring of the Snake":[20]},"card_choices":[{"not_picked":["Metamorphosis","Mayhem"],"picked":"HandOfGreed","floor":0},{"not_picked":["Crippling Poison","Finisher"],"picked":"Poisoned Stab","floor":1},{"not_picked":["Choke","Bane"],"picked":"Calculated Gamble","floor":3},{"not_picked":["Predator","Backstab"],"picked":"Eviscerate","floor":5},{"not_picked":["Flying Knee","Distraction"],"picked":"Dagger Spray","floor":7},{"not_picked":["Prepared","Cloak And Dagger"],"picked":"Tactician","floor":10},{"not_picked":["Deadly Poison","Blade Dance"],"picked":"After Image","floor":14},{"not_picked":["Unload","Venomology"],"picked":"Corpse Explosion","floor":16},{"not_picked":["Prepared","Eviscerate"],"picked":"Noxious Fumes","floor":18},{"not_picked":["Calculated Gamble","Masterful Stab"],"picked":"Bane+1","floor":19}],"player_experience":3507193,"relics_obtained":[{"floor":7,"key":"Mango"},{"floor":10,"key":"Letter Opener"},{"floor":14,"key":"MawBank"}],"event_choices":[{"damage_healed":0,"gold_gain":0,"player_choice":"Lose Max HP","damage_taken":0,"relics_obtained":["Golden Idol"],"max_hp_gain":0,"max_hp_loss":6,"event_name":"Golden Idol","floor":2,"gold_loss":0},{"cards_removed":["Strike_G"],"damage_healed":0,"gold_gain":0,"player_choice":"Card Removal","damage_taken":7,"max_hp_gain":0,"max_hp_loss":0,"event_name":"Golden Wing","floor":4,"gold_loss":0},{"damage_healed":0,"gold_gain":0,"player_choice":"Donut","damage_taken":0,"max_hp_gain":5,"max_hp_loss":0,"event_name":"Big Fish","floor":8,"gold_loss":0}],"is_beta":false,"boss_relics":[{"not_picked":["Snecko Eye","Velvet Choker"],"picked":"Runic Pyramid"}],"items_purged_floors":[12],"is_endless":false,"potions_floor_spawned":[1,3,5,16],"killed_by":"Shelled Parasite and Fungi","ascension_level":20}}