{"host":"d2gh6suihlstufn7","time":1614067358,"event":{"mods":["AchievementEnabler","BaseMod","Colored Map","Colored Powertips","Minty Spire (QoL Compilation)","Permanent Neow","Quick Restart","StSLib","SuperFastMode"],"gold_per_floor":[318,318,318,318,71,101,101,125,206,206,217,217,240,315,315,424,424,451,0,0,0],"floor_reached":20,"language":"KOR","playtime":376,"items_purged":[],"score":170,"play_id":"20c64b67-b007-4afa-8866-3082306faec8","local_time":"20210223170238","is_ascension_mode":false,"campfire_choices":[{"floor":7.0,"key":"RECALL"},{"data":"Armaments","floor":10.0,"key":"SMITH"},{"data":"Bash","floor":12.0,"key":"SMITH"},{"data":"Evolve","floor":15.0,"key":"SMITH"}],"circlet_count":0,"master_deck":["Strike_R","Strike_R","Strike_R","Strike_R","Strike_R","Defend_R","Defend_R","Defend_R","Defend_R","Bash+1","Wild Strike+1","Armaments+1","Evolve+1","Juggernaut","Wild Strike+1"],"relics":["Black Blood","Old Coin","Thread and Needle","Molten Egg 2","CeramicFish","Toxic Egg 2"],"acts_visited":["Exordium","TheCity"],"potions_floor_usage":[16],"damage_taken":[{"damage":13.0,"enemies":"2 Louse","floor":1.0,"turns":4.0},{"damage":24.0,"enemies":"Lagavulin","floor":6.0,"turns":5.0},{"damage":0.0,"enemies":"Jaw Worm","floor":8.0,"turns":3.0},{"damage":0.0,"enemies":"Small Slimes","floor":11.0,"turns":3.0},{"damage":9.0,"enemies":"2 Fungi Beasts","floor":13.0,"turns":3.0},{"damage":18,"enemies":"Hexaghost","floor":16,"turns":9},{"damage":27,"enemies":"2 Thieves","floor":18,"turns":5},{"damage":26,"enemies":"3 Byrds","floor":20,"turns":5}],"seed_played":"-3680232963931963066","potions_obtained":[{"floor":6.0,"key":"PowerPotion"},{"floor":11.0,"key":"Fruit Juice"},{"floor":13.0,"key":"ElixirPotion"},{"floor":18,"key":"SkillPotion"}],"is_trial":false,"path_per_floor":["M","?","?","?","$","E","R","M","T","R","M","R","M","?","R","B",null,"M","?","M"],"character_chosen":"IRONCLAD","items_purchased":["Molten Egg 2"],"campfire_rested":0,"item_purchase_floors":[5],"current_hp_per_floor":[73,73,61,61,61,43,43,49,49,49,60,60,57,46,46,34,85,70,70,44,44],"gold":0,"neow_bonus":"ONE_RARE_RELIC","is_daily":false,"chose_seed":false,"campfire_upgraded":3,"win_rate":0.0,"timestamp":1614067358,"path_taken":["M","?","?","?","$","E","R","?","T","R","M","R","M","?","R","BOSS","M","?","M"],"items_purchased_type":["Relic"],"build_version":"2020-12-22","purchased_purges":0,"victory":false,"max_hp_per_floor":[80,80,80,80,80,80,80,80,80,80,85,85,85,85,85,85,85,85,85,85,85],"card_choices":[{"not_picked":["Heavy Blade","Power Through"],"picked":"Wild Strike","floor":1.0},{"not_picked":["Dropkick+1","True Grit","Bludgeon+1"],"picked":"SKIP","floor":6.0},{"not_picked":["Combust","Iron Wave+1"],"picked":"Armaments","floor":8.0},{"not_picked":["Disarm+1","Thunderclap+1","Cleave+1"],"picked":"SKIP","floor":11.0},{"not_picked":["Sentinel+1","Clothesline+1"],"picked":"Evolve","floor":13.0},{"not_picked":["Barricade","Limit Break+1"],"picked":"Juggernaut","floor":16},{"not_picked":["Flex+1","Warcry+1"],"picked":"Wild Strike+1","floor":18}],"player_experience":165181,"relics_obtained":[{"floor":6.0,"key":"CeramicFish"},{"floor":9.0,"key":"Toxic Egg 2"}],"event_choices":[{"damage_healed":0.0,"max_hp_gain":0.0,"max_hp_loss":0.0,"gold_gain":0.0,"event_name":"The Cleric","player_choice":"Leave","floor":2.0,"gold_loss":0.0,"damage_taken":0.0},{"damage_healed":0.0,"max_hp_gain":0.0,"max_hp_loss":0.0,"gold_gain":0.0,"event_name":"Scrap Ooze","player_choice":"Success","floor":3.0,"gold_loss":0.0,"damage_taken":12.0,"relics_obtained":["Thread and Needle"]},{"damage_healed":0.0,"max_hp_gain":0.0,"max_hp_loss":0.0,"gold_gain":0.0,"event_name":"Living Wall","player_choice":"Grow","floor":4.0,"gold_loss":0.0,"damage_taken":0.0,"cards_upgraded":["Wild Strike"]},{"damage_healed":0.0,"max_hp_gain":0.0,"max_hp_loss":0.0,"gold_gain":75.0,"event_name":"World of Goop","player_choice":"Gather Gold","floor":14.0,"gold_loss":0.0,"damage_taken":11.0},{"damage_healed":0,"gold_gain":0,"player_choice":"Paid Fearfully","damage_taken":0,"max_hp_gain":0,"max_hp_loss":0,"event_name":"Masked Bandits","floor":19,"gold_loss":451}],"is_beta":false,"boss_relics":[{"not_picked":["Fusion Hammer","Runic Pyramid"],"picked":"Black Blood"}],"items_purged_floors":[],"is_endless":false,"potions_floor_spawned":[6,11,13,18],"killed_by":"3 Byrds","ascension_level":0}}