{"host":"7hek758ba7rrttw2","time":1614085529,"event":{"mods":["BaseMod","Minty Spire (QoL Compilation)","Weighted Paths"],"gold_per_floor":[118,137,153,173,192,221,235,261,330,341,341,354,379,393,393,489,489,505,505,505,505,505,505,525,525,570,570,570,244,244,257,257,354,354,366,378,390,252,266,300,300,331,401,412,438,438,469,486,486,486,486,486,42,76,76,76],"floor_reached":55,"language":"ENG","playtime":3179,"items_purged":["Strike_P","Strike_P"],"score":1019,"play_id":"387808c3-9e95-47f4-9be3-dcaf5caca3e2","local_time":"20210223140529","is_ascension_mode":true,"campfire_choices":[{"data":"Eruption","floor":11.0,"key":"SMITH"},{"data":"DevaForm","floor":15.0,"key":"SMITH"},{"data":"Ragnarok","floor":23.0,"key":"SMITH"},{"data":"Consecrate","floor":25.0,"key":"SMITH"},{"data":"Halt","floor":28.0,"key":"SMITH"},{"data":"Wallop","floor":30.0,"key":"SMITH"},{"data":"Wallop","floor":32.0,"key":"SMITH"},{"floor":41.0,"key":"REST"},{"data":"WaveOfTheHand","floor":46.0,"key":"SMITH"},{"floor":49,"key":"RECALL"},{"data":"Vigilance","floor":52,"key":"SMITH"}],"circlet_count":0,"master_deck":["Strike_P+1","Strike_P+1","Defend_P","Defend_P","Defend_P","Defend_P","Eruption+1","Vigilance+1","Consecrate+1","Wallop+1","Halt+1","DevaForm+1","Wallop+1","Ragnarok+1","FollowUp+1","WaveOfTheHand+1"],"relics":["Runic Pyramid","Bronze Scales","Pen Nib","Gremlin Horn","Ornamental Fan","Busted Crown","CloakClasp","Letter Opener","ClockworkSouvenir","Black Star","Centennial Puzzle","TeardropLocket","Incense Burner","Whetstone","Bottled Lightning","Torii","White Beast Statue","Oddly Smooth Stone","Mummified Hand","Bottled Tornado","HandDrill","Blue Candle","Lantern"],"acts_visited":["Exordium","TheCity","TheBeyond","TheEnding"],"potions_floor_usage":[50,50,50,55,55],"damage_taken":[{"damage":0.0,"enemies":"Small Slimes","floor":1.0,"turns":3.0},{"damage":0.0,"enemies":"Jaw Worm","floor":2.0,"turns":3.0},{"damage":0.0,"enemies":"2 Louse","floor":3.0,"turns":2.0},{"damage":1.0,"enemies":"Looter","floor":4.0,"turns":3.0},{"damage":0.0,"enemies":"Blue Slaver","floor":5.0,"turns":8.0},{"damage":14.0,"enemies":"3 Sentries","floor":6.0,"turns":6.0},{"damage":12.0,"enemies":"Gremlin Gang","floor":7.0,"turns":3.0},{"damage":2.0,"enemies":"Gremlin Nob","floor":8.0,"turns":3.0},{"damage":0.0,"enemies":"Lots of Slimes","floor":10.0,"turns":1.0},{"damage":4.0,"enemies":"Looter","floor":12.0,"turns":2.0},{"damage":14.0,"enemies":"3 Sentries","floor":13.0,"turns":6.0},{"damage":0.0,"enemies":"Blue Slaver","floor":14.0,"turns":2.0},{"damage":12.0,"enemies":"Hexaghost","floor":16.0,"turns":7.0},{"damage":4.0,"enemies":"3 Byrds","floor":18.0,"turns":3.0},{"damage":3.0,"enemies":"Shell Parasite","floor":24.0,"turns":2.0},{"damage":0.0,"enemies":"Chosen and Byrds","floor":31.0,"turns":3.0},{"damage":0.0,"enemies":"Automaton","floor":33.0,"turns":5.0},{"damage":0.0,"enemies":"3 Darklings","floor":35.0,"turns":2.0},{"damage":1.0,"enemies":"Orb Walker","floor":36.0,"turns":3.0},{"damage":25.0,"enemies":"Jaw Worm Horde","floor":37.0,"turns":4.0},{"damage":38.0,"enemies":"Transient","floor":39.0,"turns":5.0},{"damage":0.0,"enemies":"Reptomancer","floor":40.0,"turns":4.0},{"damage":0.0,"enemies":"Giant Head","floor":42.0,"turns":7.0},{"damage":0.0,"enemies":"Maw","floor":44.0,"turns":5.0},{"damage":0.0,"enemies":"Reptomancer","floor":45.0,"turns":3.0},{"damage":17,"enemies":"Nemesis","floor":47,"turns":7},{"damage":1,"enemies":"Jaw Worm Horde","floor":48,"turns":2},{"damage":14,"enemies":"Awakened One","floor":50,"turns":8},{"damage":28,"enemies":"Shield and Spear","floor":54,"turns":3},{"damage":59,"enemies":"The Heart","floor":55,"turns":12}],"seed_played":"-2724832209833111651","potions_obtained":[{"floor":1.0,"key":"SpeedPotion"},{"floor":2.0,"key":"Dexterity Potion"},{"floor":5.0,"key":"StancePotion"},{"floor":6.0,"key":"EntropicBrew"},{"floor":7.0,"key":"Block Potion"},{"floor":16.0,"key":"AttackPotion"},{"floor":18.0,"key":"ColorlessPotion"},{"floor":31.0,"key":"LiquidMemories"},{"floor":35.0,"key":"SneckoOil"},{"floor":36.0,"key":"StancePotion"},{"floor":42.0,"key":"Ancient Potion"},{"floor":47,"key":"BlessingOfTheForge"},{"floor":48,"key":"AttackPotion"},{"floor":54,"key":"ColorlessPotion"}],"is_trial":false,"path_per_floor":["M","M","M","M","M","E","M","E","T","M","R","M","E","M","R","B",null,"M","?","?","?","T","R","M","R","T","?","R","$","R","M","R","B",null,"M","M","M","$","M","E","R","E","T","M","E","R","E","M","R","B",null,"R","$","E","B"],"character_chosen":"WATCHER","items_purchased":["ClockworkSouvenir","Fruit Juice","WaveOfTheHand","Bottled Tornado","HandDrill","SpeedPotion"],"campfire_rested":1,"item_purchase_floors":[29,29,38,53,53,53],"current_hp_per_floor":[72,72,72,71,71,57,45,43,43,43,43,39,25,25,25,13,72,68,55,55,55,55,55,52,52,52,52,52,52,52,52,52,52,77,77,81,56,56,18,18,42,42,42,42,42,42,25,24,24,10,82,82,82,54,0,0],"gold":76,"neow_bonus":"BOSS_RELIC","is_daily":false,"chose_seed":false,"campfire_upgraded":9,"win_rate":0.0,"timestamp":1614085529,"path_taken":["M","M","M","M","M","E","M","E","T","M","R","M","E","M","R","BOSS","M","?","?","?","?","R","?","R","T","?","R","$","R","M","R","BOSS","M","M","M","$","?","E","R","E","T","?","E","R","E","M","R","BOSS","R","$","E","BOSS"],"items_purchased_type":["Relic","Potion","Card","Relic","Relic","Potion"],"build_version":"2020-12-22","purchased_purges":2,"victory":false,"max_hp_per_floor":[72,72,72,72,72,72,72,72,72,72,72,72,72,72,72,72,72,72,77,77,77,77,77,77,77,77,77,77,77,77,77,77,77,77,77,82,82,82,82,82,82,82,82,82,82,82,82,82,82,82,82,82,82,82,82,82],"card_choices":[{"not_picked":["Adaptation","Protect","Sanctity"],"picked":"SKIP","floor":1.0},{"not_picked":["Nirvana","CrushJoints"],"picked":"Consecrate","floor":2.0},{"not_picked":["EmptyMind","MentalFortress","Sanctity"],"picked":"SKIP","floor":3.0},{"not_picked":["BowlingBash","SashWhip","Weave"],"picked":"SKIP","floor":4.0},{"not_picked":["Protect","CrushJoints","ForeignInfluence"],"picked":"SKIP","floor":5.0},{"not_picked":["Weave","SignatureMove"],"picked":"Wallop","floor":6.0},{"not_picked":["Consecrate","Crescendo"],"picked":"Halt","floor":7.0},{"not_picked":["Prostrate","WheelKick","EmptyFist"],"picked":"SKIP","floor":8.0},{"not_picked":["FlurryOfBlows","Wireheading","Weave"],"picked":"SKIP","floor":10.0},{"not_picked":["Sanctity","Protect"],"picked":"DevaForm","floor":12.0},{"not_picked":["Sanctity","Conclude"],"picked":"Wallop","floor":13.0},{"not_picked":["Weave","Protect","Prostrate"],"picked":"SKIP","floor":14.0},{"not_picked":["ConjureBlade","DevaForm"],"picked":"Ragnarok","floor":16.0},{"not_picked":[],"picked":"FollowUp+1","floor":18.0},{"not_picked":["EmptyFist"],"picked":"SKIP","floor":24.0},{"not_picked":["EmptyMind+1"],"picked":"SKIP","floor":31.0},{"not_picked":["Crescendo"],"picked":"SKIP","floor":35.0},{"not_picked":["Protect"],"picked":"SKIP","floor":36.0},{"not_picked":["BattleHymn"],"picked":"SKIP","floor":37.0},{"not_picked":["WaveOfTheHand"],"picked":"SKIP","floor":39.0},{"not_picked":["JustLucky+1"],"picked":"SKIP","floor":40.0},{"not_picked":["FlurryOfBlows"],"picked":"SKIP","floor":42.0},{"not_picked":["SandsOfTime"],"picked":"SKIP","floor":44.0},{"not_picked":["Protect"],"picked":"SKIP","floor":45.0},{"not_picked":["WaveOfTheHand"],"picked":"SKIP","floor":47},{"not_picked":["Halt"],"picked":"SKIP","floor":48},{"not_picked":["Pray"],"picked":"SKIP","floor":54}],"player_experience":380442,"relics_obtained":[{"floor":6.0,"key":"Bronze Scales"},{"floor":8.0,"key":"Pen Nib"},{"floor":9.0,"key":"Gremlin Horn"},{"floor":13.0,"key":"Ornamental Fan"},{"floor":22.0,"key":"Letter Opener"},{"floor":40.0,"key":"Centennial Puzzle"},{"floor":40.0,"key":"TeardropLocket"},{"floor":42.0,"key":"Incense Burner"},{"floor":42.0,"key":"Whetstone"},{"floor":43.0,"key":"Bottled Lightning"},{"floor":45.0,"key":"Torii"},{"floor":45.0,"key":"White Beast Statue"},{"floor":47,"key":"Oddly Smooth Stone"},{"floor":47,"key":"Mummified Hand"},{"floor":54,"key":"Blue Candle"},{"floor":54,"key":"Lantern"}],"event_choices":[{"damage_healed":0.0,"max_hp_gain":5.0,"max_hp_loss":0.0,"gold_gain":0.0,"event_name":"Forgotten Altar","player_choice":"Shed Blood","floor":19.0,"gold_loss":0.0,"damage_taken":18.0},{"damage_healed":0.0,"max_hp_gain":0.0,"max_hp_loss":0.0,"gold_gain":0.0,"event_name":"Vampires","player_choice":"Ignored","floor":20.0,"gold_loss":0.0,"damage_taken":0.0},{"damage_healed":0.0,"max_hp_gain":0.0,"max_hp_loss":0.0,"gold_gain":0.0,"event_name":"The Mausoleum","player_choice":"Opened","floor":21.0,"gold_loss":0.0,"damage_taken":0.0,"relics_obtained":["CloakClasp"],"cards_obtained":["Writhe"]},{"cards_removed":["Writhe"],"damage_healed":0.0,"max_hp_gain":0.0,"max_hp_loss":0.0,"gold_gain":0.0,"event_name":"Fountain of Cleansing","player_choice":"Removed Curses","floor":27.0,"gold_loss":0.0,"damage_taken":0.0}],"is_beta":false,"boss_relics":[{"not_picked":["Velvet Choker","Ectoplasm"],"picked":"Busted Crown"},{"not_picked":["Runic Dome","Cursed Key"],"picked":"Black Star"}],"items_purged_floors":[29,38],"is_endless":false,"potions_floor_spawned":[1,2,5,6,7,16,18,31,35,36,42,47,48,54],"killed_by":"The Heart","ascension_level":3}}