{"host":"yawnmhdh5u4s0p8o","time":1614048197,"event":{"mods":["AchievementEnabler","BaseMod","BetterRewards","Colored Powertips","Downfall","Friendly Minions","GifTheSpireLib","Minty Spire (QoL Compilation)","Replay The Spire","StSLib","The Hierophant","The Mystic","The Necromancer"],"gold_per_floor":[99,114,46,56,1,1,1,21,47,47,64,78,78,78,97,547,565,666,716,716,745,777,789,268,286,310,322,322,322,322,322],"floor_reached":29,"language":"ENG","playtime":3155,"items_purged":[],"score":262,"play_id":"45a0c5a9-71fa-4f22-a45e-1d433d5e8d87","local_time":"20210223134317","is_ascension_mode":false,"campfire_choices":[{"floor":1.0,"key":"RECALL"},{"data":"Guardian:CurlUp","floor":10.0,"key":"SMITH"},{"floor":14.0,"key":"REST"},{"floor":20.0,"key":"DIG"},{"floor":28.0,"key":"REST"}],"circlet_count":0,"master_deck":["Guardian:Defend_Guardian","Guardian:Defend_Guardian","Guardian:Defend_Guardian","Guardian:Defend_Guardian","Guardian:CurlUp+1","Guardian:TwinSlam","Guardian:StasisStrike+1","Guardian:PiercingHide","Guardian:RollAttack","Guardian:HyperBeam_Guardian","Guardian:ShieldCharger","Guardian:ShieldCharger","Guardian:Harden","Guardian:Recover","Guardian:CrystalBeam+1","downfall:Icky","downfall:Icky","downfall:Icky","Guardian:ConstructionForm","Guardian:FloatingOrbs","Guardian:Gem_Cyan","Bite","Bite","Bite","Bite","Bite","Guardian:StasisField","Guardian:TimeSifter","Guardian:TimeBomb","Guardian:Repulse+1","Guardian:TemporalShield+1","Guardian:TemporalShield+1"],"relics":["Guardian:ModeShifter","Tiny House","MawBank","Medical Kit","Dream Catcher","Pet Ghost"],"acts_visited":[],"potions_floor_usage":[],"damage_taken":[{"damage":1.0,"enemies":"Cultist","floor":2.0,"turns":4.0},{"damage":10.0,"enemies":"downfall:FleeingMerchant","floor":3.0,"turns":4.0},{"damage":1.0,"enemies":"2 Louse","floor":4.0,"turns":3.0},{"damage":3.0,"enemies":"downfall:FleeingMerchant","floor":5.0,"turns":4.0},{"damage":0.0,"enemies":"Jaw Worm","floor":8.0,"turns":4.0},{"damage":16.0,"enemies":"Large Slime","floor":11.0,"turns":6.0},{"damage":6.0,"enemies":"3 Louse","floor":12.0,"turns":3.0},{"damage":10.0,"enemies":"downfall:LooterAlt","floor":15.0,"turns":3.0},{"damage":0.0,"enemies":"Lots of Slimes","floor":17.0,"turns":1.0},{"damage":20.0,"enemies":"SI_SHIV_ARCHETYPE","floor":18.0,"turns":12.0},{"damage":3.0,"enemies":"Chosen","floor":21.0,"turns":7.0},{"damage":15.0,"enemies":"3 Byrds","floor":22.0,"turns":5.0},{"damage":15.0,"enemies":"downfall:FleeingMerchant","floor":24.0,"turns":4.0},{"damage":27.0,"enemies":"Shelled Parasite and Fungi","floor":25.0,"turns":9.0},{"damage":29.0,"enemies":"Snake Plant","floor":27.0,"turns":8.0},{"damage":13.0,"enemies":"theDuelist:KaibaA2","floor":29.0,"turns":12.0}],"seed_played":"-8309849384569100809","potions_obtained":[{"floor":4.0,"key":"Fruit Juice"},{"floor":11.0,"key":"Adrenaline Potion"},{"floor":12.0,"key":"Explosive Potion"},{"floor":15.0,"key":"PowerPotion"}],"is_trial":false,"path_per_floor":["R","M","$","M","$","PTL","PTL","M","T","R","M","M","?","R","M","?","M","B",null,"R","M","M","?","$","M","T","M","R","E"],"character_chosen":"GUARDIAN","items_purchased":["Guardian:PiercingHide","Guardian:ShieldCharger","Guardian:TimeSifter","Guardian:TimeBomb","Medical Kit","Dream Catcher"],"campfire_rested":2,"item_purchase_floors":[3,5,24,24,24,24],"current_hp_per_floor":[88,87,77,76,78,78,78,78,78,78,62,56,56,83,73,73,73,53,98,98,95,80,68,55,38,38,17,37,32,32,32],"gold":322,"neow_bonus":"TEN_PERCENT_HP_BONUS","is_daily":false,"chose_seed":false,"campfire_upgraded":1,"win_rate":0.0,"timestamp":1614048197,"path_taken":["R","M","?","M","?","PTL","PTL","M","T","R","M","M","?","R","?","?","M","BOSS","R","M","M","?","$","M","T","M","R","E"],"items_purchased_type":["Card","Card","Card","Card","Relic","Relic"],"build_version":"2020-12-22","purchased_purges":0,"victory":false,"max_hp_per_floor":[88,88,88,88,93,93,93,93,93,93,93,93,93,93,93,93,93,93,98,98,98,98,68,68,68,68,68,68,68,68,68],"card_choices":[{"not_picked":["Guardian:ShieldCharger","Guardian:PrismaticBarrier"],"picked":"Guardian:Gem_Red","floor":2.0},{"not_picked":["Guardian:Planning","Guardian:Gem_Lightblue"],"picked":"Guardian:StasisStrike","floor":3.0},{"not_picked":["Guardian:TimeCapacitor","Guardian:Planning"],"picked":"Guardian:RollAttack","floor":4.0},{"not_picked":["Guardian:CrystalBeam","Guardian:Recover"],"picked":"Guardian:HyperBeam_Guardian","floor":5.0},{"not_picked":["Guardian:ShieldCharger","Guardian:RollAttack"],"picked":"Guardian:Harden","floor":8.0},{"not_picked":["Guardian:Suspension","Guardian:Gem_Lightblue"],"picked":"Guardian:Gem_Blue","floor":11.0},{"not_picked":["Guardian:VentSteam","Guardian:PrimingBeam"],"picked":"Guardian:Recover","floor":12.0},{"not_picked":["Guardian:RollAttack","Guardian:VentSteam"],"picked":"Guardian:CrystalBeam","floor":15.0},{"not_picked":["Guardian:Gem_Green","Guardian:ShieldCharger"],"picked":"Guardian:Gem_Purple","floor":17.0},{"not_picked":["Guardian:HyperBeam_Guardian","Guardian:RevengeProtocol"],"picked":"Guardian:ConstructionForm","floor":18.0},{"not_picked":["Guardian:Recover","Guardian:Suspension"],"picked":"Guardian:Gem_Green","floor":19.0},{"not_picked":["Guardian:ShieldCharger","Guardian:Reroute"],"picked":"Guardian:FloatingOrbs","floor":21.0},{"not_picked":["Guardian:Preprogram+1","Guardian:TemporalStrike+1"],"picked":"Guardian:Gem_Cyan","floor":22.0},{"not_picked":["Guardian:Gem_Fragmented","Guardian:RollAttack"],"picked":"Guardian:StasisField","floor":24.0},{"not_picked":["Guardian:Incinerate","Guardian:Gem_Fragmented"],"picked":"Guardian:Repulse+1","floor":25.0},{"not_picked":["Guardian:Planning","Guardian:ShieldCharger"],"picked":"Guardian:TemporalShield+1","floor":27.0},{"not_picked":["Guardian:Gem_Cyan","Guardian:PrismaticBeam"],"picked":"Guardian:TemporalShield+1","floor":28.0}],"player_experience":47537,"relics_obtained":[{"floor":20.0,"key":"MawBank"},{"floor":26.0,"key":"Pet Ghost"}],"event_choices":[{"damage_healed":0.0,"max_hp_gain":0.0,"max_hp_loss":30.0,"gold_gain":0.0,"event_name":"Vampires","player_choice":"Became a vampire","floor":23.0,"gold_loss":0.0,"damage_taken":0.0,"cards_obtained":["Bite","Bite","Bite","Bite","Bite"]}],"is_beta":false,"boss_relics":[{"not_picked":["Guardian:StasisSlotReductionRelic","Snecko Eye"],"picked":"Tiny House"}],"items_purged_floors":[],"is_endless":false,"potions_floor_spawned":[4,11,12,15,17,18,21,25,29],"killed_by":"theDuelist:KaibaA2","ascension_level":0}}