{"host":"me7pax5d7uwssv6n","time":1614066486,"event":{"mods":["Act Like it!","BaseMod","Gensokyo","Minty Spire (QoL Compilation)","Replay The Spire","StSLib","The Administrix","The Construct"],"gold_per_floor":[110,110,110,130,140,140,140,175,175,175,188,188,178,207,207,303,303,316,332,332,342,342,342,342,102,102,130,130,165,165,176,176,281,281,298,309,309,309,326,361,361,378,378,378,378,378],"floor_reached":45,"language":"ENG","playtime":5061,"items_purged":[],"score":491,"play_id":"a90f7076-cb53-40b9-b023-2616ae8a1ef4","local_time":"20210223154806","is_ascension_mode":false,"campfire_choices":[{"data":"construct:MemoryTap","floor":6,"key":"SMITH"},{"data":"construct:Bunker","floor":10,"key":"SMITH"},{"data":"construct:LaserCore","floor":12,"key":"SMITH"},{"data":"construct:Construct_Overclock","floor":15,"key":"SMITH"},{"data":"construct:CripplingShot","floor":23,"key":"SMITH"},{"data":"construct:GuardCore","floor":32,"key":"SMITH"},{"floor":41,"key":"RECALL"},{"data":"construct:ForceCore","floor":44,"key":"SMITH"}],"circlet_count":0,"master_deck":["construct:Strike_Gold","construct:Strike_Gold","construct:Strike_Gold","construct:Strike_Gold","construct:Defend_Gold","construct:Defend_Gold","construct:Defend_Gold","construct:Defend_Gold","construct:Defend_Gold","construct:AttackMode","construct:DefenseMode","construct:LaserCore+1","construct:MemoryTap+1","construct:CripplingShot+1","construct:Bunker+1","construct:Boost","construct:ForceCore+1","construct:Construct_Overclock+1","construct:ScrapCannon+1","construct:Autoturret","construct:Chainstrike+1","construct:GuardCore+1","construct:PanicFire+1","construct:Synchronize+1"],"relics":["NeowsBlessing","Replay:Antivirus Software","Snack Pack","Oddly Smooth Stone","Philosopher\u0027s Stone","Bag of Marbles","Kunai","Molten Egg 2","Gremlin Horn","Frozen Egg 2","Replay:Accelerometer","Sozu","ReplayTheSpireMod:Lightbulb","Prayer Wheel"],"acts_visited":["Exordium","TheCity","TheBeyond"],"potions_floor_usage":[8,27,29,33,45],"damage_taken":[{"damage":0,"enemies":"Small Slimes","floor":1,"turns":1},{"damage":0,"enemies":"Cultist","floor":4,"turns":1},{"damage":0,"enemies":"2 Louse","floor":5,"turns":1},{"damage":22,"enemies":"Gremlin Nob","floor":8,"turns":4},{"damage":7,"enemies":"Gremlin Gang","floor":11,"turns":4},{"damage":8,"enemies":"Exordium Thugs","floor":13,"turns":5},{"damage":10,"enemies":"Lagavulin","floor":14,"turns":8},{"damage":8,"enemies":"Hexaghost","floor":16,"turns":12},{"damage":27,"enemies":"2 Thieves","floor":18,"turns":4},{"damage":14,"enemies":"Spheric Guardian","floor":19,"turns":4},{"damage":0,"enemies":"Snecko","floor":21,"turns":4},{"damage":17,"enemies":"Book of Stabbing","floor":27,"turns":7},{"damage":38,"enemies":"Slavers","floor":29,"turns":5},{"damage":13,"enemies":"Snake Plant","floor":31,"turns":5},{"damage":41,"enemies":"Automaton","floor":33,"turns":13},{"damage":17,"enemies":"3 Darklings","floor":35,"turns":6},{"damage":8,"enemies":"Orb Walker","floor":36,"turns":5},{"damage":19,"enemies":"Transient","floor":39,"turns":5},{"damage":22,"enemies":"Giant Head","floor":40,"turns":12},{"damage":29,"enemies":"4 Shapes","floor":42,"turns":5},{"damage":54,"enemies":"Reptomancer","floor":45,"turns":2}],"seed_played":"-5855808615696876369","potions_obtained":[{"floor":1,"key":"SkillPotion"},{"floor":5,"key":"LiquidMemories"},{"floor":16,"key":"LiquidBronze"},{"floor":27,"key":"Explosive Potion"},{"floor":29,"key":"Weak Potion"},{"floor":31,"key":"LifebloodPotion"},{"floor":33,"key":"Milkshake"}],"is_trial":false,"path_per_floor":["M","$","?","M","M","R","?","E","T","R","M","R","M","E","R","B",null,"M","M","?","M","T","R","?","$","T","E","?","E","$","M","R","B",null,"M","M","?","?","M","E","R","M","T","R","E"],"character_chosen":"THE_CONSTRUCT_MOD","items_purchased":["Kunai"],"campfire_rested":0,"item_purchase_floors":[25],"current_hp_per_floor":[85,85,85,85,85,85,85,63,63,63,58,58,54,48,48,48,85,62,52,95,95,95,95,95,95,95,84,84,50,50,41,41,18,95,82,74,74,74,61,55,55,46,46,46,0,0],"gold":378,"neow_bonus":"THREE_ENEMY_KILL","is_daily":false,"chose_seed":false,"campfire_upgraded":7,"win_rate":0.0,"timestamp":1614066486,"path_taken":["M","$","?","M","?","R","?","E","T","R","M","R","M","E","R","BOSS","M","M","?","?","?","R","?","$","T","E","?","E","$","?","R","BOSS","M","M","?","?","M","E","R","?","T","R","E"],"items_purchased_type":["Relic"],"build_version":"2020-12-22","purchased_purges":0,"victory":false,"max_hp_per_floor":[85,85,85,85,85,85,85,85,85,85,85,85,85,85,85,85,85,85,85,95,95,95,95,95,95,95,95,95,95,95,95,95,95,95,95,95,95,95,95,95,95,95,95,95,95,95],"card_choices":[{"not_picked":["construct:Failsafe","construct:ScrapCannon"],"picked":"construct:LaserCore","floor":1},{"not_picked":["construct:SuppressiveFire","construct:SaveState"],"picked":"construct:CripplingShot","floor":4},{"not_picked":["construct:Reinforce","construct:SaveState"],"picked":"construct:Bunker","floor":5},{"not_picked":["construct:CriticalHit","construct:Anticipate"],"picked":"construct:Boost","floor":8},{"not_picked":["construct:Forcefield","construct:Versatility","construct:Reinforce"],"picked":"SKIP","floor":11},{"not_picked":["construct:Boost","construct:Versatility"],"picked":"construct:ForceCore","floor":13},{"not_picked":["construct:Versatility","construct:Analyze"],"picked":"construct:Construct_Overclock","floor":14},{"not_picked":["construct:HastyRepair","construct:LongRangeLance"],"picked":"construct:Reserves","floor":16},{"not_picked":["construct:Versatility+1","construct:Analyze","construct:ChargeShot"],"picked":"SKIP","floor":18},{"not_picked":["construct:LaserCore","construct:FierceBash"],"picked":"construct:ScrapCannon+1","floor":19},{"not_picked":["construct:ClusterMines","construct:Analyze","construct:Versatility"],"picked":"SKIP","floor":21},{"not_picked":["construct:Stasis","construct:BatteryAcid"],"picked":"construct:Chainstrike+1","floor":27},{"not_picked":["construct:CripplingShot+1","construct:ClusterMines+1","construct:Boost+1"],"picked":"SKIP","floor":29},{"not_picked":["construct:Autoturret+1","construct:FierceBash+1"],"picked":"construct:GuardCore","floor":31},{"not_picked":["construct:HyperBeam+1","construct:ShieldBurst+1"],"picked":"construct:PanicFire+1","floor":33},{"not_picked":["construct:GuardCore+1","construct:ReactiveShield+1","construct:CriticalHit+1"],"picked":"SKIP","floor":35},{"not_picked":["construct:ShiftStrike+1","construct:ChargeShot+1"],"picked":"construct:Synchronize+1","floor":36},{"not_picked":["construct:ClusterMines+1","construct:OmegaCannon+1","construct:SaveState"],"picked":"SKIP","floor":39},{"not_picked":["construct:ShiftStrike+1","construct:SyphonStrike+1","construct:Failsafe+1"],"picked":"SKIP","floor":40},{"not_picked":["construct:FierceBash+1","construct:HardReboot","construct:Stasis"],"picked":"SKIP","floor":42}],"player_experience":46337,"relics_obtained":[{"floor":8,"key":"Snack Pack"},{"floor":14,"key":"Oddly Smooth Stone"},{"floor":22,"key":"Bag of Marbles"},{"floor":26,"key":"Molten Egg 2"},{"floor":27,"key":"Gremlin Horn"},{"floor":29,"key":"Replay:Accelerometer"},{"floor":40,"key":"ReplayTheSpireMod:Lightbulb"},{"floor":43,"key":"Prayer Wheel"}],"event_choices":[{"damage_healed":0,"gold_gain":0,"player_choice":"1 cards matched","damage_taken":0,"max_hp_gain":0,"max_hp_loss":0,"event_name":"Match and Keep!","floor":3,"gold_loss":0,"cards_obtained":["construct:MemoryTap"]},{"cards_removed":["construct:Reserves"],"damage_healed":33,"gold_gain":0,"player_choice":"Offered Rare","damage_taken":0,"max_hp_gain":10,"max_hp_loss":0,"event_name":"Bonfire Elementals","floor":20,"gold_loss":0},{"damage_healed":0,"gold_gain":0,"player_choice":"Read","damage_taken":0,"max_hp_gain":0,"max_hp_loss":0,"event_name":"The Library","floor":24,"gold_loss":0,"cards_obtained":["construct:Autoturret"]},{"damage_healed":0,"gold_gain":0,"player_choice":"Gave Potion","damage_taken":0,"relics_obtained":["Frozen Egg 2"],"max_hp_gain":0,"max_hp_loss":0,"event_name":"WeMeetAgain","floor":28,"gold_loss":0},{"cards_removed":["construct:Strike_Gold"],"damage_healed":0,"gold_gain":0,"player_choice":"Removed Attack","damage_taken":0,"max_hp_gain":0,"max_hp_loss":0,"event_name":"Falling","floor":37,"gold_loss":0},{"damage_healed":0,"gold_gain":0,"player_choice":"Got Potions","damage_taken":0,"max_hp_gain":0,"max_hp_loss":0,"event_name":"Lab","floor":38,"gold_loss":0}],"is_beta":false,"boss_relics":[{"not_picked":["Runic Pyramid","Ring of Chaos"],"picked":"Philosopher\u0027s Stone"},{"not_picked":["construct:WeddingRing","SlaversCollar"],"picked":"Sozu"}],"items_purged_floors":[],"is_endless":false,"potions_floor_spawned":[1,5,16,27,29,31,33,35,39,42],"killed_by":"Reptomancer","ascension_level":0}}