{"host":"3tyeyqdkopu0dn2g","time":1614067313,"event":{"mods":["AchievementEnabler","BaseMod","Downfall","Minty Spire (QoL Compilation)","Quick Restart","Remove Card Discount Mod","StSLib"],"gold_per_floor":[300,82,82,92,104,11,64,74,93,122,122,182,182,165,185,283,283,283,302,319,419,434,502,502,382,432,445,445,465,465,477,487,487,487,487],"floor_reached":33,"language":"ZHS","playtime":2845,"items_purged":["bronze:Strike","bronze:Defend","bronze:Strike","bronze:Defend","bronze:Strike","bronze:Defend","bronze:Defend","bronze:Strike","bronze:CutThrough"],"score":276,"play_id":"798fab82-e4dd-4cbf-b741-0d84c95cac34","local_time":"20210223160153","is_ascension_mode":false,"campfire_choices":[{"data":"bronze:Replicate","floor":1,"key":"SMITH"},{"data":"bronze:Virus","floor":11,"key":"SMITH"},{"data":"bronze:BugBarrage","floor":13,"key":"SMITH"},{"data":"bronze:Assembly","floor":18,"key":"SMITH"},{"data":"bronze:Goto","floor":28,"key":"SMITH"}],"circlet_count":0,"master_deck":["bronze:Replicate+1","bronze:Goto+1","bronze:Overload","bronze:OilSpill","bronze:ItsAFeature","bronze:Shield","bronze:Explode","bronze:BugBarrage+1","bronze:Repair+1","bronze:Virus+1","bronze:Allocate+1","bronze:Optimize","bronze:WildBeam","bronze:Assembly+1","bronze:Boost","bronze:Branch","bronze:ChildClass+1","bronze:WhirlingStrike","expansioncontent:StudyTheSpire","bronze:Mutator"],"relics":["bronze:BronzeCore","Old Coin","Boot","White Beast Statue","War Paint","Runic Pyramid","downfall:CloakOfManyFaces","CultistMask","FaceOfCleric","NlothsMask","GremlinMask","SsserpentHead","Kunai"],"acts_visited":["Exordium","TheCity"],"potions_floor_usage":[16,25],"damage_taken":[{"damage":0,"enemies":"downfall:FleeingMerchant","floor":2,"turns":4},{"damage":0,"enemies":"downfall:FleeingMerchant","floor":3,"turns":4},{"damage":2,"enemies":"Cultist","floor":4,"turns":2},{"damage":0,"enemies":"2 Louse","floor":5,"turns":2},{"damage":8,"enemies":"downfall:FleeingMerchant","floor":6,"turns":4},{"damage":0,"enemies":"Small Slimes","floor":8,"turns":2},{"damage":0,"enemies":"Exordium Thugs","floor":9,"turns":2},{"damage":5,"enemies":"3 Sentries","floor":10,"turns":3},{"damage":18,"enemies":"3 Sentries","floor":12,"turns":3},{"damage":10,"enemies":"downfall:FleeingMerchant","floor":14,"turns":4},{"damage":0,"enemies":"3 Louse","floor":15,"turns":1},{"damage":4,"enemies":"SI_SHIV_ARCHETYPE","floor":16,"turns":4},{"damage":10,"enemies":"Spheric Guardian","floor":19,"turns":3},{"damage":8,"enemies":"Shell Parasite","floor":20,"turns":2},{"damage":24,"enemies":"downfall:FaceTrader","floor":21,"turns":4},{"damage":11,"enemies":"Snecko","floor":22,"turns":4},{"damage":0,"enemies":"Centurion and Healer","floor":23,"turns":4},{"damage":0,"enemies":"downfall:FleeingMerchant","floor":25,"turns":3},{"damage":16,"enemies":"Cultist and Chosen","floor":27,"turns":5},{"damage":2,"enemies":"Chosen and Byrds","floor":29,"turns":3},{"damage":22,"enemies":"Centurion and Healer","floor":31,"turns":4},{"damage":16,"enemies":"Snake Plant","floor":32,"turns":3},{"damage":53,"enemies":"WA_ARCHETYPE_CALM","floor":33,"turns":5}],"seed_played":"-1049944293596982642","potions_obtained":[{"floor":4,"key":"SteroidPotion"},{"floor":5,"key":"DuplicationPotion"},{"floor":9,"key":"SkillPotion"},{"floor":14,"key":"bronze:BuildAFunctionPotion"},{"floor":16,"key":"ColorlessPotion"},{"floor":23,"key":"Regen Potion"},{"floor":25,"key":"GamblersBrew"},{"floor":29,"key":"DuplicationPotion"}],"is_trial":false,"path_per_floor":["R","$","?","M","M","$","T","M","M","E","R","?","R","$","M","B",null,"R","M","M","?","M","M","T","$","?","M","R","M","$","M","M","B"],"character_chosen":"THE_AUTOMATON","items_purchased":["bronze:CutThrough","bronze:OilSpill","bronze:ItsAFeature","bronze:Shield","bronze:Allocate","Kunai","bronze:WhirlingStrike","expansioncontent:StudyTheSpire"],"campfire_rested":0,"item_purchase_floors":[2,2,2,2,6,25,25,25],"current_hp_per_floor":[70,70,70,68,70,66,66,66,70,70,70,52,52,52,52,58,70,70,70,62,48,48,59,59,73,73,58,58,67,67,46,31,0,0,0],"gold":487,"neow_bonus":"ONE_RARE_RELIC","is_daily":false,"chose_seed":false,"campfire_upgraded":5,"win_rate":0.0,"timestamp":1614067313,"path_taken":["R","$","?","M","M","$","T","M","M","E","R","?","R","$","M","BOSS","R","M","M","?","M","?","T","$","?","M","R","M","$","M","M","BOSS"],"items_purchased_type":["Card","Card","Card","Card","Card","Relic","Card","Card"],"build_version":"2020-12-22","purchased_purges":9,"victory":false,"max_hp_per_floor":[70,70,70,70,70,70,70,70,70,70,70,70,70,70,70,70,70,70,70,70,70,71,72,72,73,73,74,74,75,75,76,77,77,77,77],"card_choices":[{"not_picked":["bronze:BugBarrage","bronze:Deprecate"],"picked":"bronze:Overload","floor":2},{"not_picked":[],"picked":"bronze:Explode","floor":3},{"not_picked":["bronze:BuggyMess","bronze:Boost"],"picked":"bronze:BugBarrage","floor":3},{"not_picked":["bronze:Frontload","bronze:BronzeArmor"],"picked":"bronze:Repair","floor":4},{"not_picked":["bronze:BugBarrage","bronze:ChosenStrike","bronze:BuggyMess"],"picked":"SKIP","floor":5},{"not_picked":["bronze:OilSpill","bronze:DelayedGuard"],"picked":"bronze:Virus","floor":6},{"not_picked":["bronze:CutThrough","bronze:Flail","bronze:Invalidate"],"picked":"SKIP","floor":8},{"not_picked":["bronze:CutThrough","bronze:Overload"],"picked":"bronze:Optimize","floor":9},{"not_picked":["bronze:CutThrough","bronze:DarkDash"],"picked":"bronze:WildBeam","floor":10},{"not_picked":["bronze:OilSpill","bronze:HardenedForm","bronze:Shield"],"picked":"SKIP","floor":14},{"not_picked":["bronze:Iterate","bronze:DelayedGuard","bronze:ForLoop"],"picked":"SKIP","floor":15},{"not_picked":["bronze:RecursiveStrike","bronze:SpaghettiCode"],"picked":"bronze:Assembly","floor":16},{"not_picked":["bronze:Overheat+1","bronze:FineTuning","bronze:BugBarrage"],"picked":"SKIP","floor":19},{"not_picked":["bronze:BuggyMess","bronze:BugBarrage+1","bronze:BitShift"],"picked":"SKIP","floor":20},{"not_picked":["bronze:Frontload+1","bronze:FineTuning+1"],"picked":"bronze:Boost","floor":21},{"not_picked":["bronze:Safeguard","bronze:FineTuning+1","bronze:Branch"],"picked":"SKIP","floor":22},{"not_picked":["bronze:ItsAFeature","bronze:Iterate+1"],"picked":"bronze:Branch","floor":23},{"not_picked":["bronze:FineTuning+1","bronze:Iterate"],"picked":"bronze:ChildClass+1","floor":25},{"not_picked":["bronze:DarkDash","bronze:Branch","bronze:DelayedGuard"],"picked":"SKIP","floor":27},{"not_picked":["bronze:Frontload+1","bronze:WildBeam+1","bronze:Branch"],"picked":"SKIP","floor":29},{"not_picked":["bronze:OilSpill","bronze:WhirlingStrike"],"picked":"bronze:Mutator","floor":31},{"not_picked":["bronze:DelayedGuard+1","bronze:CloningBeam+1","bronze:BuggyMess"],"picked":"SKIP","floor":32}],"player_experience":368074,"relics_obtained":[{"floor":7,"key":"Boot"},{"floor":10,"key":"White Beast Statue"},{"floor":21,"key":"downfall:CloakOfManyFaces"}],"event_choices":[{"damage_healed":0,"gold_gain":0,"player_choice":"Ignored","damage_taken":0,"max_hp_gain":0,"max_hp_loss":0,"event_name":"Vampires","floor":26,"gold_loss":0}],"is_beta":false,"boss_relics":[{"not_picked":["Empty Cage","Pandora\u0027s Box"],"picked":"Runic Pyramid"}],"items_purged_floors":[2,2,2,2,2,2,2,2,14],"is_endless":false,"potions_floor_spawned":[4,5,9,10,12,14,15,16,19,20,21,22,23,25,27,29,31,32],"killed_by":"WA_ARCHETYPE_CALM","ascension_level":0}}