{"host":"pirkuvwza0ghvq8i","time":1614061419,"event":{"mods":["Aspiration","BaseMod","Colored Map","Colored Powertips","DeckTracker","Highlight Path","Hubris","Infinite Spire","Minty Spire (QoL Compilation)","Quick Restart","Random Character Button","Relic Sorter","Replay The Spire","StSLib","Synergy Search","The Cursed","The Disciple","The Jungle","The Runesmith"],"gold_per_floor":[119,139,139,139,156,156,169,180,180,180,197,208,51,51,51,148,148,133,133,149,149,167,167,182,182,230,230,243,243,243,143,143,243,243,258,272,289,101,101,101,111,126,150,150,150,150],"floor_reached":45,"language":"ENG","playtime":10642,"items_purged":["Strike_G","Defend_G","Strike_G"],"score":409,"play_id":"58a6103b-b5a9-4f82-b1b0-38a1d06bbc78","local_time":"20210222222339","is_ascension_mode":false,"campfire_choices":[{"data":"Blur","floor":6,"key":"SMITH"},{"data":"Cloak And Dagger","floor":10,"key":"SMITH"},{"data":"After Image","floor":15,"key":"SMITH"},{"data":"Venomology","floor":23,"key":"SMITH"},{"data":"Tools of the Trade","floor":25,"key":"SMITH"},{"floor":30,"key":"REST"},{"data":"Replay:Fractal Strike","floor":32,"key":"SMITH"},{"floor":40,"key":"REST"}],"circlet_count":0,"master_deck":["Strike_G","Strike_G","Strike_G","Defend_G","Defend_G","Defend_G","Defend_G","Survivor","Neutralize+1","Blade Dance","Blur+1","Cloak And Dagger+1","Terror+1","Skewer+1","Skewer","After Image+1","Infinite Blades","Venomology+1","PiercingWail","Blade Dance","Flying Knee","Tools of the Trade+1","Choke+1","Replay:Fractal Strike+1","Replay:Bag of Tricks","All Out Attack+1","Backstab","Outmaneuver+1","Madness","Madness","Predator+1"],"relics":["Ring of the Snake","NeowsBlessing","aspiration:RitualDagger","Nloth\u0027s Gift","Replay:Baseball","Philosopher\u0027s Stone","Gremlin Food","Anchor"],"acts_visited":["Exordium","TheCity","TheBeyond"],"potions_floor_usage":[16,16,16,18,18,20,22,33,33,35,35,36,36,37,41,45],"damage_taken":[{"damage":0,"enemies":"2 Louse","floor":1,"turns":1},{"damage":0,"enemies":"Small Slimes","floor":2,"turns":1},{"damage":0,"enemies":"Cultist","floor":5,"turns":1},{"damage":0,"enemies":"Blue Slaver","floor":7,"turns":4},{"damage":11,"enemies":"3 Louse","floor":8,"turns":6},{"damage":0,"enemies":"Exordium Wildlife","floor":11,"turns":3},{"damage":5,"enemies":"Lots of Slimes","floor":12,"turns":5},{"damage":10,"enemies":"Hexaghost","floor":16,"turns":10},{"damage":14,"enemies":"2 Thieves","floor":18,"turns":4},{"damage":18,"enemies":"3 Byrds","floor":20,"turns":6},{"damage":21,"enemies":"3 Cultists","floor":22,"turns":7},{"damage":30,"enemies":"Shelled Parasite and Fungi","floor":24,"turns":6},{"damage":27,"enemies":"Chosen and Byrds","floor":28,"turns":6},{"damage":52,"enemies":"hubris:MusketHawk","floor":33,"turns":7},{"damage":26,"enemies":"3 Shapes","floor":35,"turns":4},{"damage":20,"enemies":"3 Darklings","floor":36,"turns":6},{"damage":21,"enemies":"Maw","floor":37,"turns":5},{"damage":15,"enemies":"4 Shapes","floor":41,"turns":5},{"damage":55,"enemies":"Sphere and 2 Shapes","floor":42,"turns":6},{"damage":48,"enemies":"Writhing Mass","floor":45,"turns":3}],"seed_played":"5087219029809397773","potions_obtained":[{"floor":2,"key":"Poison Potion"},{"floor":7,"key":"FearPotion"},{"floor":12,"key":"Milkshake"},{"floor":16,"key":"Energy Potion"},{"floor":22,"key":"GamblersBrew"},{"floor":28,"key":"Reflective Coating"},{"floor":33,"key":"BlessingOfTheForge"},{"floor":35,"key":"CultistPotion"}],"is_trial":false,"path_per_floor":["M","M","?","?","M","R","M","M","T","R","M","M","$","?","R","B",null,"M","?","M","?","M","R","M","R","T","?","M","?","R","$","R","B",null,"M","M","M","$","?","R","M","M","T","AVR","M"],"character_chosen":"THE_SILENT","items_purchased":["Infinite Blades","Outmaneuver+1","Gremlin Food"],"campfire_rested":2,"item_purchase_floors":[13,38,38],"current_hp_per_floor":[70,70,70,70,70,70,70,59,59,59,59,54,54,54,54,44,70,56,56,38,38,17,17,70,70,70,70,60,44,65,65,65,46,70,56,47,59,59,50,70,68,24,24,24,0,0],"gold":150,"neow_bonus":"THREE_ENEMY_KILL","is_daily":false,"chose_seed":false,"campfire_upgraded":6,"win_rate":0.0,"timestamp":1614061419,"path_taken":["M","M","?","?","M","R","M","M","T","R","?","M","$","?","R","BOSS","M","?","M","?","?","R","M","R","T","?","M","?","R","$","R","BOSS","M","M","M","$","?","R","M","M","T","AVR","M"],"items_purchased_type":["Card","Card","Relic"],"build_version":"2020-12-22","purchased_purges":3,"victory":false,"max_hp_per_floor":[70,70,70,70,70,70,70,70,70,70,70,70,70,70,70,70,70,70,70,70,70,70,70,70,70,70,70,70,70,70,70,70,70,70,70,70,70,70,70,70,70,70,70,70,70,70],"card_choices":[{"not_picked":["Sneak Up","Quick Slash"],"picked":"Blade Dance","floor":1},{"not_picked":["Bane","Fluid Movement"],"picked":"Blur","floor":2},{"not_picked":["Dagger Spray","Deadly Poison"],"picked":"Cloak And Dagger","floor":5},{"not_picked":["Infinite Blades","Quick Slash"],"picked":"Terror","floor":7},{"not_picked":["Underhanded Strike","Bouncing Flask"],"picked":"Skewer","floor":8},{"not_picked":["Poisoned Stab","Cloak And Dagger"],"picked":"Skewer","floor":11},{"not_picked":["Hidden Blade","Reflex"],"picked":"After Image","floor":12},{"not_picked":["Poison Darts","A Thousand Cuts"],"picked":"Venomology","floor":16},{"not_picked":["Backflip","Dodge and Roll+1"],"picked":"PiercingWail","floor":18},{"not_picked":["Dodge and Roll","Cloak And Dagger"],"picked":"Blade Dance","floor":20},{"not_picked":["Bouncing Flask+1","Replay:Poison Smokescreen"],"picked":"Flying Knee","floor":22},{"not_picked":["Poisoned Stab","Cloak And Dagger+1"],"picked":"Tools of the Trade","floor":24},{"not_picked":["Hidden Blade","Well Laid Plans"],"picked":"Choke+1","floor":28},{"not_picked":["hubris:InfiniteBlow","ReplayTheSpireMod:Echoes of Time"],"picked":"Replay:Fractal Strike","floor":29},{"not_picked":["Atom Bomb","Glass Knife"],"picked":"Replay:Bag of Tricks","floor":33},{"not_picked":["Hidden Blade+1","Bane"],"picked":"All Out Attack+1","floor":35},{"not_picked":["Sucker Punch","Bane","Underhanded Strike"],"picked":"SKIP","floor":36},{"not_picked":["Quick Slash+1","Hidden Blade"],"picked":"Backstab","floor":37},{"not_picked":["Acrobatics+1","Backstab","Blade Dance"],"picked":"SKIP","floor":41},{"not_picked":["Riddle With Holes","Caltrops"],"picked":"Predator+1","floor":42}],"player_experience":101234,"relics_obtained":[{"floor":9,"key":"Matryoshka"},{"floor":26,"key":"Replay:Baseball"},{"floor":43,"key":"Anchor"}],"event_choices":[{"damage_healed":0,"gold_gain":0,"player_choice":"Ignored","damage_taken":0,"max_hp_gain":0,"max_hp_loss":0,"event_name":"Golden Wing","floor":3,"gold_loss":0},{"damage_healed":0,"gold_gain":0,"player_choice":"Bought 0 Potions","damage_taken":0,"max_hp_gain":0,"max_hp_loss":0,"event_name":"The Woman in Blue","floor":4,"gold_loss":0},{"damage_healed":0,"gold_gain":0,"player_choice":"Ignored","damage_taken":0,"max_hp_gain":0,"max_hp_loss":0,"event_name":"The Mausoleum","floor":19,"gold_loss":0},{"damage_healed":0,"gold_gain":0,"player_choice":"Traded Relic","damage_taken":0,"relics_obtained":["Nloth\u0027s Gift"],"max_hp_gain":0,"max_hp_loss":0,"event_name":"N\u0027loth","floor":21,"relics_lost":["Matryoshka"],"gold_loss":0},{"damage_healed":0,"gold_gain":0,"player_choice":"Embrace Madness","damage_taken":9,"max_hp_gain":0,"max_hp_loss":0,"event_name":"Winding Halls","floor":39,"gold_loss":0,"cards_obtained":["Madness","Madness"]}],"is_beta":false,"boss_relics":[{"not_picked":["Honey Jar","Snecko Scales"],"picked":"aspiration:RitualDagger"},{"not_picked":["Velvet Choker","Runesmith:UraniumAnvil"],"picked":"Philosopher\u0027s Stone"}],"items_purged_floors":[13,31,44],"is_endless":false,"potions_floor_spawned":[2,7,12,16,22,28,33,35],"killed_by":"Writhing Mass","ascension_level":0}}