{"host":"skr63qsdfgeey3it","time":1614057747,"event":{"mods":["BaseMod","Colored Map","Hubris","Minty Spire (QoL Compilation)","Monster B Gone","Reliquary","Replay The Spire","Spicy Shops","StSLib"],"gold_per_floor":[117,42,42,56,56,56,68,80,80,20,20,54,204,204,204,204,204],"floor_reached":16,"language":"ENG","playtime":364,"items_purged":["Hallucinations"],"score":172,"play_id":"3a43e9e0-983e-47f2-8bd5-2a259489f181","local_time":"20210222232227","is_ascension_mode":true,"campfire_choices":[{"data":"Zap","floor":6,"key":"SMITH"},{"floor":15,"key":"REST"}],"circlet_count":0,"master_deck":["AscendersBane","Redo+1","Strike_B","Strike_B","Strike_B","Defend_B","Defend_B","Defend_B","Defend_B","Zap+1","Dualcast","Rebound","Glacier","Compile Driver","Streamline","Blizzard","Double Energy","Fusion","Doubt"],"relics":["hubris:CrackedHourglass","CultistMask","reliquary:BoilingFlask","ReplayTheSpireMod:CursedCoin","reliquary:JackalopeAntler","reliquary:ExpiredCoupon"],"acts_visited":["Exordium"],"potions_floor_usage":[12,16],"damage_taken":[{"damage":3,"enemies":"2 Louse","floor":1,"turns":3},{"damage":0,"enemies":"Cultist","floor":4,"turns":3},{"damage":0,"enemies":"Small Slimes","floor":7,"turns":4},{"damage":6,"enemies":"Looter","floor":8,"turns":2},{"damage":14,"enemies":"Gremlin Nob","floor":12,"turns":5},{"damage":35,"enemies":"Slime Boss","floor":16,"turns":8}],"seed_played":"4579481400329358009","potions_obtained":[{"floor":7,"key":"Adrenaline Potion"},{"floor":8,"key":"Venom Potion"},{"floor":12,"key":"LiquidBronze"}],"is_trial":false,"path_per_floor":["M","?","$","M","?","R","M","M","T","$","$","E","?","?","R","B"],"character_chosen":"DEFECT","items_purchased":["ReplayTheSpireMod:CursedCoin","Blizzard","Double Energy"],"campfire_rested":1,"item_purchase_floors":[10,10,10],"current_hp_per_floor":[61,61,61,61,61,61,61,55,55,55,55,41,41,6,27,0,0],"gold":204,"neow_bonus":"BOSS_RELIC","is_daily":false,"chose_seed":false,"campfire_upgraded":1,"win_rate":0.0,"timestamp":1614057747,"path_taken":["M","?","$","M","?","R","M","?","T","?","$","E","?","?","R","BOSS"],"items_purchased_type":["Relic","Card","Card"],"build_version":"2020-12-22","purchased_purges":1,"victory":false,"max_hp_per_floor":[71,71,71,71,71,71,71,71,71,71,71,71,71,71,71,71,71],"card_choices":[{"not_picked":["Redo","ReplaySolidLightProjector"],"picked":"Rebound","floor":1},{"not_picked":["Sweeping Beam","Beam Cell"],"picked":"Glacier","floor":4},{"not_picked":["Conserve Battery","Stack"],"picked":"Compile Driver","floor":7},{"not_picked":["Go for the Eyes","Beam Cell"],"picked":"Streamline","floor":8},{"not_picked":["Rebound","Panic Button"],"picked":"Fusion","floor":12}],"player_experience":994768,"relics_obtained":[{"floor":9,"key":"reliquary:BoilingFlask"},{"floor":12,"key":"reliquary:JackalopeAntler"}],"event_choices":[{"cards_removed":["Strike_B"],"damage_healed":0,"gold_gain":0,"player_choice":"Card Removal","damage_taken":0,"max_hp_gain":0,"max_hp_loss":0,"event_name":"The Cleric","floor":2,"gold_loss":75},{"damage_healed":0,"gold_gain":0,"player_choice":"Trade","damage_taken":0,"relics_obtained":["CultistMask"],"max_hp_gain":0,"max_hp_loss":0,"event_name":"FaceTrader","floor":5,"gold_loss":0},{"damage_healed":0,"gold_gain":150,"player_choice":"AGREE","damage_taken":0,"max_hp_gain":0,"max_hp_loss":0,"event_name":"Liars Game","floor":13,"gold_loss":0,"cards_obtained":["Doubt"]},{"damage_healed":0,"gold_gain":0,"player_choice":"Success","damage_taken":35,"relics_obtained":["reliquary:ExpiredCoupon"],"max_hp_gain":0,"max_hp_loss":0,"event_name":"Scrap Ooze","floor":14,"gold_loss":0}],"is_beta":false,"boss_relics":[],"items_purged_floors":[10],"is_endless":false,"potions_floor_spawned":[7,8,12],"killed_by":"Slime Boss","ascension_level":15}}