{"host":"kw3n9x3mpxk65n60","time":1614107174,"event":{"mods":["BaseMod","Colored Map","Colored Powertips","Downfall","GifTheSpireLib","Hubris","Minty Spire (QoL Compilation)","Replay The Spire","StSLib","The Jungle"],"gold_per_floor":[99,118,293,2,18,18,18,46,31,59,59,80,94,125,90,90,90,90],"floor_reached":16,"language":"ENG","playtime":1724,"items_purged":["Doubt"],"score":142,"play_id":"77fbedfa-2048-4934-aa80-85e5498d52e6","local_time":"20210223110614","is_ascension_mode":true,"campfire_choices":[{"floor":1.0,"key":"DIG"},{"data":"Slimebound:FirmFortitude","floor":11.0,"key":"SMITH"}],"circlet_count":0,"master_deck":["Slimebound:Strike_Slimebound","Slimebound:Strike_Slimebound","Slimebound:Strike_Slimebound","Slimebound:Tackle","Slimebound:Defend_Slimebound","Slimebound:Defend_Slimebound","Slimebound:Defend_Slimebound","Slimebound:Defend_Slimebound","Slimebound:Split","Slimebound:CorrosiveSpit","Slimebound:Repurpose","Slimebound:SplitMire","Replay:SS_hec_1","Slimebound:GoopTackle+1","Slimebound:SplitSpecialist","Slimebound:GoopSpray","Slimebound:FirmFortitude+1","Slimebound:LeechingTouch","Slimebound:Gluttony","Slimebound:Prepare","Slimebound:Schlurp","Slimebound:LeadByExample","Slimebound:LeechingTouch"],"relics":["Slimebound:AbsorbEndCombat","Bag of Preparation","hubris:Icosahedron","Replay:Bottled Snecko","Gremlin Food","Odd Mushroom","Golden Egg"],"acts_visited":["Exordium"],"potions_floor_usage":[16],"damage_taken":[{"damage":5.0,"enemies":"Jaw Worm","floor":2.0,"turns":3.0},{"damage":0.0,"enemies":"downfall:FleeingMerchant","floor":4.0,"turns":4.0},{"damage":0.0,"enemies":"2 Louse","floor":5.0,"turns":2.0},{"damage":14.0,"enemies":"Replay:BlueRogue","floor":8.0,"turns":7.0},{"damage":0.0,"enemies":"downfall:FleeingMerchant","floor":9.0,"turns":4.0},{"damage":14.0,"enemies":"3 Sentries","floor":10.0,"turns":4.0},{"damage":3.0,"enemies":"The Mushroom Lair","floor":12.0,"turns":5.0},{"damage":0.0,"enemies":"Small Slimes","floor":13.0,"turns":3.0},{"damage":30.0,"enemies":"Gremlin Nob","floor":14.0,"turns":4.0},{"damage":12.0,"enemies":"2 Fungi Beasts","floor":15.0,"turns":4.0},{"damage":30,"enemies":"DF_ARCHETYPE_STREAMLINE","floor":16,"turns":4}],"seed_played":"2279494172510048808","potions_obtained":[{"floor":2.0,"key":"ColorlessPotion"},{"floor":8.0,"key":"ColorlessPotion"},{"floor":12.0,"key":"FearPotion"},{"floor":13.0,"key":"hexamod:SoulburnPotion"}],"is_trial":false,"path_per_floor":["R_BF","M","?","$","M","?","T","E","$","E","R","?","M","E","M","B"],"character_chosen":"SLIMEBOUND","items_purchased":["Replay:SS_hec_1","Slimebound:GoopTackle+1","Slimebound:SplitSpecialist"],"campfire_rested":0,"item_purchase_floors":[4,4,4],"current_hp_per_floor":[71,68,68,70,70,70,70,60,64,54,54,57,59,33,25,0,0,0],"gold":90,"neow_bonus":"TEN_PERCENT_HP_BONUS","is_daily":false,"chose_seed":false,"campfire_upgraded":1,"win_rate":0.0,"timestamp":1614107174,"path_taken":["R_BF","M","?","$","M","?","T","E","?","E","R","?","M","E","M","BOSS"],"items_purchased_type":["Card","Card","Card"],"build_version":"2020-12-22","purchased_purges":1,"victory":false,"max_hp_per_floor":[71,71,71,71,71,71,71,71,71,71,71,71,71,71,71,71,71,71],"card_choices":[{"not_picked":["Slimebound:DivideAndConquer","Slimebound:GrowthPunch"],"picked":"Slimebound:Repurpose","floor":2.0},{"not_picked":["Slimebound:SlimeSpikes","Slimebound:SamplingLick"],"picked":"Slimebound:SplitMire","floor":4.0},{"not_picked":["Slimebound:LeechEnergy","Slimebound:Dissolve"],"picked":"Slimebound:GoopSpray","floor":5.0},{"not_picked":["Slimebound:ProtectTheBoss","Slimebound:DivideAndConquer"],"picked":"Slimebound:FirmFortitude","floor":8.0},{"not_picked":["Slimebound:GoopTackle","Slimebound:Gluttony"],"picked":"Slimebound:LeechingTouch","floor":9.0},{"not_picked":["Slimebound:SamplingLick","Slimebound:SplitBruiser"],"picked":"Slimebound:Gluttony","floor":10.0},{"not_picked":["Slimebound:BestDefense","Slimebound:SlimeSpikes"],"picked":"Slimebound:Prepare","floor":12.0},{"not_picked":["Slimebound:FinishingTackle","Slimebound:LeechingTouch"],"picked":"Slimebound:Schlurp","floor":13.0},{"not_picked":["Slimebound:RejuvenatingLick","Slimebound:SplitLeeching"],"picked":"Slimebound:LeadByExample","floor":14.0},{"not_picked":["Slimebound:ViciousTackle","Slimebound:PressTheAttack"],"picked":"Slimebound:LeechingTouch","floor":15.0}],"player_experience":323870,"relics_obtained":[{"floor":1.0,"key":"Bag of Preparation"},{"floor":8.0,"key":"Replay:Bottled Snecko"},{"floor":10.0,"key":"Gremlin Food"},{"floor":12.0,"key":"Odd Mushroom"},{"floor":14.0,"key":"Golden Egg"}],"event_choices":[{"damage_healed":0.0,"max_hp_gain":0.0,"max_hp_loss":0.0,"gold_gain":0.0,"event_name":"Mushrooms","player_choice":"Fought Mushrooms","floor":12.0,"gold_loss":0.0,"damage_taken":0.0}],"is_beta":false,"boss_relics":[],"items_purged_floors":[4],"is_endless":false,"potions_floor_spawned":[2,8,12,13],"killed_by":"DF_ARCHETYPE_STREAMLINE","ascension_level":4}}