{"host":"ec3b6qygjurkg9iw","time":1614100042,"event":{"mods":["AchievementEnabler","Act Like it!","BaseMod","BetterRewards","Bossed Relics","Colored Map","Dio Mod","Downfall","Extra Virgin Snecko Oil","GifTheSpireLib","Good Game Mod","Hermit","Highlight Path","Hubris","Infinite Spire","Lobotomy","Minty Spire (QoL Compilation)","Pale of the Ancients","Reliquary","Replay The Spire","Small Relic Pack","Spicy Shops","StSLib","Stuff the Spire","The Blue Laboratory","The Exalted","The Runesmith","Thieving Mod","Wandering Minibosses"],"gold_per_floor":[115,126,126,126,126,166,182,182,208,208,249,270,46,46,46,170,170,195,216,216,216,216,216],"floor_reached":22,"language":"ENG","playtime":2994,"items_purged":[],"score":192,"play_id":"ad426567-9764-4079-85d3-3e612dbdb563","local_time":"20210223120722","is_ascension_mode":false,"campfire_choices":[{"floor":8,"key":"REST"},{"floor":10,"key":"REST"},{"floor":15,"key":"REST"}],"circlet_count":0,"master_deck":["Strike_B","Strike_B+1","Strike_B","Strike_B","Defend_B","Defend_B","Defend_B","Defend_B","Zap","Dualcast","expansioncontent:QuickStudy","LittleHelper","Rebound","Bloodbath","Lockon","hubris:Fate","Rudolta","Redo","OldLady","Panic Button","Ball Lightning","ShyLook","Glacier","QueenOfHatred","Yin","Go for the Eyes"],"relics":["Cracked Core","REME:ComplimentaryCards","CogitoBucket","Golden Idol","Bromod:ArcaneNullifier","Tiny Chest","Turnip","AdjustmentMirror","Membership Card","Gremlin Food","hubris:Icosahedron","Nuclear Battery","relicPack:OneForAll","DataDisk"],"acts_visited":["Exordium","TheCity"],"potions_floor_usage":[6],"damage_taken":[{"damage":1,"enemies":"Cultist","floor":1,"turns":3},{"damage":0,"enemies":"2 Louse","floor":2,"turns":1},{"damage":15,"enemies":"Gremlin Nob","floor":6,"turns":4},{"damage":6,"enemies":"Jaw Worm","floor":7,"turns":2},{"damage":15,"enemies":"Lagavulin","floor":11,"turns":6},{"damage":30,"enemies":"Red Slaver","floor":12,"turns":4},{"damage":55,"enemies":"Fading Forest","floor":16,"turns":11},{"damage":49,"enemies":"Spheric Guardian","floor":18,"turns":6},{"damage":48,"enemies":"3 Byrds","floor":19,"turns":6},{"damage":41,"enemies":"3 Cultists","floor":22,"turns":3}],"seed_played":"1191952492094762321","potions_obtained":[{"floor":1,"key":"SpeedPotion"},{"floor":2,"key":"ColorlessPotion"},{"floor":5,"key":"blueLaboratory:EmptyBottle"},{"floor":7,"key":"FocusPotion"},{"floor":18,"key":"blueLaboratory:ConsumingVoid"},{"floor":19,"key":"sneckomod:MuddlingPotion"}],"is_trial":false,"path_per_floor":["M","M","?","?","?","E","M","R","T","R","E","M","$","?","R_BF","B",null,"M","M","?","T","M"],"character_chosen":"DEFECT","items_purchased":["Membership Card","Gremlin Food"],"campfire_rested":3,"item_purchase_floors":[13,13],"current_hp_per_floor":[74,74,55,55,55,40,34,54,54,69,54,25,25,25,45,2,69,20,15,15,15,0,0],"gold":216,"neow_bonus":"","is_daily":false,"chose_seed":false,"campfire_upgraded":0,"win_rate":0.0,"timestamp":1614100042,"path_taken":["M","M","?","?","?","E","M","R","T","R","E","M","?","?","R_BF","BOSS","M","M","?","?","?"],"items_purchased_type":["Relic","Relic"],"build_version":"2020-12-22","purchased_purges":0,"victory":false,"max_hp_per_floor":[75,75,75,69,69,69,69,69,69,69,69,69,69,69,69,69,69,69,69,69,69,69,69],"card_choices":[{"not_picked":["OldLady","FairyFestival"],"picked":"LittleHelper","floor":1},{"not_picked":["Stack","Chaos"],"picked":"Rebound","floor":1},{"not_picked":["Wellcheers","SpiderBud"],"picked":"Bloodbath","floor":2},{"not_picked":["Sunder","Conserve Battery"],"picked":"Lockon","floor":2},{"not_picked":["infinitespire:Collect","ReplayTheSpireMod:??????????????????????"],"picked":"hubris:Fate","floor":3},{"not_picked":["FairyFestival","RedShoes"],"picked":"Rudolta","floor":6},{"not_picked":["Thunder Strike","Storm"],"picked":"Redo","floor":6},{"not_picked":["Murderer","PunishingBird"],"picked":"OldLady","floor":7},{"not_picked":["StuffTheSpire:GlassShard","Streamline"],"picked":"Panic Button","floor":7},{"not_picked":["Leap","Static Discharge"],"picked":"Ball Lightning","floor":11},{"not_picked":["SnowQueen","CrumblingArmor"],"picked":"ShyLook","floor":12},{"not_picked":["StuffTheSpire:SnapShoot","Heatsinks"],"picked":"Glacier","floor":12},{"not_picked":["PunishingBird","VoidDream"],"picked":"QueenOfHatred","floor":16},{"not_picked":["Variant","PunishingBird"],"picked":"Yin","floor":18},{"not_picked":["Hologram","Darkness","Steam"],"picked":"SKIP","floor":18},{"not_picked":["Genetic Algorithm","White Noise"],"picked":"Go for the Eyes","floor":19}],"player_experience":95932,"relics_obtained":[{"floor":6,"key":"Bromod:ArcaneNullifier"},{"floor":9,"key":"Tiny Chest"},{"floor":11,"key":"Turnip"},{"floor":21,"key":"DataDisk"}],"event_choices":[{"damage_healed":0,"gold_gain":0,"player_choice":"Lose Max HP","damage_taken":0,"relics_obtained":["Golden Idol"],"max_hp_gain":0,"max_hp_loss":6,"event_name":"Golden Idol","floor":4,"gold_loss":0},{"damage_healed":0,"gold_gain":0,"player_choice":"Got Potions","damage_taken":0,"max_hp_gain":0,"max_hp_loss":0,"event_name":"Lab","floor":5,"gold_loss":0}],"is_beta":false,"boss_relics":[{"not_picked":["Coffee Dripper","hubris:CrackedHourglass"],"picked":"Nuclear Battery"}],"items_purged_floors":[],"is_endless":false,"potions_floor_spawned":[1,2,7,18,19],"killed_by":"3 Cultists","ascension_level":0}}