{"host":"htqwg582tjjtn9p7","time":1614102881,"event":{"mods":["2.2 Compatiblity","AchievementEnabler","Act Like it!","Aspiration","BaseMod","Better Third Choice","Colored Map","Conspire","Curses Come First","Displayed Cursed Tome","Energized Spire","Force Act Four","Fox Events","GifTheSpireLib","Hermit","Highlight Path","JesterMod","Mad Scientist","Minty Spire (QoL Compilation)","Pale of the Ancients","Permanent Neow","Random Character Button","Relic Stats","Reliquary","Replay The Spire","Robot Space Explorer","Ruina","Somnambulant","Spicy Shops","Spikes Relics","StSLib","Stuff the Spire","The Blue Laboratory","The Bug Knight","The Forsaken","The Gatherer","The Judge","The Jungle","The Marked","The Runesmith","The Servant 0.9.4","Uncapped"],"gold_per_floor":[112,124,50,50,70,70,100,100,126,126,158,23,23,54,54,152,152,165,165,165,165,178,178,209,134,159,159,80,110,126,143,143,248,198,208,226,226,1,12,43,43,60,85,85,85],"floor_reached":44,"language":"ENG","playtime":2021,"items_purged":["StuffTheSpire:CuriosityCurse","Writhe","RobotSpaceExplorer:Strike"],"score":852,"play_id":"7abb5873-c591-400c-961d-d67dbd52b3e6","local_time":"20210223185441","is_ascension_mode":true,"campfire_choices":[{"data":"RobotSpaceExplorer:StarDust","floor":6,"key":"SMITH"},{"data":"RobotSpaceExplorer:TrailblazerForm","floor":8,"key":"SMITH"},{"floor":13,"key":"REST"},{"data":"RobotSpaceExplorer:MiniDrones","floor":15,"key":"SMITH"},{"floor":23,"key":"REST"},{"floor":32,"key":"REST"},{"floor":41,"key":"REST"}],"circlet_count":0,"master_deck":["AscendersBane","RobotSpaceExplorer:Strike","RobotSpaceExplorer:Strike","RobotSpaceExplorer:Strike","RobotSpaceExplorer:Defend+1","RobotSpaceExplorer:Defend+1","RobotSpaceExplorer:Defend+1","RobotSpaceExplorer:Defend+1","RobotSpaceExplorer:Scan+1","RobotSpaceExplorer:MiniLasers+1","RobotSpaceExplorer:PlasmaMissile","RobotSpaceExplorer:ShovelStrike","RobotSpaceExplorer:StarDust+1","RobotSpaceExplorer:TrailblazerForm+1","RobotSpaceExplorer:MiniDrones","RobotSpaceExplorer:TrailblazerForm","RobotSpaceExplorer:MiniDrones","RobotSpaceExplorer:TrailblazerForm","RobotSpaceExplorer:ScrapMissile","RobotSpaceExplorer:StarDust+1","StuffTheSpire:BrainWave","RobotSpaceExplorer:GlueShot","RobotSpaceExplorer:GlueShot","RobotSpaceExplorer:Multitool","RobotSpaceExplorer:Strike","RobotSpaceExplorer:ScrapMissile","RobotSpaceExplorer:MiniDrones","RobotSpaceExplorer:GlueShot","RobotSpaceExplorer:GlueShot+1","RobotSpaceExplorer:DualCore"],"relics":["RobotSpaceExplorer:RoboCore","StoneCalendar","conspire:DeflatedDodgeball","ReplayTheSpireMod:TigerMarble","Replay:Bottled Eggs","reliquary:TatteredRug","energizedSpire:OgreHead","Enchiridion","RobotSpaceExplorer:ClockworkSextant","War Paint","Bottled Tornado","energizedSpire:HugeHouse","Toy Ornithopter","ReplayFunnel","reliquary:RoseTintedGlasses"],"acts_visited":["Exordium","TheCity","TheBeyond"],"potions_floor_usage":[7,11,11,29,31,33,42,42],"damage_taken":[{"damage":0,"enemies":"Jaw Worm","floor":1,"turns":4},{"damage":0,"enemies":"2 Louse","floor":2,"turns":2},{"damage":5,"enemies":"Small Slimes","floor":5,"turns":4},{"damage":10,"enemies":"Lagavulin","floor":7,"turns":6},{"damage":3,"enemies":"3 Sentries","floor":11,"turns":6},{"damage":16,"enemies":"Lagavulin","floor":14,"turns":8},{"damage":23,"enemies":"Hexaghost","floor":16,"turns":9},{"damage":3,"enemies":"Spheric Guardian","floor":18,"turns":7},{"damage":0,"enemies":"3 Byrds","floor":22,"turns":5},{"damage":16,"enemies":"HollowMod:Nosk","floor":24,"turns":7},{"damage":12,"enemies":"Replay:Snechameleon","floor":29,"turns":7},{"damage":20,"enemies":"Centurion and Healer","floor":30,"turns":6},{"damage":0,"enemies":"Snake Plant","floor":31,"turns":5},{"damage":15,"enemies":"Champ","floor":33,"turns":10},{"damage":8,"enemies":"3 Shapes","floor":35,"turns":5},{"damage":19,"enemies":"3 Darklings","floor":36,"turns":7},{"damage":46,"enemies":"4 Shapes","floor":39,"turns":5},{"damage":0,"enemies":"R_Hoarder","floor":40,"turns":11},{"damage":15,"enemies":"Jaw Worm Horde","floor":42,"turns":6},{"damage":24,"enemies":"Sphere and 2 Shapes","floor":44,"turns":3}],"seed_played":"-741652250830861123","potions_obtained":[{"floor":1,"key":"blueLaboratory:LouseDecoction"},{"floor":2,"key":"blueLaboratory:BubblePotion"},{"floor":5,"key":"SkillPotion"},{"floor":11,"key":"Toxic Potion"},{"floor":18,"key":"SpeedPotion"},{"floor":24,"key":"blueLaboratory:RecallPotion"},{"floor":30,"key":"blueLaboratory:BottledHope"},{"floor":31,"key":"SkillPotion"},{"floor":36,"key":"FearPotion"},{"floor":40,"key":"blueLaboratory:BottleOfVodka"}],"is_trial":false,"path_per_floor":["M","M","$","?","M","R","E","R","T","?","E","$","R","E","R","B",null,"M","?","?","?","M","R","E","$","T","?","?","E","M","M","R","B",null,"M","M","?","$","M","E","R","M","T","M"],"character_chosen":"RobotSpaceExplorer","items_purchased":["RobotSpaceExplorer:StarDust","RobotSpaceExplorer:TrailblazerForm"],"campfire_rested":4,"item_purchase_floors":[3,12],"current_hp_per_floor":[68,68,68,68,63,63,53,53,53,53,50,50,72,56,56,33,65,62,46,46,46,46,68,52,52,52,52,52,40,20,20,42,27,59,51,32,50,50,4,4,25,20,20,0,0],"gold":85,"neow_bonus":"UPGRADE_CARD","is_daily":false,"chose_seed":false,"campfire_upgraded":3,"win_rate":0.0,"timestamp":1614102881,"path_taken":["M","M","$","?","M","R","E","R","T","?","E","$","R","E","R","BOSS","M","?","?","?","?","R","E","$","T","?","?","E","?","M","R","BOSS","M","M","?","$","M","E","R","M","T","M"],"items_purchased_type":["Card","Card"],"build_version":"2020-12-22","purchased_purges":3,"victory":false,"max_hp_per_floor":[75,75,75,75,75,75,75,75,75,75,75,75,75,75,75,75,75,75,75,75,75,75,75,75,75,75,75,75,75,75,75,75,75,70,70,70,70,70,70,70,70,70,70,70,70],"relic_stats":{"counters":[20,123],"StoneCalendar":[326],"War Paint":["RobotSpaceExplorer:Scan"],"obtain_stats":[{"RobotSpaceExplorer:ClockworkSextant":24,"ReplayFunnel":40,"Enchiridion":19,"RobotSpaceExplorer:RoboCore":0,"StoneCalendar":4,"reliquary:TatteredRug":14,"energizedSpire:OgreHead":17,"War Paint":26,"Bottled Tornado":29,"reliquary:RoseTintedGlasses":43,"ReplayTheSpireMod:TigerMarble":9,"energizedSpire:HugeHouse":34,"conspire:DeflatedDodgeball":7,"Replay:Bottled Eggs":11,"Toy Ornithopter":40},{"RobotSpaceExplorer:ClockworkSextant":10,"ReplayFunnel":18,"Enchiridion":8,"RobotSpaceExplorer:RoboCore":0,"StoneCalendar":2,"reliquary:TatteredRug":6,"energizedSpire:OgreHead":7,"War Paint":10,"Bottled Tornado":11,"reliquary:RoseTintedGlasses":19,"ReplayTheSpireMod:TigerMarble":4,"energizedSpire:HugeHouse":14,"conspire:DeflatedDodgeball":4,"Replay:Bottled Eggs":5,"Toy Ornithopter":18},{"RobotSpaceExplorer:ClockworkSextant":58,"ReplayFunnel":114,"Enchiridion":46,"RobotSpaceExplorer:RoboCore":0,"StoneCalendar":6,"reliquary:TatteredRug":30,"energizedSpire:OgreHead":39,"War Paint":58,"Bottled Tornado":65,"reliquary:RoseTintedGlasses":120,"ReplayTheSpireMod:TigerMarble":16,"energizedSpire:HugeHouse":86,"conspire:DeflatedDodgeball":16,"Replay:Bottled Eggs":22,"Toy Ornithopter":114}],"Toy Ornithopter":10},"card_choices":[{"not_picked":["RobotSpaceExplorer:Fix","RobotSpaceExplorer:SelfCleaning"],"picked":"RobotSpaceExplorer:PlasmaMissile","floor":1},{"not_picked":["RobotSpaceExplorer:JunkDive","RobotSpaceExplorer:MetalStrike"],"picked":"RobotSpaceExplorer:ShovelStrike","floor":2},{"not_picked":["RobotSpaceExplorer:Electropulse","RobotSpaceExplorer:StunGrenade"],"picked":"RobotSpaceExplorer:MiniDrones","floor":5},{"not_picked":["RobotSpaceExplorer:FrostMissile","RobotSpaceExplorer:ShockKick"],"picked":"RobotSpaceExplorer:TrailblazerForm","floor":7},{"not_picked":["RobotSpaceExplorer:Probe","RobotSpaceExplorer:Wormhole"],"picked":"RobotSpaceExplorer:MiniDrones","floor":11},{"not_picked":["RobotSpaceExplorer:ShockKick","RobotSpaceExplorer:StunGrenade"],"picked":"RobotSpaceExplorer:MiniDrones","floor":14},{"not_picked":["RobotSpaceExplorer:DroneSwarm","RobotSpaceExplorer:Autoloader"],"picked":"RobotSpaceExplorer:TrailblazerForm","floor":16},{"not_picked":["RobotSpaceExplorer:Electroshield","RobotSpaceExplorer:ImprovisedAttack"],"picked":"RobotSpaceExplorer:ScrapMissile","floor":18},{"not_picked":["RobotSpaceExplorer:IronShell","RobotSpaceExplorer:SurgingShield"],"picked":"RobotSpaceExplorer:StarDust+1","floor":22},{"not_picked":["RobotSpaceExplorer:Reload","RobotSpaceExplorer:Counterblock","RobotSpaceExplorer:FrostMissile"],"picked":"SKIP","floor":24},{"not_picked":["RobotSpaceExplorer:Arsenal","RobotSpaceExplorer:SelfCleaning"],"picked":"RobotSpaceExplorer:GlueShot","floor":29},{"not_picked":["RobotSpaceExplorer:Pulsar","RobotSpaceExplorer:SlimeMissile","RobotSpaceExplorer:SwiftStep"],"picked":"SKIP","floor":30},{"not_picked":["RobotSpaceExplorer:SurgingStrike","RobotSpaceExplorer:Ammunition"],"picked":"RobotSpaceExplorer:GlueShot","floor":31},{"not_picked":["RobotSpaceExplorer:Comet","RobotSpaceExplorer:Autoloader"],"picked":"RobotSpaceExplorer:Multitool","floor":33},{"not_picked":["RobotSpaceExplorer:ToxicBomb","RobotSpaceExplorer:Ammunition"],"picked":"RobotSpaceExplorer:MiniDrones","floor":35},{"not_picked":["RobotSpaceExplorer:DoubleFind","RobotSpaceExplorer:FrostMissile"],"picked":"RobotSpaceExplorer:GlueShot","floor":36},{"not_picked":["RobotSpaceExplorer:FranticSearch","RobotSpaceExplorer:ScrapShield+1"],"picked":"RobotSpaceExplorer:GlueShot+1","floor":39},{"not_picked":["RobotSpaceExplorer:SurgingStrike","RobotSpaceExplorer:SlimeMissile","RobotSpaceExplorer:Pulsar"],"picked":"SKIP","floor":40},{"not_picked":["RobotSpaceExplorer:MakeshiftVolley","RobotSpaceExplorer:ShovelStrike"],"picked":"RobotSpaceExplorer:DualCore","floor":42}],"player_experience":2074522,"relics_obtained":[{"floor":7,"key":"conspire:DeflatedDodgeball"},{"floor":9,"key":"ReplayTheSpireMod:TigerMarble"},{"floor":11,"key":"Replay:Bottled Eggs"},{"floor":14,"key":"reliquary:TatteredRug"},{"floor":24,"key":"RobotSpaceExplorer:ClockworkSextant"},{"floor":26,"key":"War Paint"},{"floor":29,"key":"Bottled Tornado"},{"floor":40,"key":"Toy Ornithopter"},{"floor":40,"key":"ReplayFunnel"},{"floor":43,"key":"reliquary:RoseTintedGlasses"}],"event_choices":[{"damage_healed":0,"gold_gain":0,"player_choice":"Obtained Book","damage_taken":16,"max_hp_gain":0,"max_hp_loss":0,"event_name":"Cursed Tome","floor":19,"gold_loss":0},{"damage_healed":0,"gold_gain":0,"player_choice":"Ignored","damage_taken":0,"max_hp_gain":0,"max_hp_loss":0,"event_name":"Ghosts","floor":21,"gold_loss":0},{"damage_healed":0,"gold_gain":0,"player_choice":"Leave","damage_taken":0,"max_hp_gain":0,"max_hp_loss":0,"event_name":"conspire:Investor","floor":27,"gold_loss":0},{"damage_healed":18,"gold_gain":0,"player_choice":"Writhe","damage_taken":0,"max_hp_gain":0,"max_hp_loss":0,"event_name":"Winding Halls","floor":37,"gold_loss":0,"cards_obtained":["Writhe"]}],"is_beta":false,"boss_relics":[{"not_picked":["Runic Pyramid","aspiration:SecretTechniqueScroll"],"picked":"energizedSpire:OgreHead"},{"not_picked":["RobotSpaceExplorer:SearchSpecs","Pandora\u0027s Box"],"picked":"energizedSpire:HugeHouse"}],"items_purged_floors":[25,38,38],"is_endless":false,"potions_floor_spawned":[1,2,5,11,18,24,30,31,36,40],"killed_by":"Sphere and 2 Shapes","ascension_level":12}}