{"host":"Tuck","time":1614107906,"event":{"mods":["BaseMod","Minty Spire (QoL Compilation)","StSLib"],"gold_per_floor":[113,131,231,242,260,260,295,315,389,417,437,437,452,483,483,587,587,604,704,200,200,200,200,233,247,247,5056,5083,5083,5112,5112,5112,5212,5212,5222,4301,4314,4314,4364,4417,4447,4447,4447,4472,4472,4525,3688,3702,3702,3702,3702,3702,2801,2835,2835],"floor_reached":56,"language":"ENG","playtime":4804,"items_purged":["Defend_B","Conserve Battery"],"score":2007,"play_id":"4bf9bce6-bd1e-4590-8dbe-8cda2f671660","local_time":"20210223121826","is_ascension_mode":true,"campfire_choices":[{"data":"Defragment","floor":6,"key":"SMITH"},{"data":"Recycle","floor":15,"key":"SMITH"},{"data":"Heatsinks","floor":23,"key":"SMITH"},{"data":"Streamline","floor":32,"key":"SMITH"},{"floor":45,"key":"RECALL"},{"data":"1","floor":49,"key":"LIFT"},{"data":"2","floor":52,"key":"LIFT"}],"circlet_count":0,"master_deck":["Strike_B+1","Strike_B+1","Defend_B+1","Zap+1","Dualcast+1","Streamline","Defragment+1","Coolheaded+1","Beam Cell","Recycle+1","Conserve Battery+1","Cold Snap","Recycle+1","All For One","Force Field+1","Turbo+1","Heatsinks+1","Seek+1","Amplify+1","Streamline+1","Gash","Flash of Steel","Coolheaded+1","Core Surge","Gash+1","Self Repair","Heatsinks","Loop+1","Loop+1","Ball Lightning+1","Capacitor+1","Gash+1","Biased Cognition+1","Hologram+1","Hologram+1","Coolheaded+1","Stack+1","Static Discharge+1","Biased Cognition+1","Capacitor+1","Core Surge+1","Gash+1","Scrape+1","Streamline+1","Madness+1","Coolheaded+1"],"relics":["SlaversCollar","DataDisk","Question Card","Unceasing Top","Juzu Bracelet","Astrolabe","Potion Belt","Bottled Lightning","Necronomicon","White Beast Statue","Omamori","Cables","The Courier","Gambling Chip","Strawberry","TungstenRod","Art of War","Peace Pipe","Boot","Lantern","Calling Bell","Pen Nib","Gremlin Horn","Bird Faced Urn","Thread and Needle","Toolbox","Molten Egg 2","Frozen Egg 2","Girya","Prayer Wheel","Pear","Shuriken","Toxic Egg 2","Ornamental Fan","OrangePellets","InkBottle","Mercury Hourglass","Bronze Scales","DollysMirror","Letter Opener","Kunai"],"acts_visited":["Exordium","TheCity","TheBeyond","TheEnding"],"potions_floor_usage":[55],"damage_taken":[{"damage":0,"enemies":"Cultist","floor":1,"turns":4},{"damage":6,"enemies":"Jaw Worm","floor":2,"turns":4},{"damage":0,"enemies":"2 Louse","floor":4,"turns":2},{"damage":5,"enemies":"Exordium Thugs","floor":5,"turns":3},{"damage":0,"enemies":"Lagavulin","floor":7,"turns":8},{"damage":0,"enemies":"2 Fungi Beasts","floor":8,"turns":4},{"damage":4,"enemies":"3 Sentries","floor":10,"turns":7},{"damage":0,"enemies":"3 Louse","floor":11,"turns":3},{"damage":0,"enemies":"Blue Slaver","floor":13,"turns":2},{"damage":0,"enemies":"Lagavulin","floor":14,"turns":6},{"damage":0,"enemies":"Slime Boss","floor":16,"turns":11},{"damage":0,"enemies":"Shell Parasite","floor":18,"turns":7},{"damage":0,"enemies":"Slavers","floor":24,"turns":3},{"damage":0,"enemies":"2 Thieves","floor":25,"turns":2},{"damage":0,"enemies":"Gremlin Leader","floor":28,"turns":5},{"damage":0,"enemies":"Slavers","floor":30,"turns":6},{"damage":0,"enemies":"Collector","floor":33,"turns":10},{"damage":1,"enemies":"3 Shapes","floor":35,"turns":6},{"damage":0,"enemies":"3 Darklings","floor":37,"turns":3},{"damage":0,"enemies":"Mind Bloom Boss Battle","floor":39,"turns":5},{"damage":0,"enemies":"2 Orb Walkers","floor":40,"turns":3},{"damage":0,"enemies":"Nemesis","floor":41,"turns":4},{"damage":0,"enemies":"Reptomancer","floor":44,"turns":4},{"damage":0,"enemies":"Giant Head","floor":46,"turns":3},{"damage":0,"enemies":"Maw","floor":48,"turns":3},{"damage":0,"enemies":"Awakened One","floor":50,"turns":8},{"damage":0,"enemies":"Shield and Spear","floor":54,"turns":4},{"damage":0,"enemies":"The Heart","floor":55,"turns":4}],"seed_played":"-6337212529829280696","potions_obtained":[{"floor":2,"key":"Strength Potion"},{"floor":5,"key":"GamblersBrew"},{"floor":8,"key":"Energy Potion"},{"floor":14,"key":"SkillPotion"},{"floor":25,"key":"Energy Potion"},{"floor":28,"key":"FairyPotion"},{"floor":41,"key":"DuplicationPotion"}],"is_trial":false,"path_per_floor":["M","M","?","M","M","R","E","M","T","E","M","?","M","E","R","B",null,"M","?","$","?","?","R","E","M","T","$","E","?","E","?","R","B",null,"M","$","M","?","?","?","E","?","T","E","R","E","$","M","R","B",null,"R","$","E","B",null],"character_chosen":"DEFECT","items_purchased":["Conserve Battery","Potion Belt","Amplify","Flash of Steel","Gambling Chip","Strawberry","TungstenRod","Art of War","Peace Pipe","Self Repair","Loop","Heatsinks","Thread and Needle","Toolbox","Molten Egg 2","Frozen Egg 2","Ornamental Fan","OrangePellets","InkBottle","Mercury Hourglass","Hologram+1","Hologram+1","Coolheaded+1","Bronze Scales","Static Discharge+1","Biased Cognition+1","Capacitor+1","DollysMirror","Letter Opener","Gash+1","Scrape+1","Streamline+1","Madness+1"],"campfire_rested":0,"item_purchase_floors":[20,20,20,27,27,27,27,27,27,36,36,36,36,36,36,36,47,47,47,47,47,47,47,53,53,53,53,53,53,53,53,53,53],"current_hp_per_floor":[75,69,69,69,64,64,64,64,64,60,60,45,45,45,45,45,75,75,75,75,61,45,45,45,45,45,52,52,52,52,52,52,52,87,86,86,87,87,87,87,97,97,97,97,97,97,97,97,97,97,97,97,97,97,97],"gold":2835,"neow_bonus":"BOSS_RELIC","is_daily":false,"chose_seed":false,"campfire_upgraded":4,"win_rate":0.0,"timestamp":1614107906,"path_taken":["M","?","?","?","M","R","E","M","T","E","M","?","M","E","R","BOSS","M","?","?","?","?","R","E","M","T","$","E","?","E","?","R","BOSS","M","$","M","?","?","?","E","?","T","E","R","E","$","M","R","BOSS","R","$","E","BOSS"],"items_purchased_type":["Card","Relic","Card","Card","Relic","Relic","Relic","Relic","Relic","Card","Card","Card","Relic","Relic","Relic","Relic","Relic","Relic","Relic","Relic","Card","Card","Card","Relic","Card","Card","Card","Relic","Relic","Card","Card","Card","Card"],"build_version":"2020-12-18","purchased_purges":2,"victory":true,"max_hp_per_floor":[75,75,75,75,75,75,75,75,75,75,75,75,75,75,75,75,75,75,75,75,80,80,80,80,80,80,87,87,87,87,87,87,87,87,87,87,87,87,87,87,97,97,97,97,97,97,97,97,97,97,97,97,97,97,97],"card_choices":[{"not_picked":["Leap","Gash"],"picked":"Streamline","floor":1},{"not_picked":["Tempest","Rebound","Compile Driver"],"picked":"SKIP","floor":2},{"not_picked":["Leap","Tempest"],"picked":"Defragment","floor":4},{"not_picked":["Chaos","Conserve Battery"],"picked":"Coolheaded","floor":5},{"not_picked":["Rebound","Skim"],"picked":"Beam Cell","floor":7},{"not_picked":["Force Field","Rip and Tear","Hello World"],"picked":"SKIP","floor":8},{"not_picked":["Gash","Chaos","Beam Cell"],"picked":"Recycle","floor":10},{"not_picked":["Turbo","Rip and Tear","Melter"],"picked":"Conserve Battery","floor":11},{"not_picked":["Rebound","Compile Driver","Hologram"],"picked":"Cold Snap","floor":13},{"not_picked":["Melter","Stack","Auto Shields"],"picked":"Recycle","floor":14},{"not_picked":["Biased Cognition","Rainbow","Buffer"],"picked":"All For One","floor":16},{"not_picked":["Beam Cell+1","Turbo","Barrage+1"],"picked":"Heatsinks","floor":18},{"not_picked":["Sweeping Beam","Static Discharge+1","Steam Power"],"picked":"Streamline","floor":24},{"not_picked":["Compile Driver","Genetic Algorithm+1","Redo+1"],"picked":"Gash","floor":25},{"not_picked":["Scrape","Consume+1","Melter"],"picked":"Coolheaded","floor":28},{"not_picked":["Genetic Algorithm","Leap","Redo","Sunder"],"picked":"SKIP","floor":30},{"not_picked":["Reboot","Buffer","Multi-Cast"],"picked":"Core Surge","floor":33},{"not_picked":["Go for the Eyes","Redo+1","Turbo+1"],"picked":"Gash+1","floor":35},{"not_picked":["Compile Driver+1","Barrage+1","Double Energy+1","Recycle+1"],"picked":"SKIP","floor":37},{"not_picked":["Sunder+1","Go for the Eyes+1","Tempest+1"],"picked":"Ball Lightning+1","floor":39},{"not_picked":["Compile Driver+1","Heatsinks+1","Ball Lightning+1"],"picked":"Capacitor+1","floor":40},{"not_picked":["Ball Lightning+1","Reinforced Body+1","Redo+1","Rainbow"],"picked":"SKIP","floor":41},{"not_picked":["Scrape+1","Genetic Algorithm","Turbo"],"picked":"Gash+1","floor":44},{"not_picked":["Tempest+1","Aggregate+1","Recycle+1"],"picked":"Biased Cognition+1","floor":46},{"not_picked":["Leap+1","Rebound+1","Auto Shields+1"],"picked":"Stack+1","floor":48},{"not_picked":["Go for the Eyes+1","Ball Lightning+1","Sweeping Beam+1","Hello World+1"],"picked":"SKIP","floor":48},{"not_picked":["Redo+1","Beam Cell+1","Leap+1"],"picked":"Coolheaded+1","floor":54}],"player_experience":2511720,"relics_obtained":[{"floor":7,"key":"DataDisk"},{"floor":9,"key":"Question Card"},{"floor":10,"key":"Unceasing Top"},{"floor":14,"key":"Juzu Bracelet"},{"floor":22,"key":"Necronomicon"},{"floor":24,"key":"White Beast Statue"},{"floor":26,"key":"Cables"},{"floor":28,"key":"Boot"},{"floor":30,"key":"Lantern"},{"floor":34,"key":"Pen Nib"},{"floor":34,"key":"Gremlin Horn"},{"floor":34,"key":"Bird Faced Urn"},{"floor":39,"key":"Girya"},{"floor":40,"key":"Prayer Wheel"},{"floor":41,"key":"Pear"},{"floor":44,"key":"Shuriken"},{"floor":46,"key":"Toxic Egg 2"},{"floor":54,"key":"Kunai"}],"event_choices":[{"damage_healed":0,"gold_gain":100,"player_choice":"Pray","damage_taken":0,"max_hp_gain":0,"max_hp_loss":0,"event_name":"Golden Shrine","floor":3,"gold_loss":0},{"damage_healed":0,"gold_gain":0,"player_choice":"Entered Light","damage_taken":15,"max_hp_gain":0,"max_hp_loss":0,"event_name":"Shining Light","floor":12,"gold_loss":0,"cards_upgraded":["Strike_B","Strike_B"]},{"damage_healed":0,"gold_gain":100,"player_choice":"Pray","damage_taken":0,"max_hp_gain":0,"max_hp_loss":0,"event_name":"Golden Shrine","floor":19,"gold_loss":0},{"damage_healed":0,"gold_gain":0,"player_choice":"Shed Blood","damage_taken":19,"max_hp_gain":5,"max_hp_loss":0,"event_name":"Forgotten Altar","floor":21,"gold_loss":0},{"damage_healed":0,"gold_gain":0,"player_choice":"Obtained Book","damage_taken":16,"max_hp_gain":0,"max_hp_loss":0,"event_name":"Cursed Tome","floor":22,"gold_loss":0},{"damage_healed":0,"gold_gain":0,"player_choice":"Upgraded","damage_taken":0,"max_hp_gain":0,"max_hp_loss":0,"event_name":"Upgrade Shrine","floor":29,"gold_loss":0,"cards_upgraded":["Recycle"]},{"damage_healed":0,"gold_gain":0,"player_choice":"Ignored","damage_taken":0,"max_hp_gain":0,"max_hp_loss":0,"event_name":"Ghosts","floor":31,"gold_loss":0},{"cards_removed":["Defend_B"],"damage_healed":0,"gold_gain":0,"player_choice":"Purged","damage_taken":0,"max_hp_gain":0,"max_hp_loss":0,"event_name":"Purifier","floor":38,"gold_loss":0},{"damage_healed":0,"gold_gain":0,"player_choice":"Fight","damage_taken":0,"max_hp_gain":0,"max_hp_loss":0,"event_name":"MindBloom","floor":39,"gold_loss":0},{"damage_healed":0,"gold_gain":0,"player_choice":"Fight","damage_taken":0,"max_hp_gain":0,"max_hp_loss":0,"event_name":"Mysterious Sphere","floor":40,"gold_loss":0},{"cards_removed":["Turbo"],"damage_healed":0,"gold_gain":0,"player_choice":"Removed Skill","damage_taken":0,"max_hp_gain":0,"max_hp_loss":0,"event_name":"Falling","floor":42,"gold_loss":0}],"is_beta":true,"boss_relics":[{"not_picked":["Fusion Hammer","Nuclear Battery"],"picked":"Astrolabe"},{"not_picked":["Runic Dome","Empty Cage"],"picked":"Calling Bell"}],"items_purged_floors":[20,20],"is_endless":false,"potions_floor_spawned":[2,5,8,14,16,18,25,28,30,33,35,37,39,40,41,44,46,48,54],"ascension_level":1}}