{"host":"p0hktren06injwdf","time":1614062982,"event":{"mods":["AchievementEnabler","BaseMod","Colored Map","DeckTracker","Minty Spire (QoL Compilation)","Permanent Neow","StSLib","SuperFastMode"],"gold_per_floor":[115,126,126,141,141,181,181,206,206,237,177,192,192,205,205,303,303,317,107,120,120,120],"floor_reached":21,"language":"KOR","playtime":404,"items_purged":["Strike_P","Strike_P"],"score":482,"play_id":"519c1ee7-5ef9-40ef-ac5c-41b5fbad1ab2","local_time":"20210223154942","is_ascension_mode":true,"campfire_choices":[{"floor":7.0,"key":"REST"},{"data":"Eruption","floor":13.0,"key":"SMITH"},{"data":"SignatureMove","floor":15.0,"key":"SMITH"}],"circlet_count":0,"master_deck":["AscendersBane","Strike_P","Strike_P","Defend_P","Defend_P","Defend_P","Eruption+1","Vigilance","EmptyFist","InnerPeace","CutThroughFate","SignatureMove+1","Omniscience","MentalFortress","Adaptation","Omniscience","Wallop+1"],"relics":["HolyWater","Blood Vial","Golden Idol","Anchor","Kunai","The Courier"],"acts_visited":["Exordium","TheCity"],"potions_floor_usage":[20],"damage_taken":[{"damage":0.0,"enemies":"2 Louse","floor":1.0,"turns":2.0},{"damage":0.0,"enemies":"Cultist","floor":2.0,"turns":3.0},{"damage":9.0,"enemies":"Jaw Worm","floor":4.0,"turns":4.0},{"damage":32.0,"enemies":"3 Sentries","floor":6.0,"turns":10.0},{"damage":3.0,"enemies":"Large Slime","floor":8.0,"turns":4.0},{"damage":11.0,"enemies":"Gremlin Nob","floor":10.0,"turns":3.0},{"damage":12.0,"enemies":"Exordium Thugs","floor":12.0,"turns":4.0},{"damage":0.0,"enemies":"2 Fungi Beasts","floor":14.0,"turns":2.0},{"damage":0.0,"enemies":"Slime Boss","floor":16.0,"turns":3.0},{"damage":11.0,"enemies":"Shell Parasite","floor":18.0,"turns":3.0},{"damage":36,"enemies":"3 Byrds","floor":20,"turns":6},{"damage":4,"enemies":"Cultist and Chosen","floor":21,"turns":5}],"seed_played":"-2706332967453605400","potions_obtained":[{"floor":4.0,"key":"Weak Potion"},{"floor":6.0,"key":"GamblersBrew"},{"floor":10.0,"key":"GamblersBrew"},{"floor":14.0,"key":"PowerPotion"},{"floor":20,"key":"GamblersBrew"}],"is_trial":false,"path_per_floor":["M","M","?","M","?","E","R","M","T","E","$","M","R","M","R","B",null,"M","$","M","M"],"character_chosen":"WATCHER","items_purchased":["Adaptation","Omniscience"],"campfire_rested":1,"item_purchase_floors":[19,19],"current_hp_per_floor":[63,65,42,35,35,5,25,24,24,15,15,5,5,7,7,9,53,44,44,10,8,8],"gold":120,"neow_bonus":"RANDOM_COMMON_RELIC","is_daily":false,"chose_seed":false,"campfire_upgraded":2,"win_rate":0.0,"timestamp":1614062982,"path_taken":["M","M","?","M","?","E","R","?","T","E","$","?","R","M","R","BOSS","M","$","M","M"],"items_purchased_type":["Card","Card"],"build_version":"2020-12-22","purchased_purges":2,"victory":false,"max_hp_per_floor":[68,68,68,68,68,68,68,68,68,68,68,68,68,68,68,68,68,68,68,68,68,68],"card_choices":[{"not_picked":["ThirdEye","Wireheading","Weave"],"picked":"SKIP","floor":1.0},{"not_picked":["DeceiveReality","Prostrate","CrushJoints"],"picked":"SKIP","floor":2.0},{"not_picked":["SashWhip","InnerPeace"],"picked":"EmptyFist","floor":4.0},{"not_picked":["WindmillStrike","Study","EmptyBody"],"picked":"SKIP","floor":6.0},{"not_picked":["Study","FlyingSleeves"],"picked":"InnerPeace","floor":8.0},{"not_picked":["FollowUp","Study"],"picked":"CutThroughFate","floor":10.0},{"not_picked":["Meditate","Swivel","FlyingSleeves"],"picked":"SKIP","floor":12.0},{"not_picked":["FlurryOfBlows","Swivel"],"picked":"SignatureMove","floor":14.0},{"not_picked":["Judgement","LessonLearned"],"picked":"Omniscience","floor":16.0},{"not_picked":["CrushJoints","JustLucky"],"picked":"MentalFortress","floor":18.0},{"not_picked":["SignatureMove","Vengeance"],"picked":"Wallop+1","floor":20}],"player_experience":1104771,"relics_obtained":[{"floor":6.0,"key":"Anchor"},{"floor":9.0,"key":"Kunai"},{"floor":10.0,"key":"The Courier"}],"event_choices":[{"damage_healed":0.0,"max_hp_gain":0.0,"max_hp_loss":0.0,"gold_gain":0.0,"event_name":"Golden Idol","player_choice":"Take Damage","floor":3.0,"gold_loss":0.0,"damage_taken":23.0,"relics_obtained":["Golden Idol"]},{"cards_removed":["Defend_P"],"damage_healed":0.0,"max_hp_gain":0.0,"max_hp_loss":0.0,"gold_gain":0.0,"event_name":"Bonfire Elementals","player_choice":"Offered Basic","floor":5.0,"gold_loss":0.0,"damage_taken":0.0}],"is_beta":false,"boss_relics":[{"not_picked":["SacredBark","SlaversCollar"],"picked":"HolyWater"}],"items_purged_floors":[11,19],"is_endless":false,"potions_floor_spawned":[4,6,10,14,16,18,20],"killed_by":"Cultist and Chosen","ascension_level":20}}