{"host":"4yf2n7l3ni368tvf","time":1614050070,"event":{"mods":["AchievementEnabler","BaseMod","Colored Map","DeckTracker","Minty Spire (QoL Compilation)","SuperFastMode"],"gold_per_floor":[110,124,199,218,229,256,273,273,273,292,306,306,121,55,55,154,154,172,182,66,91,102,102,102,135,135,135,135,135,135],"floor_reached":29,"language":"KOR","playtime":1003,"items_purged":[],"score":431,"play_id":"6d468242-0e62-4e6d-91ff-71dd3de14893","local_time":"20210223121430","is_ascension_mode":true,"campfire_choices":[{"floor":8.0,"key":"REST"},{"floor":12.0,"key":"REST"},{"floor":15.0,"key":"REST"},{"floor":23.0,"key":"REST"},{"floor":27,"key":"REST"},{"floor":28,"key":"REST"}],"circlet_count":0,"master_deck":["Strike_G","Strike_G","Strike_G","Defend_G","Defend_G","Defend_G","Defend_G","Survivor","Neutralize","Dodge and Roll","Infinite Blades","Dagger Spray","Leg Sweep","Bouncing Flask","Noxious Fumes","Noxious Fumes","Noxious Fumes","Storm of Steel","Dagger Throw+1","Slice+1","Expertise+1","Cloak And Dagger+1","Bane","Catalyst","Crippling Poison","Terror+1","Accuracy","Poisoned Stab"],"relics":["Ring of the Snake","WingedGreaves","Dead Branch","The Courier","Lantern","Astrolabe","Smiling Mask","Bottled Tornado","Ice Cream"],"acts_visited":["Exordium","TheCity"],"potions_floor_usage":[25,25],"damage_taken":[{"damage":0.0,"enemies":"Jaw Worm","floor":1.0,"turns":5.0},{"damage":2.0,"enemies":"Cultist","floor":2.0,"turns":5.0},{"damage":0.0,"enemies":"Small Slimes","floor":4.0,"turns":3.0},{"damage":6.0,"enemies":"Looter","floor":5.0,"turns":4.0},{"damage":48.0,"enemies":"Gremlin Nob","floor":6.0,"turns":5.0},{"damage":0.0,"enemies":"Red Slaver","floor":7.0,"turns":5.0},{"damage":11.0,"enemies":"3 Louse","floor":10.0,"turns":3.0},{"damage":1.0,"enemies":"Looter","floor":11.0,"turns":4.0},{"damage":28.0,"enemies":"Slime Boss","floor":16.0,"turns":8.0},{"damage":0.0,"enemies":"Spheric Guardian","floor":18.0,"turns":3.0},{"damage":8.0,"enemies":"Shell Parasite","floor":19.0,"turns":6.0},{"damage":22.0,"enemies":"Snecko","floor":22.0,"turns":5.0},{"damage":37,"enemies":"Slavers","floor":25,"turns":3},{"damage":44,"enemies":"Book of Stabbing","floor":29,"turns":5}],"seed_played":"4146549751922341823","potions_obtained":[{"floor":4.0,"key":"BlessingOfTheForge"},{"floor":7.0,"key":"Poison Potion"},{"floor":10.0,"key":"Dexterity Potion"},{"floor":16.0,"key":"Poison Potion"},{"floor":18.0,"key":"Strength Potion"}],"is_trial":false,"path_per_floor":["M","M","?","M","M","E","M","R","T","M","M","R","$","$","R","B",null,"M","M","$","T","M","R","?","E","T","R","R","E"],"character_chosen":"THE_SILENT","items_purchased":["Lantern","Noxious Fumes","Noxious Fumes","Catalyst","Crippling Poison"],"campfire_rested":6,"item_purchase_floors":[13,13,14,20,20],"current_hp_per_floor":[63,61,55,55,49,1,1,19,19,8,7,25,25,25,43,15,51,51,43,43,43,21,39,39,2,2,20,38,0,0],"gold":135,"neow_bonus":"ONE_RARE_RELIC","is_daily":false,"chose_seed":false,"campfire_upgraded":0,"win_rate":0.0,"timestamp":1614050070,"path_taken":["M","M","?","M","M","E","M","R","T","?","M","R","$","$","R","BOSS","M","M","$","?","M","R","?","E","T","R","R","E"],"items_purchased_type":["Relic","Card","Card","Card","Card"],"build_version":"2020-12-22","purchased_purges":0,"victory":false,"max_hp_per_floor":[63,63,63,63,63,63,63,63,63,63,63,63,63,63,63,63,63,63,63,63,63,63,63,63,63,63,63,63,63,63],"card_choices":[{"not_picked":["Slice","Backflip"],"picked":"Dodge and Roll","floor":1.0},{"not_picked":["Caltrops","Bane"],"picked":"Infinite Blades","floor":2.0},{"not_picked":["Heel Hook","Quick Slash"],"picked":"Dagger Spray","floor":4.0},{"not_picked":["Reflex","Glass Knife","Dagger Spray"],"picked":"SKIP","floor":5.0},{"not_picked":["Acrobatics","Flechettes"],"picked":"Leg Sweep","floor":6.0},{"not_picked":["PiercingWail","Predator"],"picked":"Bouncing Flask","floor":7.0},{"not_picked":["Night Terror","Tactician"],"picked":"Noxious Fumes","floor":10.0},{"not_picked":["Dagger Throw","Quick Slash","Concentrate"],"picked":"SKIP","floor":11.0},{"not_picked":["Doppelganger","Glass Knife"],"picked":"Storm of Steel","floor":16.0},{"not_picked":["Flying Knee+1","PiercingWail"],"picked":"Cloak And Dagger+1","floor":18.0},{"not_picked":["Backflip","Masterful Stab+1"],"picked":"Bane","floor":19.0},{"not_picked":["Eviscerate","Outmaneuver"],"picked":"Terror+1","floor":22.0},{"not_picked":["Quick Slash","Eviscerate"],"picked":"Poisoned Stab","floor":25}],"player_experience":269151,"relics_obtained":[{"floor":6.0,"key":"Dead Branch"},{"floor":9.0,"key":"The Courier"},{"floor":21.0,"key":"Smiling Mask"},{"floor":25,"key":"Bottled Tornado"},{"floor":26,"key":"Ice Cream"}],"event_choices":[{"damage_healed":0.0,"max_hp_gain":0.0,"max_hp_loss":0.0,"gold_gain":75.0,"event_name":"FaceTrader","player_choice":"Touch","floor":3.0,"gold_loss":0.0,"damage_taken":6.0},{"damage_healed":0.0,"max_hp_gain":0.0,"max_hp_loss":0.0,"gold_gain":0.0,"event_name":"The Library","player_choice":"Read","floor":24.0,"gold_loss":0.0,"damage_taken":0.0,"cards_obtained":["Accuracy"]}],"is_beta":false,"boss_relics":[{"not_picked":["Philosopher\u0027s Stone","Runic Pyramid"],"picked":"Astrolabe"}],"items_purged_floors":[],"is_endless":false,"potions_floor_spawned":[4,7,10,16,18,19],"killed_by":"Book of Stabbing","ascension_level":5}}