{"host":"z9rwthyxsf7d04ix","time":1614089748,"event":{"mods":["AchievementEnabler","BaseMod","Colored Map","Colored Powertips","Minty Spire (QoL Compilation)","Quick Restart"],"gold_per_floor":[116,128,142,158,158,189,189,264,264,264,295,295,318,344,344,463,463,481,500,500,500,519,519,519],"floor_reached":23,"language":"ENG","playtime":1805,"items_purged":[],"score":241,"play_id":"7fd58e39-fcd4-411b-af50-1449b015a446","local_time":"20210223161548","is_ascension_mode":true,"campfire_choices":[{"data":"1","floor":7,"key":"LIFT"},{"floor":10,"key":"REST"},{"floor":15,"key":"REST"}],"circlet_count":0,"master_deck":["Strike_R","Strike_R","Strike_R","Strike_R","Strike_R","Defend_R","Defend_R","Bash","Iron Wave","Anger","Battle Trance","Ghostly Armor","Pummel+1","Injury","Immolate+1","Burning Pact","Bludgeon+1","CurseOfTheBell","Iron Wave+1","Reckless Charge+1","Dropkick+1"],"relics":["Burning Blood","Bird Faced Urn","Smiling Mask","Girya","Kunai","Molten Egg 2","Golden Idol","Odd Mushroom","Calling Bell","Tiny Chest","Pantograph","TungstenRod"],"acts_visited":["Exordium","TheCity"],"potions_floor_usage":[6,23,23],"damage_taken":[{"damage":1,"enemies":"Cultist","floor":1,"turns":3},{"damage":2,"enemies":"2 Louse","floor":2,"turns":3},{"damage":0,"enemies":"Small Slimes","floor":3,"turns":3},{"damage":18,"enemies":"3 Louse","floor":4,"turns":4},{"damage":26,"enemies":"Gremlin Nob","floor":6,"turns":4},{"damage":29,"enemies":"Lagavulin","floor":11,"turns":6},{"damage":1,"enemies":"Looter","floor":13,"turns":3},{"damage":0,"enemies":"The Mushroom Lair","floor":14,"turns":1},{"damage":15,"enemies":"Slime Boss","floor":16,"turns":9},{"damage":18,"enemies":"Shell Parasite","floor":18,"turns":7},{"damage":8,"enemies":"Chosen","floor":19,"turns":5},{"damage":42,"enemies":"Snake Plant","floor":22,"turns":6},{"damage":22,"enemies":"Book of Stabbing","floor":23,"turns":5}],"seed_played":"-4488148534967698257","potions_obtained":[{"floor":2,"key":"SpeedPotion"},{"floor":4,"key":"CultistPotion"},{"floor":6,"key":"Fire Potion"},{"floor":22,"key":"SkillPotion"}],"is_trial":false,"path_per_floor":["M","M","M","M","?","E","R","?","T","R","E","?","M","?","R","B",null,"M","M","?","?","M","E"],"character_chosen":"IRONCLAD","items_purchased":[],"campfire_rested":2,"item_purchase_floors":[],"current_hp_per_floor":[72,72,72,60,57,37,37,26,26,47,24,24,29,35,56,47,72,60,58,58,58,22,0,0],"gold":519,"neow_bonus":"ONE_RARE_RELIC","is_daily":false,"chose_seed":false,"campfire_upgraded":0,"win_rate":0.0,"timestamp":1614089748,"path_taken":["M","?","?","M","?","E","R","?","T","R","E","?","M","?","R","BOSS","M","M","?","?","M","E"],"items_purchased_type":[],"build_version":"2020-12-22","purchased_purges":0,"victory":false,"max_hp_per_floor":[72,72,72,72,72,72,72,72,72,72,72,72,72,72,72,72,72,72,72,72,72,72,72,72],"card_choices":[{"not_picked":["Wild Strike","Body Slam"],"picked":"Iron Wave","floor":1},{"not_picked":["Headbutt","Burning Pact"],"picked":"Anger","floor":2},{"not_picked":["Whirlwind","Evolve","Havoc"],"picked":"SKIP","floor":3},{"not_picked":["Clothesline","Anger"],"picked":"Battle Trance","floor":4},{"not_picked":["Heavy Blade","Twin Strike"],"picked":"Ghostly Armor","floor":6},{"not_picked":["Sentinel","Disarm"],"picked":"Pummel+1","floor":11},{"not_picked":["Feel No Pain","Entrench"],"picked":"Immolate+1","floor":13},{"not_picked":["Wild Strike+1","Rupture"],"picked":"Burning Pact","floor":14},{"not_picked":["Corruption","Limit Break"],"picked":"Bludgeon+1","floor":16},{"not_picked":["Clash+1","Rampage+1","Wild Strike+1"],"picked":"SKIP","floor":18},{"not_picked":["Intimidate","Sword Boomerang+1"],"picked":"Iron Wave+1","floor":19},{"not_picked":["Brutality","Heavy Blade+1","Dark Embrace"],"picked":"SKIP","floor":22}],"player_experience":779231,"relics_obtained":[{"floor":6,"key":"Girya"},{"floor":9,"key":"Kunai"},{"floor":11,"key":"Molten Egg 2"},{"floor":14,"key":"Odd Mushroom"},{"floor":17,"key":"Tiny Chest"},{"floor":17,"key":"Pantograph"},{"floor":17,"key":"TungstenRod"}],"event_choices":[{"damage_healed":0,"gold_gain":0,"player_choice":"Success","damage_taken":3,"relics_obtained":["Smiling Mask"],"max_hp_gain":0,"max_hp_loss":0,"event_name":"Scrap Ooze","floor":5,"gold_loss":0},{"damage_healed":0,"gold_gain":75,"player_choice":"Gather Gold","damage_taken":11,"max_hp_gain":0,"max_hp_loss":0,"event_name":"World of Goop","floor":8,"gold_loss":0},{"damage_healed":0,"gold_gain":0,"player_choice":"Take Wound","damage_taken":0,"relics_obtained":["Golden Idol"],"max_hp_gain":0,"max_hp_loss":0,"event_name":"Golden Idol","floor":12,"gold_loss":0,"cards_obtained":["Injury"]},{"damage_healed":0,"gold_gain":0,"player_choice":"Fought Mushrooms","damage_taken":0,"max_hp_gain":0,"max_hp_loss":0,"event_name":"Mushrooms","floor":14,"gold_loss":0},{"damage_healed":0,"gold_gain":0,"cards_transformed":["Defend_R","Defend_R"],"player_choice":"Became Test Subject","damage_taken":0,"max_hp_gain":0,"max_hp_loss":0,"event_name":"Drug Dealer","floor":20,"gold_loss":0,"cards_obtained":["Reckless Charge","Wild Strike"]},{"damage_healed":0,"gold_gain":0,"cards_transformed":["Wild Strike"],"player_choice":"Transformed","damage_taken":0,"max_hp_gain":0,"max_hp_loss":0,"event_name":"Transmorgrifier","floor":21,"gold_loss":0,"cards_obtained":["Dropkick"]}],"is_beta":false,"boss_relics":[{"not_picked":["Cursed Key","Velvet Choker"],"picked":"Calling Bell"}],"items_purged_floors":[],"is_endless":false,"potions_floor_spawned":[2,4,6,16,22],"killed_by":"Book of Stabbing","ascension_level":4}}