{"host":"a6m4v7p1efmaozv7","time":1614077638,"event":{"mods":["BaseMod","Colored Map","Colored Powertips","DeckTracker","Keyboard Shortcuts","Minty Spire (QoL Compilation)","Permanent Neow","Relic Stats","StSLib","SuperFastMode"],"gold_per_floor":[18,18,34,54,54,79,103,103,103,103,103,28,28,52,52,141,141,164,2,16,31,31,31,49,88,162,196,196,239,364,385,385,479,479,493,506,506,839,42,70,70,97,122,155,171,215,225,273,273,273,273,273,273,66,93,93],"floor_reached":57,"language":"ENG","playtime":3130,"items_purged":["Strike_R","Sever Soul+1","Shrug It Off+1"],"score":3515,"play_id":"33d37533-b03d-46d8-8bb6-37709eb4d7f1","local_time":"20210223195358","is_ascension_mode":true,"campfire_choices":[{"data":"Shrug It Off","floor":8.0,"key":"SMITH"},{"data":"Bash","floor":11.0,"key":"SMITH"},{"data":"Second Wind","floor":13.0,"key":"SMITH"},{"data":"Pommel Strike","floor":15.0,"key":"SMITH"},{"data":"Body Slam","floor":23.0,"key":"SMITH"},{"floor":28.0,"key":"REST"},{"data":"Strike_R","floor":32,"key":"PURGE"},{"data":"Bash+1","floor":41,"key":"PURGE"},{"floor":49,"key":"RECALL"},{"data":"Defend_R","floor":53,"key":"PURGE"}],"circlet_count":0,"master_deck":["AscendersBane","Defend_R","Shrug It Off+1","Second Wind+1","Pommel Strike+1","Feed","Body Slam+1","Entrench+1","Disarm+1","Finesse","Evolve+1"],"relics":["Burning Blood","Pantograph","Sozu","TheAbacus","Anchor","Eternal Feather","StoneCalendar","Peace Pipe","Shuriken","Astrolabe","HornCleat","Prayer Wheel","Bottled Lightning","CeramicFish","Smiling Mask","Kunai","Turnip","Bag of Preparation","Orichalcum"],"acts_visited":["Exordium","TheCity","TheBeyond","TheEnding"],"potions_floor_usage":[],"damage_taken":[{"damage":4.0,"enemies":"2 Louse","floor":1.0,"turns":4.0},{"damage":4.0,"enemies":"Jaw Worm","floor":3.0,"turns":4.0},{"damage":7.0,"enemies":"Cultist","floor":4.0,"turns":4.0},{"damage":20.0,"enemies":"Exordium Wildlife","floor":6.0,"turns":10.0},{"damage":32.0,"enemies":"Large Slime","floor":7.0,"turns":10.0},{"damage":12.0,"enemies":"2 Fungi Beasts","floor":14.0,"turns":6.0},{"damage":5.0,"enemies":"The Guardian","floor":16.0,"turns":14.0},{"damage":17.0,"enemies":"Chosen","floor":18.0,"turns":6.0},{"damage":0.0,"enemies":"3 Byrds","floor":20.0,"turns":9.0},{"damage":0.0,"enemies":"Snake Plant","floor":21.0,"turns":3.0},{"damage":9.0,"enemies":"Snecko","floor":24.0,"turns":5.0},{"damage":55.0,"enemies":"Slavers","floor":25.0,"turns":12.0},{"damage":16.0,"enemies":"Gremlin Leader","floor":27.0,"turns":6.0},{"damage":34.0,"enemies":"Slavers","floor":29.0,"turns":7.0},{"damage":0,"enemies":"Colosseum Slavers","floor":30,"turns":5},{"damage":10,"enemies":"Colosseum Nobs","floor":30,"turns":6},{"damage":0,"enemies":"Centurion and Healer","floor":31,"turns":5},{"damage":12,"enemies":"Automaton","floor":33,"turns":7},{"damage":0,"enemies":"Orb Walker","floor":35,"turns":3},{"damage":21,"enemies":"3 Darklings","floor":36,"turns":7},{"damage":0,"enemies":"Giant Head","floor":40,"turns":5},{"damage":79,"enemies":"Nemesis","floor":42,"turns":13},{"damage":0,"enemies":"Giant Head","floor":44,"turns":5},{"damage":0,"enemies":"4 Shapes","floor":45,"turns":4},{"damage":2,"enemies":"Reptomancer","floor":46,"turns":5},{"damage":0,"enemies":"Transient","floor":47,"turns":6},{"damage":14,"enemies":"2 Orb Walkers","floor":48,"turns":4},{"damage":0,"enemies":"Awakened One","floor":50,"turns":8},{"damage":0,"enemies":"Donu and Deca","floor":51,"turns":5},{"damage":0,"enemies":"Shield and Spear","floor":55,"turns":4},{"damage":0,"enemies":"The Heart","floor":56,"turns":7}],"seed_played":"259844506927604537","potions_obtained":[{"floor":4.0,"key":"Swift Potion"},{"floor":6.0,"key":"HeartOfIron"}],"is_trial":false,"path_per_floor":["M","?","M","M","?","M","M","R","T","?","R","$","R","M","R","B",null,"M","$","M","M","?","R","M","E","T","E","R","E","?","M","R","B",null,"M","M","?","?","$","E","R","E","T","E","M","E","M","?","R","B","B",null,"R","$","E","B",null],"character_chosen":"IRONCLAD","items_purchased":["TheAbacus","Finesse","HornCleat","Prayer Wheel","Bag of Preparation"],"campfire_rested":1,"item_purchase_floors":[19,39,39,39,54],"current_hp_per_floor":[70,68,68,67,67,53,27,27,27,27,27,27,27,21,21,47,63,52,52,61,67,67,67,67,21,21,11,40,12,20,26,32,51,75,84,69,69,69,69,75,81,8,8,17,26,30,36,31,37,71,101,101,101,101,104,107],"gold":93,"neow_bonus":"REMOVE_TWO","is_daily":false,"chose_seed":false,"campfire_upgraded":5,"win_rate":0.0,"timestamp":1614077638,"path_taken":["M","?","M","M","?","M","?","R","T","?","R","$","R","M","R","BOSS","M","$","M","M","?","R","M","E","T","E","R","E","?","?","R","BOSS","M","M","?","?","$","E","R","E","T","E","M","E","M","?","R","BOSS","BOSS","R","$","E","BOSS"],"items_purchased_type":["Relic","Card","Relic","Relic","Relic"],"build_version":"2020-12-22","purchased_purges":3,"victory":true,"max_hp_per_floor":[75,68,68,68,68,68,68,68,68,68,68,68,68,68,68,68,68,68,68,71,71,71,71,74,77,77,77,77,77,83,83,83,83,83,86,86,86,86,86,86,86,86,86,89,92,92,92,95,95,98,101,101,101,101,104,107],"relic_stats":{"counters":[31,199],"Astrolabe":["Entrench","Sever Soul","Carnage"],"CeramicFish":9,"Eternal Feather":24,"StoneCalendar":[178],"Bag of Preparation":[4],"Orichalcum":[0],"Smiling Mask":75,"Burning Blood":168,"Sozu":8,"Peace Pipe":3,"TheAbacus":[1536],"Shuriken":[39],"Pantograph":100,"Prayer Wheel":2,"Turnip":[2],"Kunai":[23],"obtain_stats":[{"Golden Idol":2,"Astrolabe":34,"CeramicFish":42,"Eternal Feather":26,"StoneCalendar":27,"Bag of Preparation":54,"Orichalcum":55,"Smiling Mask":44,"Burning Blood":0,"Sozu":17,"Peace Pipe":30,"Anchor":25,"TheAbacus":19,"HornCleat":39,"Shuriken":30,"Pantograph":9,"Prayer Wheel":39,"Turnip":48,"Bottled Lightning":40,"Kunai":46},{"Golden Idol":1,"Astrolabe":18,"CeramicFish":22,"Eternal Feather":12,"StoneCalendar":13,"Bag of Preparation":29,"Orichalcum":30,"Smiling Mask":23,"Burning Blood":0,"Sozu":7,"Peace Pipe":16,"Anchor":12,"TheAbacus":8,"HornCleat":20,"Shuriken":16,"Pantograph":5,"Prayer Wheel":20,"Turnip":27,"Bottled Lightning":21,"Kunai":25},{"Golden Idol":4,"Astrolabe":123,"CeramicFish":151,"Eternal Feather":87,"StoneCalendar":93,"Bag of Preparation":188,"Orichalcum":192,"Smiling Mask":156,"Burning Blood":0,"Sozu":52,"Peace Pipe":111,"Anchor":87,"TheAbacus":58,"HornCleat":133,"Shuriken":111,"Pantograph":32,"Prayer Wheel":133,"Turnip":175,"Bottled Lightning":138,"Kunai":165}]},"card_choices":[{"not_picked":["Flex","Sword Boomerang","Headbutt"],"picked":"SKIP","floor":1.0},{"not_picked":["Seeing Red","Anger"],"picked":"Shrug It Off","floor":3.0},{"not_picked":["Shrug It Off","Warcry"],"picked":"Iron Wave","floor":4.0},{"not_picked":["Metallicize","Ghostly Armor"],"picked":"Second Wind","floor":6.0},{"not_picked":["Shrug It Off","True Grit","Twin Strike"],"picked":"SKIP","floor":7.0},{"not_picked":["Dual Wield","Thunderclap"],"picked":"Pommel Strike","floor":14.0},{"not_picked":["Demon Form","Brutality"],"picked":"Feed","floor":16.0},{"not_picked":["Perfected Strike","Anger","Headbutt"],"picked":"SKIP","floor":18.0},{"not_picked":["Twin Strike","Disarm"],"picked":"Body Slam","floor":20.0},{"not_picked":["True Grit","Intimidate"],"picked":"Shrug It Off+1","floor":21.0},{"not_picked":["Ghostly Armor+1","Rampage","Metallicize"],"picked":"SKIP","floor":24.0},{"not_picked":["Clash","Brutality","Pommel Strike"],"picked":"SKIP","floor":25.0},{"not_picked":["Disarm+1","Flame Barrier","Carnage"],"picked":"SKIP","floor":27.0},{"not_picked":["Disarm+1","Flame Barrier","Carnage"],"picked":"SKIP","floor":27.0},{"not_picked":["Disarm+1","Flame Barrier","Carnage"],"picked":"SKIP","floor":27.0},{"not_picked":["Disarm+1","Flame Barrier","Carnage"],"picked":"SKIP","floor":27.0},{"not_picked":["Pommel Strike","Armaments","Shrug It Off"],"picked":"SKIP","floor":29.0},{"not_picked":["Pommel Strike","Armaments","Shrug It Off"],"picked":"SKIP","floor":29.0},{"not_picked":["Thunderclap","Clothesline","Searing Blow"],"picked":"SKIP","floor":31},{"not_picked":["Shrug It Off","Hemokinesis"],"picked":"Disarm+1","floor":35},{"not_picked":["Anger","Carnage","Clothesline"],"picked":"SKIP","floor":36},{"not_picked":["Thunderclap","Carnage","Disarm"],"picked":"SKIP","floor":40},{"not_picked":["Shrug It Off","Sentinel","Second Wind"],"picked":"SKIP","floor":42},{"not_picked":["Wild Strike","Pommel Strike","Iron Wave"],"picked":"SKIP","floor":44},{"not_picked":["Double Tap","Anger+1","True Grit"],"picked":"SKIP","floor":45},{"not_picked":["Flex","Clothesline","Pummel"],"picked":"SKIP","floor":45},{"not_picked":["Feel No Pain","True Grit"],"picked":"Evolve+1","floor":46},{"not_picked":["Wild Strike","Anger","Twin Strike"],"picked":"SKIP","floor":47},{"not_picked":["Sentinel+1","Warcry+1","Pommel Strike+1"],"picked":"SKIP","floor":47},{"not_picked":["Dropkick","Dual Wield+1","Shrug It Off"],"picked":"SKIP","floor":55}],"player_experience":2024173,"relics_obtained":[{"floor":9.0,"key":"Pantograph"},{"floor":25.0,"key":"Anchor"},{"floor":26.0,"key":"Eternal Feather"},{"floor":27.0,"key":"StoneCalendar"},{"floor":30,"key":"Peace Pipe"},{"floor":30,"key":"Shuriken"},{"floor":40,"key":"Bottled Lightning"},{"floor":42,"key":"CeramicFish"},{"floor":44,"key":"Smiling Mask"},{"floor":46,"key":"Kunai"},{"floor":48,"key":"Turnip"},{"floor":55,"key":"Orichalcum"}],"event_choices":[{"damage_healed":0.0,"max_hp_gain":0.0,"max_hp_loss":7.0,"gold_gain":0.0,"event_name":"Golden Idol","player_choice":"Lose Max HP","floor":2.0,"gold_loss":0.0,"damage_taken":0.0,"relics_obtained":["Golden Idol"]},{"cards_removed":["Strike_R"],"damage_healed":0.0,"max_hp_gain":0.0,"max_hp_loss":0.0,"gold_gain":0.0,"event_name":"Bonfire Elementals","player_choice":"Offered Basic","floor":5.0,"gold_loss":0.0,"damage_taken":0.0},{"damage_healed":0.0,"max_hp_gain":0.0,"max_hp_loss":0.0,"gold_gain":0.0,"event_name":"Liars Game","player_choice":"Ignored","floor":10.0,"gold_loss":0.0,"damage_taken":0.0},{"damage_healed":0.0,"max_hp_gain":0.0,"max_hp_loss":0.0,"gold_gain":0.0,"event_name":"Cursed Tome","player_choice":"Ignored","floor":22.0,"gold_loss":0.0,"damage_taken":0.0},{"damage_healed":0,"gold_gain":0,"player_choice":"Fight","damage_taken":0,"max_hp_gain":0,"max_hp_loss":0,"event_name":"Colosseum","floor":30,"gold_loss":0},{"damage_healed":0,"gold_gain":0,"player_choice":"Fought Nobs","damage_taken":0,"max_hp_gain":0,"max_hp_loss":0,"event_name":"Colosseum","floor":30,"gold_loss":0},{"cards_removed":["Carnage"],"damage_healed":0,"gold_gain":0,"player_choice":"Removed Attack","damage_taken":0,"max_hp_gain":0,"max_hp_loss":0,"event_name":"Falling","floor":37,"gold_loss":0},{"damage_healed":0,"gold_gain":333,"player_choice":"Gave Idol","damage_taken":0,"max_hp_gain":0,"max_hp_loss":0,"event_name":"The Moai Head","floor":38,"relics_lost":["Golden Idol"],"gold_loss":0},{"damage_healed":0,"gold_gain":0,"player_choice":"Fight","damage_taken":0,"max_hp_gain":0,"max_hp_loss":0,"event_name":"Mysterious Sphere","floor":48,"gold_loss":0}],"is_beta":false,"boss_relics":[{"not_picked":["Black Star","Ectoplasm"],"picked":"Sozu"},{"not_picked":["Runic Dome","Mark of Pain"],"picked":"Astrolabe"}],"items_purged_floors":[12,39,54],"is_endless":false,"potions_floor_spawned":[4,6,18,20,24,27,30,36,42,44,45,47],"ascension_level":20}}