{"host":"dkr0dog13pegamnp","time":1614087948,"event":{"mods":["AchievementEnabler","BaseMod","Minty Spire (QoL Compilation)","Rare Cards Sparkle","StSLib","SuperFastMode","everything is the same but u backflip on backflip"],"gold_per_floor":[213,388,400,416,15,44,44,74,74,74,0,12,12,26,26,104,104,119,137,163,178,178,207,227,64,64,64,1,13,13,46,46,120,120,139,159,39,39,56,86,99,133,133,146,146,146,171,191,191,191,191],"floor_reached":50,"language":"KOR","playtime":1626,"items_purged":["Doubt","Strike_G","Strike_G"],"score":1205,"play_id":"8525f926-9bac-4a89-bd8a-3a468c68b7da","local_time":"20210223224548","is_ascension_mode":true,"campfire_choices":[{"data":"Footwork","floor":7.0,"key":"SMITH"},{"data":"Blade Dance","floor":13.0,"key":"SMITH"},{"data":"Burst","floor":15.0,"key":"SMITH"},{"data":"Footwork","floor":27.0,"key":"SMITH"},{"data":"Terror","floor":30.0,"key":"SMITH"},{"data":"A Thousand Cuts","floor":32.0,"key":"SMITH"},{"floor":49,"key":"RECALL"}],"circlet_count":0,"master_deck":["AscendersBane","Defend_G+1","Defend_G+1","Defend_G","Defend_G","Defend_G","Survivor","Neutralize","Dagger Spray","Backflip","Footwork+1","Burst+1","Blade Dance+1","After Image","A Thousand Cuts+1","Terror+1","Footwork+1","Cloak And Dagger","Malaise","Escape Plan","PiercingWail","Footwork+1"],"relics":["Ring of the Snake","Membership Card","PreservedInsect","Pantograph","Orichalcum","Ninja Scroll","Kunai","War Paint","WristBlade","Blood Vial","The Courier","Vajra","Mercury Hourglass","Snake Skull","Empty Cage","OrangePellets","Pen Nib","Dream Catcher","Ornamental Fan","Regal Pillow"],"acts_visited":["Exordium","TheCity","TheBeyond"],"potions_floor_usage":[40,42,44,46],"damage_taken":[{"damage":3.0,"enemies":"2 Louse","floor":1.0,"turns":4.0},{"damage":2.0,"enemies":"Cultist","floor":3.0,"turns":4.0},{"damage":0.0,"enemies":"Small Slimes","floor":4.0,"turns":3.0},{"damage":23.0,"enemies":"Lagavulin","floor":6.0,"turns":7.0},{"damage":12.0,"enemies":"3 Sentries","floor":8.0,"turns":7.0},{"damage":0.0,"enemies":"Looter","floor":12.0,"turns":3.0},{"damage":11.0,"enemies":"Exordium Thugs","floor":14.0,"turns":5.0},{"damage":0.0,"enemies":"The Guardian","floor":16.0,"turns":17.0},{"damage":4.0,"enemies":"2 Thieves","floor":18.0,"turns":3.0},{"damage":0.0,"enemies":"3 Byrds","floor":19.0,"turns":4.0},{"damage":0.0,"enemies":"3 Cultists","floor":21.0,"turns":6.0},{"damage":18.0,"enemies":"Slavers","floor":23.0,"turns":6.0},{"damage":0.0,"enemies":"Centurion and Healer","floor":24.0,"turns":7.0},{"damage":2.0,"enemies":"Snake Plant","floor":29.0,"turns":5.0},{"damage":0.0,"enemies":"Gremlin Leader","floor":31.0,"turns":2.0},{"damage":12,"enemies":"Collector","floor":33,"turns":6},{"damage":0,"enemies":"Orb Walker","floor":35,"turns":4},{"damage":0,"enemies":"3 Shapes","floor":36,"turns":6},{"damage":0,"enemies":"Writhing Mass","floor":39,"turns":6},{"damage":0,"enemies":"Nemesis","floor":40,"turns":9},{"damage":0,"enemies":"Sphere and 2 Shapes","floor":41,"turns":5},{"damage":1,"enemies":"Reptomancer","floor":42,"turns":2},{"damage":0,"enemies":"Jaw Worm Horde","floor":44,"turns":5},{"damage":0,"enemies":"Transient","floor":46,"turns":2},{"damage":0,"enemies":"Nemesis","floor":47,"turns":6},{"damage":0,"enemies":"3 Darklings","floor":48,"turns":6},{"damage":73,"enemies":"Time Eater","floor":50,"turns":8}],"seed_played":"-4158822962070162927","potions_obtained":[{"floor":4.0,"key":"SteroidPotion"},{"floor":6.0,"key":"SkillPotion"},{"floor":14.0,"key":"LiquidBronze"},{"floor":19.0,"key":"LiquidMemories"},{"floor":24.0,"key":"Explosive Potion"},{"floor":33,"key":"SneckoOil"},{"floor":36,"key":"Block Potion"},{"floor":39,"key":"Swift Potion"},{"floor":41,"key":"LiquidMemories"},{"floor":42,"key":"SmokeBomb"}],"is_trial":false,"path_per_floor":["M","?","M","M","$","E","R","E","T","?","$","M","R","M","R","B",null,"M","M","T","M","?","E","M","$","T","R","$","M","R","E","R","B",null,"M","M","$","?","M","E","M","E","T","M","?","M","E","M","R","B"],"character_chosen":"THE_SILENT","items_purchased":["Membership Card","PreservedInsect","Footwork","Pantograph","War Paint","Footwork","Vajra","Cloak And Dagger","OrangePellets","Pen Nib"],"campfire_rested":0,"item_purchase_floors":[5,5,5,5,11,25,25,25,37,37],"current_hp_per_floor":[56,56,54,54,54,31,31,19,19,19,19,19,19,8,8,33,58,54,54,54,56,56,40,42,42,42,42,42,42,42,44,44,54,63,65,66,66,66,66,66,66,65,65,66,63,63,63,63,63,0,0],"gold":191,"neow_bonus":"HUNDRED_GOLD","is_daily":false,"chose_seed":false,"campfire_upgraded":6,"win_rate":0.0,"timestamp":1614087948,"path_taken":["M","?","M","M","$","E","R","E","T","?","$","M","R","M","R","BOSS","M","M","?","M","?","E","M","$","T","R","$","?","R","E","R","BOSS","M","M","$","?","M","E","M","E","T","M","?","M","E","M","R","BOSS"],"items_purchased_type":["Relic","Relic","Card","Relic","Relic","Card","Relic","Card","Relic","Relic"],"build_version":"2020-12-22","purchased_purges":3,"victory":false,"max_hp_per_floor":[66,66,66,66,66,66,66,66,66,66,66,66,66,66,66,66,66,66,66,66,66,66,66,66,66,66,66,66,66,66,66,66,66,66,66,66,66,66,66,66,66,66,66,66,63,63,63,63,63,63,63],"card_choices":[{"not_picked":["Deadly Poison","Expertise"],"picked":"Dagger Spray","floor":1.0},{"not_picked":["Infinite Blades","Skewer","Masterful Stab"],"picked":"SKIP","floor":3.0},{"not_picked":["Outmaneuver","Dodge and Roll"],"picked":"Backflip","floor":4.0},{"not_picked":["Backflip","Deflect"],"picked":"Burst","floor":6.0},{"not_picked":["Dagger Spray","Caltrops"],"picked":"Blade Dance","floor":8.0},{"not_picked":["Quick Slash","Deadly Poison","Slice"],"picked":"SKIP","floor":12.0},{"not_picked":["Quick Slash","Setup","Concentrate"],"picked":"SKIP","floor":14.0},{"not_picked":["Night Terror","Die Die Die"],"picked":"After Image","floor":16.0},{"not_picked":["Slice","Caltrops","Outmaneuver"],"picked":"SKIP","floor":18.0},{"not_picked":["PiercingWail","All Out Attack"],"picked":"Noxious Fumes","floor":19.0},{"not_picked":["Dodge and Roll","Bane"],"picked":"A Thousand Cuts","floor":21.0},{"not_picked":["Concentrate","Expertise","PiercingWail"],"picked":"SKIP","floor":23.0},{"not_picked":["Dagger Throw","Outmaneuver"],"picked":"Terror","floor":24.0},{"not_picked":["Dodge and Roll+1","Distraction","Underhanded Strike"],"picked":"SKIP","floor":29.0},{"not_picked":["Flechettes","All Out Attack","Poisoned Stab"],"picked":"SKIP","floor":31.0},{"not_picked":["Burst","Grand Finale"],"picked":"Malaise","floor":33},{"not_picked":["Bane","Concentrate","Catalyst"],"picked":"SKIP","floor":35},{"not_picked":["Prepared","Bane"],"picked":"Escape Plan","floor":36},{"not_picked":["Crippling Poison","Acrobatics","Endless Agony"],"picked":"SKIP","floor":39},{"not_picked":["Doppelganger","Noxious Fumes","Quick Slash"],"picked":"SKIP","floor":40},{"not_picked":["Acrobatics+1","Poisoned Stab","Quick Slash"],"picked":"SKIP","floor":41},{"not_picked":["Setup","Flying Knee","Acrobatics"],"picked":"SKIP","floor":42},{"not_picked":["Acrobatics","All Out Attack"],"picked":"PiercingWail","floor":44},{"not_picked":["Reflex+1","Tools of the Trade"],"picked":"Footwork+1","floor":47},{"not_picked":["Flying Knee+1","Flechettes","PiercingWail"],"picked":"SKIP","floor":48}],"player_experience":102547,"relics_obtained":[{"floor":6.0,"key":"Orichalcum"},{"floor":8.0,"key":"Ninja Scroll"},{"floor":9.0,"key":"Kunai"},{"floor":20.0,"key":"Blood Vial"},{"floor":23.0,"key":"The Courier"},{"floor":26.0,"key":"Mercury Hourglass"},{"floor":31.0,"key":"Snake Skull"},{"floor":40,"key":"Dream Catcher"},{"floor":42,"key":"Ornamental Fan"},{"floor":47,"key":"Regal Pillow"}],"event_choices":[{"damage_healed":0.0,"max_hp_gain":0.0,"max_hp_loss":0.0,"gold_gain":175.0,"event_name":"Liars Game","player_choice":"AGREE","floor":2.0,"gold_loss":0.0,"damage_taken":0.0,"cards_obtained":["Doubt"]},{"cards_removed":["Strike_G"],"damage_healed":0.0,"max_hp_gain":0.0,"max_hp_loss":0.0,"gold_gain":0.0,"event_name":"Bonfire Elementals","player_choice":"Offered Basic","floor":10.0,"gold_loss":0.0,"damage_taken":0.0},{"cards_removed":["Noxious Fumes"],"damage_healed":0.0,"max_hp_gain":0.0,"max_hp_loss":0.0,"gold_gain":0.0,"event_name":"Purifier","player_choice":"Purged","floor":22.0,"gold_loss":0.0,"damage_taken":0.0},{"damage_healed":0,"gold_gain":0,"player_choice":"Memory 1","damage_taken":0,"max_hp_gain":0,"max_hp_loss":0,"event_name":"SensoryStone","floor":38,"gold_loss":0},{"damage_healed":0,"gold_gain":0,"player_choice":"Max HP","damage_taken":0,"max_hp_gain":0,"max_hp_loss":3,"event_name":"Winding Halls","floor":45,"gold_loss":0}],"is_beta":false,"boss_relics":[{"not_picked":["Busted Crown","Calling Bell"],"picked":"WristBlade"},{"not_picked":["Velvet Choker","Ring of the Serpent"],"picked":"Empty Cage"}],"items_purged_floors":[5,25,28],"is_endless":false,"potions_floor_spawned":[4,6,14,19,24,33,36,39,41,42],"killed_by":"Time Eater","ascension_level":14}}