{"host":"d2gh6suihlstufn7","time":1614070319,"event":{"mods":["AchievementEnabler","BaseMod","Colored Map","Colored Powertips","Minty Spire (QoL Compilation)","Permanent Neow","Quick Restart","StSLib","SuperFastMode"],"gold_per_floor":[118,118,118,134,309,338,338,353,380,399,412,429,429,15,15,113,113,126,142,159,159,159],"floor_reached":21,"language":"KOR","playtime":604,"items_purged":["Doubt"],"score":183,"play_id":"4eaa9c21-6151-4e97-ab2d-213ba08450a2","local_time":"20210223175159","is_ascension_mode":false,"campfire_choices":[{"data":"Barricade","floor":13.0,"key":"SMITH"},{"floor":15.0,"key":"REST"}],"circlet_count":0,"master_deck":["Strike_R","Strike_R","Strike_R","Strike_R","Strike_R","Defend_R","Defend_R","Defend_R+1","Defend_R","Bash","Juggernaut","Body Slam+1","Armaments","Metallicize","Impervious","Barricade+1","Immolate"],"relics":["Burning Blood","Omamori","Smiling Mask","Membership Card","Bag of Marbles","Mummified Hand","SlaversCollar"],"acts_visited":["Exordium","TheCity"],"potions_floor_usage":[],"damage_taken":[{"damage":12.0,"enemies":"Small Slimes","floor":1.0,"turns":5.0},{"damage":11.0,"enemies":"Jaw Worm","floor":4.0,"turns":4.0},{"damage":43.0,"enemies":"Lagavulin","floor":6.0,"turns":10.0},{"damage":1.0,"enemies":"Cultist","floor":8.0,"turns":5.0},{"damage":5.0,"enemies":"Exordium Wildlife","floor":10.0,"turns":5.0},{"damage":0.0,"enemies":"Large Slime","floor":11.0,"turns":5.0},{"damage":0.0,"enemies":"Red Slaver","floor":12.0,"turns":4.0},{"damage":24.0,"enemies":"The Guardian","floor":16.0,"turns":9.0},{"damage":20.0,"enemies":"Spheric Guardian","floor":18.0,"turns":6.0},{"damage":42.0,"enemies":"2 Thieves","floor":19.0,"turns":5.0},{"damage":26.0,"enemies":"Snake Plant","floor":20.0,"turns":5.0},{"damage":0,"enemies":"Centurion and Healer","floor":21,"turns":1}],"seed_played":"-8004754621212161657","potions_obtained":[{"floor":1.0,"key":"Fruit Juice"},{"floor":4.0,"key":"Block Potion"},{"floor":8.0,"key":"Block Potion"},{"floor":20.0,"key":"CultistPotion"}],"is_trial":false,"path_per_floor":["M","?","T","M","?","E","?","M","T","M","M","M","R","$","R","B",null,"M","M","M","M"],"character_chosen":"IRONCLAD","items_purchased":["Membership Card","Bag of Marbles","Mummified Hand"],"campfire_rested":1,"item_purchase_floors":[14,14,14],"current_hp_per_floor":[79,62,62,57,57,20,20,25,25,26,32,38,38,38,63,45,85,71,35,15,15,15],"gold":159,"neow_bonus":"ONE_RANDOM_RARE_CARD","is_daily":false,"chose_seed":false,"campfire_upgraded":1,"win_rate":0.0,"timestamp":1614070319,"path_taken":["M","?","?","?","?","E","?","M","T","?","M","M","R","$","R","BOSS","M","M","M","M"],"items_purchased_type":["Relic","Relic","Relic"],"build_version":"2020-12-22","purchased_purges":1,"victory":false,"max_hp_per_floor":[85,85,85,85,85,85,85,85,85,85,85,85,85,85,85,85,85,85,85,85,85,85],"card_choices":[{"not_picked":["Intimidate","Bloodletting"],"picked":"Body Slam","floor":1.0},{"not_picked":["Flame Barrier","Body Slam"],"picked":"Armaments","floor":4.0},{"not_picked":["Clothesline","Combust","Pommel Strike"],"picked":"SKIP","floor":6.0},{"not_picked":["Wild Strike","Uppercut","Clothesline"],"picked":"SKIP","floor":8.0},{"not_picked":["Headbutt","Rupture","Flex"],"picked":"SKIP","floor":10.0},{"not_picked":["Anger","Pommel Strike","Havoc"],"picked":"SKIP","floor":11.0},{"not_picked":["Dual Wield","Iron Wave"],"picked":"Barricade","floor":12.0},{"not_picked":["Limit Break","Fiend Fire"],"picked":"Immolate","floor":16.0},{"not_picked":["Uppercut","Flex+1","Body Slam"],"picked":"SKIP","floor":18.0},{"not_picked":["Headbutt","Anger","Feel No Pain+1"],"picked":"SKIP","floor":19.0},{"not_picked":["Hemokinesis","Body Slam","Disarm+1"],"picked":"SKIP","floor":20.0}],"player_experience":165181,"relics_obtained":[{"floor":6.0,"key":"Omamori"},{"floor":9.0,"key":"Smiling Mask"}],"event_choices":[{"damage_healed":0.0,"max_hp_gain":0.0,"max_hp_loss":0.0,"gold_gain":0.0,"event_name":"Shining Light","player_choice":"Entered Light","floor":2.0,"gold_loss":0.0,"damage_taken":17.0,"cards_upgraded":["Body Slam","Defend_R"]},{"damage_healed":0.0,"max_hp_gain":0.0,"max_hp_loss":0.0,"gold_gain":175.0,"event_name":"Liars Game","player_choice":"AGREE","floor":5.0,"gold_loss":0.0,"damage_taken":0.0,"cards_obtained":["Doubt"]},{"damage_healed":0.0,"max_hp_gain":0.0,"max_hp_loss":0.0,"gold_gain":0.0,"event_name":"Match and Keep!","player_choice":"2 cards matched","floor":7.0,"gold_loss":0.0,"damage_taken":0.0,"cards_obtained":["Metallicize","Impervious"]}],"is_beta":false,"boss_relics":[{"not_picked":["Black Star","Runic Dome"],"picked":"SlaversCollar"}],"items_purged_floors":[14],"is_endless":false,"potions_floor_spawned":[1,4,8,20],"killed_by":"Centurion and Healer","ascension_level":0}}