{"host":"snd6571rw3150vxe","time":1614115433,"event":{"mods":["AchievementEnabler","BaseMod","Bestiary","Colored Powertips","Highlight Path","Minty Spire (QoL Compilation)","Quick Restart","Random Character Button","Relic Stats","StSLib","slay the spire mod where everything is the same but ironclad has a cowboy hat"],"gold_per_floor":[111,124,193,210,210,210,210],"floor_reached":6,"language":"ENG","playtime":80,"items_purged":[],"score":50,"play_id":"c51a7384-c269-42e7-aef6-2ad8ef9bf3c6","local_time":"20210223232353","is_ascension_mode":true,"campfire_choices":[],"circlet_count":0,"master_deck":["Strike_B","Strike_B","Strike_B","Strike_B","Defend_B","Defend_B","Defend_B","Defend_B","Zap","Dualcast","Conserve Battery","Loop","Gash","Injury"],"relics":["Cracked Core","NeowsBlessing","InkBottle","Golden Idol"],"acts_visited":["Exordium"],"potions_floor_usage":[],"damage_taken":[{"damage":0,"enemies":"Cultist","floor":1,"turns":1},{"damage":0,"enemies":"2 Louse","floor":2,"turns":2},{"damage":0,"enemies":"Small Slimes","floor":4,"turns":1},{"damage":0,"enemies":"Gremlin Nob","floor":6,"turns":2}],"seed_played":"-5929402307928292606","potions_obtained":[],"is_trial":false,"path_per_floor":["M","M","T","M","?","E"],"character_chosen":"DEFECT","items_purchased":[],"campfire_rested":0,"item_purchase_floors":[],"current_hp_per_floor":[68,68,68,68,68,68,68],"gold":210,"neow_bonus":"THREE_ENEMY_KILL","is_daily":false,"chose_seed":false,"campfire_upgraded":0,"win_rate":0.0,"timestamp":1614115433,"path_taken":["M","?","?","M","?","E"],"items_purchased_type":[],"build_version":"2020-12-22","purchased_purges":0,"victory":false,"max_hp_per_floor":[75,75,75,75,75,75,75],"relic_stats":{"counters":[4,6],"Golden Idol":0,"obtain_stats":[{"NeowsBlessing":0,"Golden Idol":5,"Cracked Core":0,"InkBottle":3},{"NeowsBlessing":0,"Golden Idol":3,"Cracked Core":0,"InkBottle":2},{"NeowsBlessing":0,"Golden Idol":4,"Cracked Core":0,"InkBottle":3}],"InkBottle":[0]},"card_choices":[{"not_picked":["Compile Driver","Turbo"],"picked":"Conserve Battery","floor":1},{"not_picked":["Hologram","Leap"],"picked":"Loop","floor":2},{"not_picked":["FTL","Undo"],"picked":"Gash","floor":4}],"player_experience":401512,"relics_obtained":[{"floor":3,"key":"InkBottle"}],"event_choices":[{"damage_healed":0,"gold_gain":0,"player_choice":"Take Wound","damage_taken":0,"relics_obtained":["Golden Idol"],"max_hp_gain":0,"max_hp_loss":0,"event_name":"Golden Idol","floor":5,"gold_loss":0,"cards_obtained":["Injury"]}],"is_beta":false,"boss_relics":[],"items_purged_floors":[],"is_endless":false,"potions_floor_spawned":[],"killed_by":"Gremlin Nob","ascension_level":8}}