{"host":"mxr7fl53uuvtjusr","time":1614110564,"event":{"mods":["2.2 Compatiblity","AchievementEnabler","Act Like it!","BaseMod","BetterRewards","Block Reminder","Colored Map","Colored Powertips","Dark Map","Highlight Path","Minty Spire (QoL Compilation)","Permanent Neow","Quick Restart","Rare Cards Sparkle","Shop Mod","Spicy Shops","StSLib"],"gold_per_floor":[118,136,155,166,182,214,214,214,214,233,244,260,260,260,260,357,357,370,370,21,36,46,78,78,78,78,78,78],"floor_reached":27,"language":"ENG","playtime":1497,"items_purged":["Strike_P"],"score":239,"play_id":"d3dcba72-f611-4aad-b405-3baf0bf2c555","local_time":"20210223120244","is_ascension_mode":false,"campfire_choices":[{"floor":8,"key":"REST"},{"data":"Eruption","floor":13,"key":"SMITH"},{"floor":15,"key":"REST"}],"circlet_count":0,"master_deck":["Strike_P","Strike_P","Strike_P","Defend_P","Defend_P","Eruption+1","Vigilance","Wallop","PathToVictory","Tantrum","FollowUp","Worship","MentalFortress","ThirdEye","DeceiveReality","WindmillStrike","Establishment","Meditate","LikeWater","Protect","BowlingBash+1","Halt+1"],"relics":["Runic Pyramid","Pantograph","White Beast Statue","VioletLotus","Bag of Preparation","Sundial","Art of War"],"acts_visited":["Exordium","TheCity"],"potions_floor_usage":[6,6,16,16,18,22,22,23,23,24],"damage_taken":[{"damage":0,"enemies":"Small Slimes","floor":1,"turns":2},{"damage":5,"enemies":"Jaw Worm","floor":2,"turns":5},{"damage":0,"enemies":"2 Louse","floor":3,"turns":2},{"damage":41,"enemies":"Gremlin Gang","floor":4,"turns":6},{"damage":4,"enemies":"2 Fungi Beasts","floor":5,"turns":3},{"damage":10,"enemies":"Lagavulin","floor":6,"turns":4},{"damage":17,"enemies":"3 Louse","floor":10,"turns":3},{"damage":0,"enemies":"Large Slime","floor":11,"turns":4},{"damage":0,"enemies":"Blue Slaver","floor":12,"turns":4},{"damage":16,"enemies":"Slime Boss","floor":16,"turns":9},{"damage":6,"enemies":"Spheric Guardian","floor":18,"turns":4},{"damage":0,"enemies":"Chosen","floor":21,"turns":6},{"damage":10,"enemies":"Snake Plant","floor":22,"turns":6},{"damage":49,"enemies":"Gremlin Leader","floor":23,"turns":8},{"damage":0,"enemies":"Centurion and Healer","floor":24,"turns":1},{"damage":9,"enemies":"Colosseum Slavers","floor":27,"turns":1}],"seed_played":"4652365389256645601","potions_obtained":[{"floor":3,"key":"EssenceOfSteel"},{"floor":5,"key":"FearPotion"},{"floor":6,"key":"BlessingOfTheForge"},{"floor":10,"key":"AttackPotion"},{"floor":11,"key":"Dexterity Potion"},{"floor":16,"key":"SkillPotion"},{"floor":18,"key":"Weak Potion"},{"floor":21,"key":"DistilledChaos"},{"floor":22,"key":"Energy Potion"},{"floor":23,"key":"SmokeBomb"}],"is_trial":false,"path_per_floor":["M","M","M","M","M","E","?","R","T","M","M","M","R","?","R","B",null,"M","?","$","M","M","E","M","?","T","?"],"character_chosen":"WATCHER","items_purchased":["LikeWater","Bag of Preparation"],"campfire_rested":2,"item_purchase_floors":[20,20],"current_hp_per_floor":[72,67,67,26,22,12,5,26,26,9,9,9,9,9,30,39,72,66,66,66,66,56,7,7,7,7,0,0],"gold":78,"neow_bonus":"BOSS_RELIC","is_daily":false,"chose_seed":false,"campfire_upgraded":1,"win_rate":0.0,"timestamp":1614110564,"path_taken":["M","M","M","M","M","E","?","R","T","M","M","M","R","?","R","BOSS","M","?","$","M","M","E","?","?","T","?"],"items_purchased_type":["Card","Relic"],"build_version":"2020-12-22","purchased_purges":1,"victory":false,"max_hp_per_floor":[72,72,72,72,72,72,72,72,72,72,72,72,72,72,72,72,72,72,72,72,72,72,72,72,72,72,72,72],"card_choices":[{"not_picked":["Crescendo","SignatureMove"],"picked":"Wallop","floor":1},{"not_picked":["CrushJoints","Fasting2"],"picked":"PathToVictory","floor":2},{"not_picked":["Weave","FlyingSleeves"],"picked":"Tantrum","floor":3},{"not_picked":["Conclude","CutThroughFate"],"picked":"FollowUp","floor":4},{"not_picked":["JustLucky","FollowUp"],"picked":"Worship","floor":5},{"not_picked":["Protect","ReachHeaven"],"picked":"MentalFortress","floor":6},{"not_picked":["FlyingSleeves","Evaluate"],"picked":"ThirdEye","floor":10},{"not_picked":["Vengeance","CrushJoints"],"picked":"DeceiveReality","floor":11},{"not_picked":["JustLucky","Weave","Fasting2"],"picked":"SKIP","floor":12},{"not_picked":["DevaForm","Omniscience"],"picked":"Establishment","floor":16},{"not_picked":["BowlingBash+1","Wireheading+1"],"picked":"Meditate","floor":18},{"not_picked":["Collect","EmptyBody+1"],"picked":"Protect","floor":21},{"not_picked":["Fasting2","EmptyMind"],"picked":"BowlingBash+1","floor":22},{"not_picked":["DeceiveReality","EmptyFist+1"],"picked":"Halt+1","floor":23}],"player_experience":240582,"relics_obtained":[{"floor":6,"key":"Pantograph"},{"floor":9,"key":"White Beast Statue"},{"floor":23,"key":"Sundial"},{"floor":26,"key":"Art of War"}],"event_choices":[{"damage_healed":0,"gold_gain":0,"player_choice":"Fled","damage_taken":7,"max_hp_gain":0,"max_hp_loss":0,"event_name":"Scrap Ooze","floor":7,"gold_loss":0},{"damage_healed":0,"gold_gain":0,"cards_transformed":["Defend_P"],"player_choice":"Change","damage_taken":0,"max_hp_gain":0,"max_hp_loss":0,"event_name":"Living Wall","floor":14,"gold_loss":0,"cards_obtained":["WindmillStrike"]},{"cards_removed":["Defend_P"],"damage_healed":0,"gold_gain":0,"player_choice":"Offered Basic","damage_taken":0,"max_hp_gain":0,"max_hp_loss":0,"event_name":"Bonfire Elementals","floor":19,"gold_loss":0},{"damage_healed":0,"gold_gain":0,"player_choice":"Ignored","damage_taken":0,"max_hp_gain":0,"max_hp_loss":0,"event_name":"Cursed Tome","floor":25,"gold_loss":0},{"damage_healed":0,"gold_gain":0,"player_choice":"Fight","damage_taken":0,"max_hp_gain":0,"max_hp_loss":0,"event_name":"Colosseum","floor":27,"gold_loss":0}],"is_beta":false,"boss_relics":[{"not_picked":["Coffee Dripper","Fusion Hammer"],"picked":"VioletLotus"}],"items_purged_floors":[20],"is_endless":false,"potions_floor_spawned":[3,5,6,10,11,12,16,18,21,22,23,24],"killed_by":"Colosseum Slavers","ascension_level":0}}