{"host":"ut3qe46kys7sl3ey","time":1614038832,"event":{"mods":["2.2 Compatiblity","AchievementEnabler","Bard","BaseMod","Bestiary","Better Altar","Better Match","Better Note","Better Sensory Stone","Better Skull","Better Third Choice","BetterRewards","Block Reminder","Colored Map","Colored Powertips","Curses Come First","DeckTracker","Downfall","Energized Spire","Friendly Minions","Highlight Path","Hubris","Infinite Spire","Minty Spire (QoL Compilation)","Permanent Neow","Quick Restart","Random Character Button","Relic Sorter","Relic Stats","Reliquary","Replay The Spire","StSLib","The Blue Laboratory","The Bug Knight","The Construct","The Cursed","The Jungle","The Mystic","The Spell Scribe","Unceasing Turn Reminder","Unknown Chances","Wandering Minibosses"],"gold_per_floor":[119,129,148,160,140,140,155,173,222,222,237,272,27,57,57,157,107,126,126,209,221,181,214,214,214,261,273,288,303,17,36,36,36,36],"floor_reached":33,"language":"ENG","playtime":2160,"items_purged":["Strike_B"],"score":281,"play_id":"bd77bb02-a38a-4501-be77-36dea839fd1d","local_time":"20210223020712","is_ascension_mode":false,"campfire_choices":[{"data":"Zap","floor":6,"key":"SMITH"},{"floor":10,"key":"REST"},{"floor":15,"key":"REST"},{"floor":25,"key":"REST"},{"data":"Mirror Shield","floor":32,"key":"SMITH"}],"circlet_count":0,"master_deck":["Strike_B","Strike_B+1","Defend_B","Defend_B","Defend_B","Defend_B","Zap+1","Dualcast","Cold Snap","BasicCrystalCard+1","BootSequence","Conserve Battery+1","Capacitor","hubris:PowerSurge","Static Discharge","Apotheosis+1","Redo","Thunder Strike","Strike_B","ReplayRNGCard","Ball Lightning+1","infinitespire:Oblivion","BootSequence","Consume+1","Mirror Shield+1","Echo Form"],"relics":["Cracked Core","Gremlin Food","hubris:Metronome","hubris:TinFlute","energizedSpire:HugeHouse","Lee\u0027s Waffle","Shovel","Nloth\u0027s Gift","Counterbalance"],"acts_visited":["Exordium","TheCity"],"potions_floor_usage":[16,33,33,33],"damage_taken":[{"damage":1,"enemies":"Cultist","floor":1,"turns":3},{"damage":8,"enemies":"Small Slimes","floor":2,"turns":3},{"damage":7,"enemies":"Jaw Worm","floor":3,"turns":3},{"damage":6,"enemies":"Looter","floor":4,"turns":3},{"damage":6,"enemies":"Exordium Thugs","floor":7,"turns":5},{"damage":5,"enemies":"3 Louse","floor":8,"turns":6},{"damage":10,"enemies":"Lots of Slimes","floor":11,"turns":4},{"damage":10,"enemies":"3 Sentries","floor":12,"turns":9},{"damage":42,"enemies":"Gremlin Nob","floor":14,"turns":6},{"damage":38,"enemies":"Slime Boss","floor":16,"turns":9},{"damage":0,"enemies":"Chosen","floor":18,"turns":4},{"damage":0,"enemies":"Spheric Guardian","floor":20,"turns":5},{"damage":0,"enemies":"Cultist and Chosen","floor":21,"turns":4},{"damage":28,"enemies":"Slavers","floor":23,"turns":5},{"damage":14,"enemies":"Chosen and Byrds","floor":28,"turns":3},{"damage":12,"enemies":"Snake Plant","floor":29,"turns":3},{"damage":18,"enemies":"Shelled Parasite and Fungi","floor":31,"turns":5},{"damage":37,"enemies":"hubris:MusketHawk","floor":33,"turns":4}],"seed_played":"7145434121331472718","potions_obtained":[{"floor":1,"key":"Toxic Potion"},{"floor":5,"key":"blueLaboratory:TrueEctoplasm"},{"floor":7,"key":"blueLaboratory:Moonshine"},{"floor":8,"key":"Regen Potion"},{"floor":12,"key":"PotionOfCapacity"},{"floor":20,"key":"blueLaboratory:AbyssPotion"},{"floor":28,"key":"DuplicationPotion"},{"floor":29,"key":"DuplicationPotion"},{"floor":31,"key":"Fire Potion"}],"is_trial":false,"path_per_floor":["M","M","M","M","?","R","M","M","T","R","M","E","$","E","R","B",null,"M","AVR","M","M","?","E","?","R","T","?","M","M","$","M","R_BF","B"],"character_chosen":"DEFECT","items_purchased":["Apotheosis","Genetic Algorithm","Counterbalance"],"campfire_rested":3,"item_purchase_floors":[13,13,30],"current_hp_per_floor":[74,66,59,53,53,53,47,42,42,64,54,44,44,2,24,1,70,70,77,77,77,77,49,49,72,72,72,58,46,46,28,28,0,0],"gold":36,"neow_bonus":"REMOVE_CARD","is_daily":false,"chose_seed":false,"campfire_upgraded":2,"win_rate":0.0,"timestamp":1614038832,"path_taken":["M","M","M","M","?","R","M","M","T","R","?","E","$","E","R","BOSS","M","AVR","M","M","?","E","?","R","T","?","?","M","$","M","R_BF","BOSS"],"items_purchased_type":["Card","Card","Relic"],"build_version":"2020-12-22","purchased_purges":1,"victory":false,"max_hp_per_floor":[75,75,75,75,75,75,75,75,75,75,75,75,75,75,75,75,70,70,77,77,77,77,77,77,77,77,77,77,77,77,77,77,77,77],"relic_stats":{"Lee\u0027s Waffle":7,"Shovel":0,"counters":[18,84],"Nloth\u0027s Gift":0,"obtain_stats":[{"Gremlin Food":9,"hubris:Metronome":12,"Lee\u0027s Waffle":19,"Shovel":23,"Counterbalance":30,"energizedSpire:HugeHouse":17,"Nloth\u0027s Gift":27,"Cracked Core":0,"MawBank":26,"hubris:TinFlute":14},{"Gremlin Food":6,"hubris:Metronome":8,"Lee\u0027s Waffle":11,"Shovel":14,"Counterbalance":16,"energizedSpire:HugeHouse":10,"Nloth\u0027s Gift":14,"Cracked Core":0,"MawBank":14,"hubris:TinFlute":9},{"Gremlin Food":23,"hubris:Metronome":36,"Lee\u0027s Waffle":55,"Shovel":69,"Counterbalance":75,"energizedSpire:HugeHouse":51,"Nloth\u0027s Gift":69,"Cracked Core":0,"MawBank":69,"hubris:TinFlute":42}]},"card_choices":[{"not_picked":["ReplayTheSpireMod:Repulse","Sweeping Beam"],"picked":"Cold Snap","floor":1},{"not_picked":["Rebound","Go for the Eyes"],"picked":"BasicCrystalCard","floor":2},{"not_picked":["Cold Snap","Compile Driver"],"picked":"BootSequence","floor":3},{"not_picked":["Panic Button","Heatsinks"],"picked":"Conserve Battery","floor":4},{"not_picked":["Panic Button","Self Repair"],"picked":"Capacitor","floor":7},{"not_picked":["Force Field","Sweeping Beam"],"picked":"hubris:PowerSurge","floor":8},{"not_picked":["Hyperbeam","ReplayTheSpireMod:System Scan"],"picked":"Static Discharge","floor":11},{"not_picked":["Compile Driver","Recycle","Sweeping Beam"],"picked":"SKIP","floor":12},{"not_picked":["Undo","ReplayTheSpireMod:Reroute Power"],"picked":"Redo","floor":14},{"not_picked":["ReplayTheSpireMod:Omega Cannon","ReplayRNGCard"],"picked":"Thunder Strike","floor":16},{"not_picked":["Compile Driver+1","ReplayTheSpireMod:Repulse"],"picked":"Ball Lightning+1","floor":18},{"not_picked":["Cold Snap","Steam","Gash"],"picked":"SKIP","floor":20},{"not_picked":["Rebound+1","Hello World+1"],"picked":"BootSequence","floor":21},{"not_picked":["Darkness","Hologram+1"],"picked":"Consume+1","floor":23},{"not_picked":["Steam","BasicCrystalCard","Rebound"],"picked":"SKIP","floor":28},{"not_picked":["Barrage","Doom and Gloom+1"],"picked":"Echo Form","floor":29},{"not_picked":["Ball Lightning+1","Steam+1","Coolheaded+1"],"picked":"SKIP","floor":31}],"player_experience":216912,"relics_obtained":[{"floor":9,"key":"Gremlin Food"},{"floor":12,"key":"hubris:Metronome"},{"floor":14,"key":"hubris:TinFlute"},{"floor":23,"key":"Shovel"},{"floor":26,"key":"MawBank"}],"event_choices":[{"damage_healed":0,"gold_gain":0,"player_choice":"Bought 1 Potion","damage_taken":0,"max_hp_gain":0,"max_hp_loss":0,"event_name":"The Woman in Blue","floor":5,"gold_loss":0},{"damage_healed":0,"gold_gain":0,"player_choice":"Upgrade","damage_taken":0,"max_hp_gain":0,"max_hp_loss":0,"event_name":"Designer","floor":22,"gold_loss":40,"cards_upgraded":["Apotheosis"]},{"cards_removed":["Apotheosis"],"damage_healed":0,"gold_gain":0,"player_choice":"Take \u0026 Give","damage_taken":0,"max_hp_gain":0,"max_hp_loss":0,"event_name":"betterNote:BetterNote","floor":24,"gold_loss":0,"cards_obtained":["Mirror Shield"]},{"damage_healed":0,"gold_gain":0,"player_choice":"Traded Relic","damage_taken":0,"relics_obtained":["Nloth\u0027s Gift"],"max_hp_gain":0,"max_hp_loss":0,"event_name":"N\u0027loth","floor":27,"relics_lost":["MawBank"],"gold_loss":0}],"is_beta":false,"boss_relics":[{"not_picked":["Honey Jar","ReplayTheSpireMod:DimensionalGlitch"],"picked":"energizedSpire:HugeHouse"}],"items_purged_floors":[19],"is_endless":false,"potions_floor_spawned":[1,7,8,12,20,28,29,31],"killed_by":"hubris:MusketHawk","ascension_level":0}}