{"host":"n3r7007bx0xr1slw","time":1614064319,"event":{"mods":["BaseMod","Colored Powertips","DeckTracker","Googly Eyes","Highlight Path","Minty Spire (QoL Compilation)","Relic Stats","StSLib"],"gold_per_floor":[109,127,53,66,81,112,124,124,124,124,299,299,24,50,50,175,175,166,181,96,96,195,239,0,0,0,0,23,46,64,64,64,64,64],"floor_reached":33,"language":"ENG","playtime":1769,"items_purged":["Strike_B"],"score":315,"play_id":"3bf100fd-1bca-428b-8f6f-df3744aae6fc","local_time":"20210223021159","is_ascension_mode":false,"campfire_choices":[{"data":"Chaos","floor":8,"key":"SMITH"},{"floor":15,"key":"REST"},{"floor":25,"key":"REST"},{"floor":27,"key":"REST"},{"floor":32,"key":"REST"}],"circlet_count":0,"master_deck":["Strike_B","Strike_B","Strike_B","Defend_B","Defend_B+1","Defend_B","Defend_B","Zap","Dualcast","Coolheaded","Auto Shields","Chaos+1","Conserve Battery","White Noise+1","Rebound","Capacitor","Ball Lightning","Thunder Strike","Heatsinks","Hologram+1","Skim+1","Recycle+1","Tempest"],"relics":["Cracked Core","NeowsBlessing","War Paint","TungstenRod","Golden Idol","Dream Catcher","Odd Mushroom","Sozu","Gremlin Horn","Dead Branch","Girya"],"acts_visited":["Exordium","TheCity"],"potions_floor_usage":[16,16],"damage_taken":[{"damage":0,"enemies":"2 Louse","floor":1,"turns":1},{"damage":0,"enemies":"Jaw Worm","floor":2,"turns":1},{"damage":0,"enemies":"Cultist","floor":4,"turns":1},{"damage":8,"enemies":"2 Fungi Beasts","floor":5,"turns":5},{"damage":28,"enemies":"Lagavulin","floor":6,"turns":10},{"damage":18,"enemies":"Lots of Slimes","floor":7,"turns":4},{"damage":5,"enemies":"The Mushroom Lair","floor":14,"turns":4},{"damage":0,"enemies":"The Guardian","floor":16,"turns":8},{"damage":12,"enemies":"2 Thieves","floor":18,"turns":5},{"damage":9,"enemies":"Chosen","floor":19,"turns":4},{"damage":54,"enemies":"Book of Stabbing","floor":23,"turns":6},{"damage":13,"enemies":"3 Cultists","floor":28,"turns":6},{"damage":25,"enemies":"Sentry and Sphere","floor":29,"turns":6},{"damage":11,"enemies":"Shelled Parasite and Fungi","floor":30,"turns":4},{"damage":27,"enemies":"Automaton","floor":33,"turns":6}],"seed_played":"8902283095561709065","potions_obtained":[{"floor":2,"key":"SteroidPotion"},{"floor":6,"key":"FairyPotion"},{"floor":7,"key":"Energy Potion"},{"floor":14,"key":"Swift Potion"}],"is_trial":false,"path_per_floor":["M","M","$","M","M","E","M","R","T","?","?","?","$","?","R","B",null,"M","M","?","$","?","E","?","R","T","R","M","M","M","$","R","B"],"character_chosen":"DEFECT","items_purchased":["Chaos","Dream Catcher","Rebound"],"campfire_rested":4,"item_purchase_floors":[3,13,13],"current_hp_per_floor":[75,75,75,75,67,39,21,21,21,21,21,21,21,16,36,36,69,57,48,48,48,48,15,15,35,35,55,42,17,6,6,26,0,0],"gold":64,"neow_bonus":"THREE_ENEMY_KILL","is_daily":false,"chose_seed":false,"campfire_upgraded":1,"win_rate":0.0,"timestamp":1614064319,"path_taken":["M","M","$","M","M","E","M","R","T","?","?","?","$","?","R","BOSS","M","M","?","$","?","E","?","R","T","R","M","?","M","$","R","BOSS"],"items_purchased_type":["Card","Relic","Card"],"build_version":"2020-12-22","purchased_purges":1,"victory":false,"max_hp_per_floor":[75,75,75,75,75,75,75,75,75,69,69,69,69,69,69,69,69,69,69,69,69,69,69,69,69,69,69,69,69,69,69,69,69,69],"relic_stats":{"Sozu":1,"Dream Catcher":4,"Gremlin Horn":[5,5],"counters":[15,71],"Golden Idol":60,"Dead Branch":[8],"War Paint":["White Noise","Defend_B"],"obtain_stats":[{"Sozu":17,"Girya":26,"Dream Catcher":13,"NeowsBlessing":0,"Gremlin Horn":20,"Golden Idol":10,"Dead Branch":23,"War Paint":6,"Odd Mushroom":14,"Cracked Core":0,"TungstenRod":9},{"Sozu":8,"Girya":11,"Dream Catcher":6,"NeowsBlessing":0,"Gremlin Horn":10,"Golden Idol":6,"Dead Branch":11,"War Paint":5,"Odd Mushroom":7,"Cracked Core":0,"TungstenRod":6},{"Sozu":34,"Girya":49,"Dream Catcher":22,"NeowsBlessing":0,"Gremlin Horn":43,"Golden Idol":22,"Dead Branch":49,"War Paint":18,"Odd Mushroom":26,"Cracked Core":0,"TungstenRod":22}],"TungstenRod":32},"card_choices":[{"not_picked":["Reinforced Body","Sweeping Beam"],"picked":"Coolheaded","floor":1},{"not_picked":["Turbo","Streamline"],"picked":"Auto Shields","floor":2},{"not_picked":["FTL","Hologram","Compile Driver"],"picked":"SKIP","floor":4},{"not_picked":["Leap","Fusion"],"picked":"Conserve Battery","floor":5},{"not_picked":["Self Repair","Steam"],"picked":"White Noise","floor":6},{"not_picked":["Redo","Barrage","Ball Lightning"],"picked":"SKIP","floor":7},{"not_picked":["Barrage","Go for the Eyes"],"picked":"Capacitor","floor":15},{"not_picked":["Gash","Redo"],"picked":"Ball Lightning","floor":18},{"not_picked":["Redo","Recycle+1","Turbo+1"],"picked":"SKIP","floor":19},{"not_picked":["Beam Cell+1","Melter"],"picked":"Thunder Strike","floor":23},{"not_picked":["Redo","Loop"],"picked":"Heatsinks","floor":25},{"not_picked":["Cold Snap","Compile Driver+1"],"picked":"Hologram+1","floor":27},{"not_picked":["Redo","Leap"],"picked":"Skim+1","floor":28},{"not_picked":["Barrage","Leap+1","Coolheaded"],"picked":"SKIP","floor":29},{"not_picked":["Stack","Hologram"],"picked":"Recycle+1","floor":30},{"not_picked":["Redo","Defragment"],"picked":"Tempest","floor":32}],"player_experience":158456,"relics_obtained":[{"floor":6,"key":"War Paint"},{"floor":9,"key":"TungstenRod"},{"floor":14,"key":"Odd Mushroom"},{"floor":23,"key":"Dead Branch"},{"floor":26,"key":"Girya"}],"event_choices":[{"damage_healed":0,"gold_gain":0,"player_choice":"Lose Max HP","damage_taken":0,"relics_obtained":["Golden Idol"],"max_hp_gain":0,"max_hp_loss":6,"event_name":"Golden Idol","floor":10,"gold_loss":0},{"damage_healed":0,"gold_gain":175,"player_choice":"AGREE","damage_taken":0,"max_hp_gain":0,"max_hp_loss":0,"event_name":"Liars Game","floor":11,"gold_loss":0,"cards_obtained":["Doubt"]},{"cards_removed":["Doubt"],"damage_healed":0,"gold_gain":0,"player_choice":"Forget","damage_taken":0,"max_hp_gain":0,"max_hp_loss":0,"event_name":"Living Wall","floor":12,"gold_loss":0},{"damage_healed":0,"gold_gain":0,"player_choice":"Fought Mushrooms","damage_taken":0,"max_hp_gain":0,"max_hp_loss":0,"event_name":"Mushrooms","floor":14,"gold_loss":0},{"damage_healed":0,"gold_gain":0,"player_choice":"Obtained Relic","damage_taken":0,"relics_obtained":["Gremlin Horn"],"max_hp_gain":0,"max_hp_loss":0,"event_name":"Addict","floor":20,"gold_loss":85},{"damage_healed":0,"gold_gain":99,"player_choice":"Stole From Cult","damage_taken":0,"max_hp_gain":0,"max_hp_loss":0,"event_name":"Nest","floor":22,"gold_loss":0},{"damage_healed":0,"gold_gain":0,"player_choice":"Paid Fearfully","damage_taken":0,"max_hp_gain":0,"max_hp_loss":0,"event_name":"Masked Bandits","floor":24,"gold_loss":239}],"is_beta":false,"boss_relics":[{"not_picked":["FrozenCore","Fusion Hammer"],"picked":"Sozu"}],"items_purged_floors":[13],"is_endless":false,"potions_floor_spawned":[2,6,7,14,28],"killed_by":"Automaton","ascension_level":0}}