{"host":"3l7cmky9v03pn2nx","time":1614051051,"event":{"mods":["BaseMod","Minty Spire (QoL Compilation)","StSLib","The Animator","The Bug Knight","The Cursed","The Hierophant","The Servant 0.9.4","everything is the same but u backflip on backflip"],"gold_per_floor":[144,189,159,204,204,294,294,384,384,459,19,19,19,79,79,379,379,424,424,384,64,138,237,237,336,336,351,250,349,633,732,732,1041,1041,1095,1149,2166,2388,278,278,278,278,303,303,303,9,108,207,207,207],"floor_reached":51,"language":"ENG","playtime":1909,"items_purged":[],"score":1129,"play_id":"7f6f5f0f-4813-4451-a709-c09fb4c6cb3e","local_time":"20210222193051","daily_mods":["Draft","Flight","Midas"],"is_ascension_mode":false,"campfire_choices":[{"floor":12,"key":"REST"},{"floor":15,"key":"REST"},{"floor":24,"key":"REST"},{"data":"Regret","floor":32,"key":"PURGE"},{"data":"Normality","floor":40,"key":"PURGE"},{"data":"Normality","floor":42,"key":"PURGE"},{"floor":45,"key":"REST"},{"floor":49,"key":"REST"}],"circlet_count":0,"master_deck":["Pommel Strike","Flex","Whirlwind+1","Shrug It Off","Clash","Pommel Strike","Armaments","Twin Strike","Shrug It Off","Thunderclap","Iron Wave","Twin Strike","Thunderclap","Flex","Battle Trance+1","Impervious","Feed","Perfected Strike+1","Carnage+1","Iron Wave+1","Pommel Strike","Whirlwind+1","Shockwave+1","Spot Weakness+1","Double Tap","Anger+1","Flex","Cleave","Inflame+1","Seeing Red","Barricade","Wild Strike+1","Flex+1","Whirlwind+1","Armaments+1","Sword Boomerang","Bloodletting+1","Infernal Blade","Enlightenment","Inflame","Impatience","Entrench","Reckless Charge","Fiend Fire","Clothesline+1"],"relics":["Burning Blood","Anchor","The Courier","Bag of Preparation","Orichalcum","Brimstone","Potion Belt","Astrolabe","Chemical X","CeramicFish","Kunai","Peace Pipe","White Beast Statue","Red Mask","Red Skull","StoneCalendar","Black Star","Omamori","Champion Belt","Orrery","Juzu Bracelet","Art of War","Matryoshka","Vajra","Meat on the Bone","Bird Faced Urn","War Paint","Bottled Lightning","Nunchaku","Pen Nib","HollowMod:StagPassRelic","Oddly Smooth Stone","Strawberry","HollowMod:PaleOreRelic","InkBottle","Boot","Unceasing Top"],"acts_visited":["Exordium","TheCity","TheBeyond"],"potions_floor_usage":[6,6,16,22,22,33,33,47,47,47,50,50,50],"damage_taken":[{"damage":1,"enemies":"Jaw Worm","floor":1,"turns":3},{"damage":0,"enemies":"Cultist","floor":2,"turns":2},{"damage":0,"enemies":"2 Louse","floor":4,"turns":1},{"damage":14,"enemies":"HollowMod:MossKnight","floor":6,"turns":3},{"damage":28,"enemies":"Lagavulin","floor":8,"turns":6},{"damage":0,"enemies":"Slime Boss","floor":16,"turns":3},{"damage":12,"enemies":"3 Byrds","floor":18,"turns":3},{"damage":0,"enemies":"Spheric Guardian","floor":22,"turns":2},{"damage":23,"enemies":"Book of Stabbing","floor":23,"turns":4},{"damage":0,"enemies":"Gremlin Leader","floor":25,"turns":3},{"damage":0,"enemies":"Masked Bandits","floor":27,"turns":2},{"damage":0,"enemies":"Slavers","floor":29,"turns":1},{"damage":2,"enemies":"HollowMod:Nosk","floor":31,"turns":3},{"damage":32,"enemies":"Champ","floor":33,"turns":4},{"damage":27,"enemies":"3 Shapes","floor":35,"turns":2},{"damage":5,"enemies":"Orb Walker","floor":36,"turns":3},{"damage":0,"enemies":"HollowMod:StalkingDevout","floor":47,"turns":4},{"damage":24,"enemies":"Reptomancer","floor":48,"turns":4},{"damage":72,"enemies":"Awakened One","floor":50,"turns":8}],"seed_played":"-7386017133472573341","potions_obtained":[{"floor":1,"key":"DistilledChaos"},{"floor":2,"key":"Dexterity Potion"},{"floor":3,"key":"Dexterity Potion"},{"floor":3,"key":"PowerPotion"},{"floor":8,"key":"Fire Potion"},{"floor":18,"key":"Ancient Potion"},{"floor":27,"key":"DuplicationPotion"},{"floor":31,"key":"FearPotion"},{"floor":33,"key":"LiquidBronze"},{"floor":35,"key":"SteroidPotion"},{"floor":47,"key":"HeartOfIron"},{"floor":48,"key":"Fire Potion"}],"is_trial":false,"path_per_floor":["M","M","?","M","?","E","?","E","T","?","$","R","$","?","R","B",null,"M","?","?","$","M","E","R","E","T","?","$","E","?","E","R","B",null,"M","M","?","?","$","R","?","R","T","?","R","$","E","E","R","B",null],"character_chosen":"IRONCLAD","items_purchased":["Orichalcum","Brimstone","Potion Belt","SmokeBomb","ColorlessPotion","Chemical X","CeramicFish","SteroidPotion","PowerPotion","Flex","Cleave","Omamori","Champion Belt","Orrery","Juzu Bracelet","Art of War","Enlightenment","Inflame","Matryoshka","Vajra","Meat on the Bone","Bird Faced Urn","War Paint","Bottled Lightning","Nunchaku","Pen Nib","Impatience","Strawberry","Entrench","Reckless Charge"],"campfire_rested":5,"item_purchase_floors":[11,11,11,11,21,21,21,21,28,28,28,39,39,39,39,39,39,39,39,39,39,39,39,39,39,39,46,46,46,46],"current_hp_per_floor":[80,80,80,80,80,72,72,50,50,39,39,63,63,63,80,80,80,74,74,74,74,80,63,80,80,80,83,83,83,83,86,86,60,86,65,69,69,69,69,69,69,69,69,69,89,96,96,78,96,44],"gold":207,"neow_bonus":"","is_daily":true,"chose_seed":false,"campfire_upgraded":0,"win_rate":0.0,"timestamp":1614051051,"path_taken":["M","M","?","?","?","E","?","E","T","?","$","R","?","?","R","BOSS","M","?","?","$","?","E","R","E","T","?","$","E","?","E","R","BOSS","M","?","?","?","$","R","?","R","T","?","R","?","E","E","R","BOSS"],"items_purchased_type":["Relic","Relic","Relic","Potion","Potion","Relic","Relic","Potion","Potion","Card","Card","Relic","Relic","Relic","Relic","Relic","Card","Card","Relic","Relic","Relic","Relic","Relic","Relic","Relic","Relic","Card","Relic","Card","Card"],"build_version":"2020-12-22","purchased_purges":0,"victory":true,"max_hp_per_floor":[80,80,80,80,80,80,80,80,80,80,80,80,80,80,80,80,80,80,80,80,80,80,80,80,80,80,83,83,83,83,86,86,86,86,86,89,89,89,89,89,89,89,89,89,89,96,96,96,96,96],"card_choices":[{"not_picked":["Inflame","Spot Weakness"],"picked":"Pommel Strike","floor":0},{"not_picked":["Wild Strike","Hemokinesis"],"picked":"Ghostly Armor","floor":0},{"not_picked":["Havoc","Armaments"],"picked":"Flex","floor":0},{"not_picked":["Pummel","Perfected Strike"],"picked":"Whirlwind","floor":0},{"not_picked":["True Grit","Rupture"],"picked":"Shrug It Off","floor":0},{"not_picked":["Body Slam","True Grit"],"picked":"Clash","floor":0},{"not_picked":["Shrug It Off","Feel No Pain"],"picked":"Pommel Strike","floor":0},{"not_picked":["True Grit","Havoc"],"picked":"Armaments","floor":0},{"not_picked":["Wild Strike","Carnage"],"picked":"Twin Strike","floor":0},{"not_picked":["Dark Embrace","Sword Boomerang"],"picked":"Battle Trance","floor":0},{"not_picked":["Warcry","Havoc"],"picked":"Shrug It Off","floor":0},{"not_picked":["Cleave","True Grit"],"picked":"Thunderclap","floor":0},{"not_picked":["True Grit","Armaments"],"picked":"Iron Wave","floor":0},{"not_picked":["Fire Breathing","Hemokinesis"],"picked":"Twin Strike","floor":0},{"not_picked":["Wild Strike","Sword Boomerang"],"picked":"Thunderclap","floor":0},{"not_picked":["True Grit","Cleave"],"picked":"Heavy Blade","floor":1},{"not_picked":["Inflame","Perfected Strike"],"picked":"Flex","floor":2},{"not_picked":["Evolve","Shrug It Off"],"picked":"Battle Trance","floor":4},{"not_picked":["Armaments","Havoc"],"picked":"Impervious","floor":6},{"not_picked":["Armaments","Perfected Strike"],"picked":"True Grit","floor":8},{"not_picked":["Corruption","Barricade"],"picked":"Feed","floor":16},{"not_picked":["True Grit","Entrench"],"picked":"Pommel Strike","floor":18},{"not_picked":["Heavy Blade","Intimidate+1"],"picked":"Shockwave+1","floor":22},{"not_picked":["Anger+1","True Grit"],"picked":"Spot Weakness+1","floor":23},{"not_picked":["Sword Boomerang+1","Second Wind"],"picked":"Double Tap","floor":25},{"not_picked":["Warcry+1","Headbutt+1"],"picked":"Anger+1","floor":27},{"not_picked":["Sever Soul","Feed"],"picked":"Inflame+1","floor":29},{"not_picked":["Reckless Charge","Hemokinesis+1"],"picked":"Seeing Red","floor":31},{"not_picked":["Juggernaut","Impervious"],"picked":"Barricade","floor":33},{"not_picked":["Shockwave","Pommel Strike+1"],"picked":"Wild Strike+1","floor":35},{"not_picked":["Twin Strike","Headbutt"],"picked":"Flex+1","floor":36},{"not_picked":["Cleave","Berserk"],"picked":"Whirlwind+1","floor":39},{"not_picked":["Pommel Strike+1","Perfected Strike+1"],"picked":"Armaments","floor":39},{"not_picked":["Twin Strike+1","Feel No Pain+1"],"picked":"Sword Boomerang","floor":39},{"not_picked":["Armaments+1","Heavy Blade"],"picked":"Bloodletting+1","floor":39},{"not_picked":["Heavy Blade+1","Havoc"],"picked":"Infernal Blade","floor":39},{"not_picked":["Blood for Blood+1","Perfected Strike+1"],"picked":"Fiend Fire","floor":47},{"not_picked":["True Grit","Warcry"],"picked":"Clothesline+1","floor":48}],"player_experience":301282,"relics_obtained":[{"floor":6,"key":"Anchor"},{"floor":8,"key":"The Courier"},{"floor":9,"key":"Bag of Preparation"},{"floor":23,"key":"Kunai"},{"floor":25,"key":"Peace Pipe"},{"floor":26,"key":"White Beast Statue"},{"floor":27,"key":"Red Mask"},{"floor":29,"key":"Red Skull"},{"floor":31,"key":"StoneCalendar"},{"floor":43,"key":"HollowMod:StagPassRelic"},{"floor":43,"key":"Oddly Smooth Stone"},{"floor":47,"key":"HollowMod:PaleOreRelic"},{"floor":47,"key":"InkBottle"},{"floor":48,"key":"Boot"},{"floor":48,"key":"Unceasing Top"}],"event_choices":[{"damage_healed":0,"gold_gain":0,"player_choice":"Bought 2 Potions","damage_taken":0,"max_hp_gain":0,"max_hp_loss":0,"event_name":"The Woman in Blue","floor":3,"gold_loss":0},{"damage_healed":0,"gold_gain":0,"player_choice":"Leave","damage_taken":0,"max_hp_gain":0,"max_hp_loss":0,"event_name":"The Cleric","floor":5,"gold_loss":0},{"damage_healed":0,"gold_gain":0,"player_choice":"Grow","damage_taken":0,"max_hp_gain":0,"max_hp_loss":0,"event_name":"Living Wall","floor":7,"gold_loss":0,"cards_upgraded":["Whirlwind"]},{"damage_healed":0,"gold_gain":75,"player_choice":"Gather Gold","damage_taken":11,"max_hp_gain":0,"max_hp_loss":0,"event_name":"World of Goop","floor":10,"gold_loss":0},{"damage_healed":0,"gold_gain":60,"player_choice":"Gained Gold","damage_taken":0,"max_hp_gain":0,"max_hp_loss":0,"event_name":"Golden Wing","floor":14,"gold_loss":0},{"damage_healed":0,"gold_gain":0,"player_choice":"Read","damage_taken":0,"max_hp_gain":0,"max_hp_loss":0,"event_name":"The Library","floor":19,"gold_loss":0,"cards_obtained":["Whirlwind"]},{"damage_healed":0,"gold_gain":0,"player_choice":"Upgrade","damage_taken":0,"max_hp_gain":0,"max_hp_loss":0,"event_name":"Designer","floor":20,"gold_loss":40,"cards_upgraded":["Whirlwind"]},{"damage_healed":0,"gold_gain":0,"player_choice":"Fought Bandits","damage_taken":0,"max_hp_gain":0,"max_hp_loss":0,"event_name":"Masked Bandits","floor":27,"gold_loss":0},{"damage_healed":0,"gold_gain":275,"player_choice":"Desecrate","damage_taken":0,"max_hp_gain":0,"max_hp_loss":0,"event_name":"Golden Shrine","floor":30,"gold_loss":0,"cards_obtained":["Regret"]},{"damage_healed":0,"gold_gain":999,"player_choice":"Gold","damage_taken":0,"max_hp_gain":0,"max_hp_loss":0,"event_name":"MindBloom","floor":37,"gold_loss":0,"cards_obtained":["Normality","Normality"]},{"damage_healed":0,"gold_gain":222,"player_choice":"Wore Mask","damage_taken":0,"max_hp_gain":0,"max_hp_loss":0,"event_name":"Tomb of Lord Red Mask","floor":38,"gold_loss":0},{"damage_healed":0,"gold_gain":0,"player_choice":"Cursed","damage_taken":0,"max_hp_gain":0,"max_hp_loss":0,"event_name":"Wheel of Change","floor":41,"gold_loss":0,"cards_obtained":["Decay"]},{"cards_removed":["Heavy Blade"],"damage_healed":0,"gold_gain":0,"player_choice":"Removed Attack","damage_taken":0,"max_hp_gain":0,"max_hp_loss":0,"event_name":"Falling","floor":44,"gold_loss":0}],"is_beta":false,"boss_relics":[{"not_picked":["Sozu","Snecko Eye"],"picked":"Astrolabe"},{"not_picked":["SlaversCollar","Tiny House"],"picked":"Black Star"}],"items_purged_floors":[],"is_endless":false,"potions_floor_spawned":[1,2,8,18,27,29,31,33,35,36,47,48],"ascension_level":0}}