{"host":"insagfzijja1377g","time":1614122667,"event":{"mods":["BaseMod","Bestiary","Highlight Path","Minty Spire (QoL Compilation)","Relic Stats","Slay the Relics Exporter"],"gold_per_floor":[362,375,375,64,75,106,118,143,143,143,143,173,173,189,189,294,294,309,322,7,7,25,25,43,68,91,117,117,117,117,128,128,228,228,243,243,260,260,277,308,308,110,110,110,142,155,155,170,170,170,170,170,15,41,41],"floor_reached":56,"language":"ENG","playtime":2640,"items_purged":["Defend_P"],"score":1788,"play_id":"d5827342-3a18-413e-ba28-c7e87971a814","local_time":"20210223172427","is_ascension_mode":true,"campfire_choices":[{"data":"SandsOfTime","floor":10,"key":"SMITH"},{"data":"Wireheading","floor":13,"key":"SMITH"},{"data":"Tantrum","floor":15,"key":"SMITH"},{"floor":23,"key":"REST"},{"data":"Nirvana","floor":30,"key":"SMITH"},{"data":"Vault","floor":32,"key":"SMITH"},{"floor":44,"key":"RECALL"},{"data":"SpiritShield","floor":47,"key":"SMITH"},{"data":"Meditate","floor":49,"key":"SMITH"},{"data":"ThirdEye","floor":52,"key":"SMITH"}],"circlet_count":0,"master_deck":["Defend_P","Defend_P","Defend_P","Eruption","Vigilance","SandsOfTime+1","Tantrum+1","Evaluate","Wireheading+1","CutThroughFate","JustLucky+1","Indignation","Wallop+1","Weave+1","Vault+1","FollowUp+1","EmptyFist+1","CrushJoints+1","Nirvana+1","BowlingBash+1","SpiritShield+1","SignatureMove+1","Bite+1","Bite+1","Bite+1","Bite+1","Bite+1","JustLucky+1","Consecrate+1","CutThroughFate+1","Madness","Madness","ThirdEye+1","Wireheading+1","CutThroughFate+1","Meditate+1","Fasting2"],"relics":["HolyWater","Oddly Smooth Stone","Molten Egg 2","Ginger","Letter Opener","TeardropLocket","Eternal Feather","Enchiridion","Toy Ornithopter","Bag of Marbles","Pen Nib","Black Star","Ornamental Fan","Ancient Tea Set","Nunchaku","Calipers","ClockworkSouvenir","Strawberry","Orichalcum"],"acts_visited":["Exordium","TheCity","TheBeyond","TheEnding"],"potions_floor_usage":[6,8,12,22,25,45,46,50,55,55,55],"damage_taken":[{"damage":4,"enemies":"Jaw Worm","floor":1,"turns":5},{"damage":1,"enemies":"Small Slimes","floor":2,"turns":4},{"damage":0,"enemies":"2 Louse","floor":5,"turns":2},{"damage":0,"enemies":"Gremlin Nob","floor":6,"turns":2},{"damage":11,"enemies":"Exordium Wildlife","floor":7,"turns":4},{"damage":7,"enemies":"Lagavulin","floor":8,"turns":5},{"damage":0,"enemies":"Gremlin Nob","floor":12,"turns":2},{"damage":0,"enemies":"Large Slime","floor":14,"turns":2},{"damage":14,"enemies":"The Guardian","floor":16,"turns":5},{"damage":3,"enemies":"Shell Parasite","floor":18,"turns":3},{"damage":6,"enemies":"3 Byrds","floor":19,"turns":3},{"damage":3,"enemies":"Snake Plant","floor":22,"turns":2},{"damage":8,"enemies":"Centurion and Healer","floor":24,"turns":4},{"damage":1,"enemies":"Slavers","floor":25,"turns":4},{"damage":0,"enemies":"Gremlin Leader","floor":27,"turns":2},{"damage":0,"enemies":"Sentry and Sphere","floor":31,"turns":3},{"damage":7,"enemies":"Champ","floor":33,"turns":6},{"damage":18,"enemies":"3 Shapes","floor":35,"turns":2},{"damage":0,"enemies":"Orb Walker","floor":37,"turns":1},{"damage":8,"enemies":"Sphere and 2 Shapes","floor":39,"turns":9},{"damage":17,"enemies":"Nemesis","floor":40,"turns":4},{"damage":14,"enemies":"Giant Head","floor":45,"turns":2},{"damage":2,"enemies":"3 Darklings","floor":46,"turns":3},{"damage":3,"enemies":"4 Shapes","floor":48,"turns":4},{"damage":26,"enemies":"Donu and Deca","floor":50,"turns":8},{"damage":0,"enemies":"Shield and Spear","floor":54,"turns":2},{"damage":61,"enemies":"The Heart","floor":55,"turns":9}],"seed_played":"3985284092406150114","potions_obtained":[{"floor":2,"key":"GamblersBrew"},{"floor":5,"key":"Energy Potion"},{"floor":6,"key":"SpeedPotion"},{"floor":14,"key":"Fire Potion"},{"floor":18,"key":"Strength Potion"},{"floor":19,"key":"Swift Potion"},{"floor":22,"key":"Explosive Potion"},{"floor":39,"key":"SkillPotion"},{"floor":45,"key":"CultistPotion"},{"floor":46,"key":"EssenceOfSteel"},{"floor":54,"key":"EssenceOfSteel"}],"is_trial":false,"path_per_floor":["M","M","?","$","M","E","M","E","T","R","?","E","R","M","R","B",null,"M","M","$","?","M","R","M","E","T","E","?","?","R","M","R","B",null,"M","?","M","?","M","E","?","$","T","R","E","M","R","M","R","B",null,"R","$","E","B",null],"character_chosen":"WATCHER","items_purchased":["Evaluate","Oddly Smooth Stone","Wireheading","FearPotion","Eternal Feather","EmptyFist+1","CrushJoints+1","Fruit Juice","ThirdEye","ClockworkSouvenir"],"campfire_rested":1,"item_purchase_floors":[4,4,4,4,20,20,20,42,42,53],"current_hp_per_floor":[61,60,53,53,53,53,42,35,35,35,21,21,21,21,21,7,56,53,47,47,31,28,61,53,52,52,52,52,50,50,50,50,50,50,35,35,35,35,39,34,28,28,28,46,42,55,55,55,55,40,51,55,55,62,18],"gold":41,"neow_bonus":"TWO_FIFTY_GOLD","is_daily":false,"chose_seed":false,"campfire_upgraded":8,"win_rate":0.0,"timestamp":1614122667,"path_taken":["M","M","?","$","M","E","M","E","T","R","?","E","R","M","R","BOSS","M","M","$","?","M","R","M","E","T","E","?","?","R","?","R","BOSS","M","?","M","?","M","E","?","$","T","R","E","M","R","M","R","BOSS","R","$","E","BOSS"],"items_purchased_type":["Card","Relic","Card","Potion","Relic","Card","Card","Potion","Card","Relic"],"build_version":"2020-12-22","purchased_purges":1,"victory":true,"max_hp_per_floor":[72,72,72,72,72,72,72,72,72,72,72,72,72,72,72,72,72,72,72,72,72,72,72,72,72,72,72,72,50,50,50,50,50,50,50,50,50,50,50,50,50,50,50,50,50,55,55,55,55,55,55,55,55,62,62],"relic_stats":{"Nunchaku":[8],"counters":[27,102],"Ornamental Fan":[92],"Eternal Feather":34,"Pen Nib":[15],"Black Star":3,"Ginger":[2],"Letter Opener":[76],"Orichalcum":[0],"obtain_stats":[{"Calipers":45,"Oddly Smooth Stone":4,"Enchiridion":21,"Eternal Feather":20,"Pen Nib":27,"Ginger":8,"Letter Opener":9,"TeardropLocket":12,"Orichalcum":54,"Ancient Tea Set":40,"ClockworkSouvenir":53,"Nunchaku":45,"Ornamental Fan":40,"Strawberry":54,"HolyWater":17,"Molten Egg 2":6,"Bag of Marbles":26,"Black Star":34,"PureWater":0,"Toy Ornithopter":25},{"Calipers":22,"Oddly Smooth Stone":2,"Enchiridion":11,"Eternal Feather":11,"Pen Nib":15,"Ginger":6,"Letter Opener":6,"TeardropLocket":7,"Orichalcum":26,"Ancient Tea Set":21,"ClockworkSouvenir":25,"Nunchaku":22,"Ornamental Fan":21,"Strawberry":26,"HolyWater":9,"Molten Egg 2":4,"Bag of Marbles":14,"Black Star":17,"PureWater":0,"Toy Ornithopter":14},{"Calipers":76,"Oddly Smooth Stone":9,"Enchiridion":37,"Eternal Feather":37,"Pen Nib":49,"Ginger":22,"Letter Opener":22,"TeardropLocket":24,"Orichalcum":93,"Ancient Tea Set":74,"ClockworkSouvenir":91,"Nunchaku":76,"Ornamental Fan":74,"Strawberry":93,"HolyWater":31,"Molten Egg 2":13,"Bag of Marbles":47,"Black Star":58,"PureWater":0,"Toy Ornithopter":47}],"Toy Ornithopter":15},"card_choices":[{"not_picked":["EmptyFist","EmptyBody"],"picked":"SandsOfTime","floor":1},{"not_picked":["EmptyBody","Meditate"],"picked":"Tantrum","floor":2},{"not_picked":["Nirvana","CarveReality"],"picked":"CutThroughFate","floor":5},{"not_picked":["Collect","Crescendo","PathToVictory"],"picked":"SKIP","floor":6},{"not_picked":["WheelKick+1","Halt"],"picked":"JustLucky+1","floor":7},{"not_picked":["Crescendo","Vengeance"],"picked":"Indignation","floor":8},{"not_picked":["InnerPeace","FollowUp+1"],"picked":"Wallop+1","floor":12},{"not_picked":["FollowUp+1","Study"],"picked":"Weave+1","floor":14},{"not_picked":["DeusExMachina","Wish"],"picked":"Vault","floor":16},{"not_picked":["WindmillStrike+1","ForeignInfluence"],"picked":"FollowUp+1","floor":18},{"not_picked":["EmptyBody","Halt","Crescendo"],"picked":"SKIP","floor":19},{"not_picked":["ThirdEye","Protect"],"picked":"Nirvana","floor":22},{"not_picked":["SignatureMove+1","EmptyFist+1","DeusExMachina"],"picked":"SKIP","floor":24},{"not_picked":["ReachHeaven+1","Evaluate","Swivel"],"picked":"SKIP","floor":25},{"not_picked":["Crescendo+1","JustLucky+1"],"picked":"BowlingBash+1","floor":27},{"not_picked":["Fasting2","Worship"],"picked":"JustLucky+1","floor":31},{"not_picked":["FollowUp+1","Halt","FlyingSleeves+1"],"picked":"SKIP","floor":35},{"not_picked":["EmptyFist+1","Establishment"],"picked":"Consecrate+1","floor":37},{"not_picked":["PathToVictory","Protect"],"picked":"CutThroughFate+1","floor":39},{"not_picked":["ConjureBlade","ForeignInfluence","FollowUp+1"],"picked":"SKIP","floor":40},{"not_picked":["EmptyFist+1","Consecrate+1"],"picked":"Wireheading+1","floor":45},{"not_picked":["ThirdEye","SashWhip+1"],"picked":"CutThroughFate+1","floor":46},{"not_picked":["Worship","SashWhip+1"],"picked":"Meditate","floor":48},{"not_picked":["ReachHeaven+1","Worship"],"picked":"Fasting2","floor":54}],"player_experience":2215023,"relics_obtained":[{"floor":6,"key":"Molten Egg 2"},{"floor":8,"key":"Ginger"},{"floor":9,"key":"Letter Opener"},{"floor":12,"key":"TeardropLocket"},{"floor":21,"key":"Enchiridion"},{"floor":25,"key":"Toy Ornithopter"},{"floor":26,"key":"Bag of Marbles"},{"floor":27,"key":"Pen Nib"},{"floor":40,"key":"Ornamental Fan"},{"floor":40,"key":"Ancient Tea Set"},{"floor":45,"key":"Nunchaku"},{"floor":45,"key":"Calipers"},{"floor":54,"key":"Strawberry"},{"floor":54,"key":"Orichalcum"}],"event_choices":[{"cards_removed":["Injury"],"damage_healed":0,"gold_gain":0,"player_choice":"Card Removal","damage_taken":7,"max_hp_gain":0,"max_hp_loss":0,"event_name":"Golden Wing","floor":3,"gold_loss":0},{"damage_healed":0,"gold_gain":0,"player_choice":"Entered Light","damage_taken":14,"max_hp_gain":0,"max_hp_loss":0,"event_name":"Shining Light","floor":11,"gold_loss":0,"cards_upgraded":["Strike_P","Strike_P"]},{"damage_healed":0,"gold_gain":0,"player_choice":"Obtained Book","damage_taken":16,"max_hp_gain":0,"max_hp_loss":0,"event_name":"Cursed Tome","floor":21,"gold_loss":0},{"damage_healed":0,"gold_gain":0,"cards_transformed":["Strike_P","Strike_P"],"player_choice":"Became Test Subject","damage_taken":0,"max_hp_gain":0,"max_hp_loss":0,"event_name":"Drug Dealer","floor":28,"gold_loss":0,"cards_obtained":["SpiritShield","SignatureMove"]},{"damage_healed":0,"gold_gain":0,"player_choice":"Became a vampire","damage_taken":0,"max_hp_gain":0,"max_hp_loss":22,"event_name":"Vampires","floor":29,"gold_loss":0,"cards_obtained":["Bite","Bite","Bite","Bite","Bite"]},{"damage_healed":0,"gold_gain":0,"player_choice":"Ignored","damage_taken":0,"max_hp_gain":0,"max_hp_loss":0,"event_name":"Tomb of Lord Red Mask","floor":36,"gold_loss":0},{"damage_healed":0,"gold_gain":0,"player_choice":"Ignored","damage_taken":0,"max_hp_gain":0,"max_hp_loss":0,"event_name":"Mysterious Sphere","floor":38,"gold_loss":0},{"damage_healed":0,"gold_gain":0,"player_choice":"Embrace Madness","damage_taken":6,"max_hp_gain":0,"max_hp_loss":0,"event_name":"Winding Halls","floor":41,"gold_loss":0,"cards_obtained":["Madness","Madness"]}],"is_beta":false,"boss_relics":[{"not_picked":["SacredBark","Velvet Choker"],"picked":"HolyWater"},{"not_picked":["Cursed Key","SlaversCollar"],"picked":"Black Star"}],"items_purged_floors":[42],"is_endless":false,"potions_floor_spawned":[2,5,6,14,18,19,22,39,45,46,54],"ascension_level":7}}