{"host":"ztme5fio60r7om62","time":1614065279,"event":{"mods":["BaseMod","Colored Map","Highlight Path","Minty Spire (QoL Compilation)","Permanent Neow","everything is the same but u backflip on backflip"],"gold_per_floor":[109,109,121,140,151,151,186,210,222,244,282,314,326,387,399,506,518,543,581,593,605,605],"floor_reached":21,"language":"KOR","playtime":588,"items_purged":[],"score":181,"play_id":"0f2b8d9c-8c0e-47e7-b4bd-f12e3d512557","local_time":"20210223162759","is_ascension_mode":false,"campfire_choices":[{"data":"Battle Trance","floor":6,"key":"SMITH"},{"data":"Burning Pact","floor":13,"key":"SMITH"},{"floor":15,"key":"RECALL"}],"circlet_count":0,"master_deck":["Strike_R","Strike_R","Strike_R","Strike_R","Defend_R","Defend_R","Defend_R","Defend_R","Bash","Cleave+1","Battle Trance+1","Sword Boomerang","Twin Strike","Rampage","Combust","Burning Pact+1","Immolate","Thunderclap+1"],"relics":["Burning Blood","Tiny Chest","MawBank","Pen Nib","PreservedInsect","Black Star","Red Mask"],"acts_visited":["Exordium","TheCity"],"potions_floor_usage":[5,8,10,16],"damage_taken":[{"damage":5,"enemies":"Small Slimes","floor":1,"turns":3},{"damage":6,"enemies":"Cultist","floor":3,"turns":3},{"damage":6,"enemies":"Jaw Worm","floor":4,"turns":2},{"damage":7,"enemies":"Exordium Thugs","floor":5,"turns":4},{"damage":32,"enemies":"Gremlin Nob","floor":7,"turns":4},{"damage":16,"enemies":"Red Slaver","floor":8,"turns":5},{"damage":4,"enemies":"Lots of Slimes","floor":10,"turns":2},{"damage":8,"enemies":"2 Fungi Beasts","floor":12,"turns":2},{"damage":10,"enemies":"Slime Boss","floor":16,"turns":6},{"damage":53,"enemies":"Shell Parasite","floor":18,"turns":6},{"damage":11,"enemies":"Masked Bandits","floor":19,"turns":2},{"damage":28,"enemies":"3 Byrds","floor":21,"turns":4}],"seed_played":"2876632290949663164","potions_obtained":[{"floor":3,"key":"AttackPotion"},{"floor":4,"key":"BloodPotion"},{"floor":8,"key":"DuplicationPotion"},{"floor":10,"key":"DistilledChaos"},{"floor":18,"key":"CultistPotion"}],"is_trial":false,"path_per_floor":["M","?","M","M","M","R","E","M","T","M","T","M","R","T","R","B",null,"M","?","?","M"],"character_chosen":"IRONCLAD","items_purchased":[],"campfire_rested":0,"item_purchase_floors":[],"current_hp_per_floor":[80,80,80,80,79,79,53,59,59,61,61,59,59,59,59,55,80,33,28,28,0,0],"gold":605,"neow_bonus":"RANDOM_COMMON_RELIC","is_daily":false,"chose_seed":false,"campfire_upgraded":2,"win_rate":0.0,"timestamp":1614065279,"path_taken":["M","?","M","M","?","R","E","M","T","M","?","M","R","?","R","BOSS","M","?","?","?"],"items_purchased_type":[],"build_version":"2020-12-22","purchased_purges":0,"victory":false,"max_hp_per_floor":[80,80,80,80,80,80,80,80,80,80,80,80,80,80,80,80,80,80,80,80,80,80],"card_choices":[{"not_picked":["Anger","Whirlwind"],"picked":"Cleave","floor":1},{"not_picked":["Flex","Warcry"],"picked":"Battle Trance","floor":3},{"not_picked":["Clothesline","True Grit"],"picked":"Sword Boomerang","floor":4},{"not_picked":["Cleave","True Grit"],"picked":"Twin Strike","floor":5},{"not_picked":["Whirlwind","Dual Wield"],"picked":"Rampage","floor":7},{"not_picked":["Entrench","Barricade"],"picked":"Combust","floor":8},{"not_picked":["Anger","Iron Wave"],"picked":"Burning Pact","floor":10},{"not_picked":["Warcry","Dropkick","Barricade"],"picked":"SKIP","floor":12},{"not_picked":["Fiend Fire","Berserk"],"picked":"Immolate","floor":16},{"not_picked":["Entrench","Cleave"],"picked":"Thunderclap+1","floor":18}],"player_experience":609798,"relics_obtained":[{"floor":7,"key":"MawBank"},{"floor":9,"key":"Pen Nib"},{"floor":14,"key":"PreservedInsect"},{"floor":19,"key":"Red Mask"}],"event_choices":[{"damage_healed":0,"gold_gain":0,"player_choice":"Forge","damage_taken":0,"max_hp_gain":0,"max_hp_loss":0,"event_name":"Accursed Blacksmith","floor":2,"gold_loss":0,"cards_upgraded":["Cleave"]},{"damage_healed":0,"gold_gain":0,"player_choice":"Fought Bandits","damage_taken":0,"max_hp_gain":0,"max_hp_loss":0,"event_name":"Masked Bandits","floor":19,"gold_loss":0},{"cards_removed":["Strike_R"],"damage_healed":0,"gold_gain":0,"player_choice":"Offered Basic","damage_taken":0,"max_hp_gain":0,"max_hp_loss":0,"event_name":"Bonfire Elementals","floor":20,"gold_loss":0}],"is_beta":false,"boss_relics":[{"not_picked":["SacredBark","Velvet Choker"],"picked":"Black Star"}],"items_purged_floors":[],"is_endless":false,"potions_floor_spawned":[3,4,8,10,18],"killed_by":"3 Byrds","ascension_level":0}}