{"host":"do6pb7px8f7gz42g","time":1614092587,"event":{"mods":["Act Like it!","BaseMod","Downfall","GifTheSpireLib","Minty Spire (QoL Compilation)","Pale of the Ancients","StSLib","The Poker Player"],"gold_per_floor":[99,110,285,385,239,239,266,278,311,111,126,146,146,1,15,114,114,114,132,142,157,104,115,115,150,150,150,150,183,202,219,231,334,334,334,353,403,403,421,436,436,436,453,468,468,54,54,68,83,83],"floor_reached":51,"language":"ZHS","playtime":4759,"items_purged":["downfall:Malfunctioning"],"score":693,"play_id":"895883e5-a7cc-4691-9e75-0393830d4d45","local_time":"20210223230307","is_ascension_mode":false,"campfire_choices":[{"floor":1.0,"key":"RECALL"},{"data":"Guardian:CrystalBeam","floor":10.0,"key":"SMITH"},{"data":"Guardian:RollAttack","floor":18.0,"key":"SMITH"},{"floor":26.0,"key":"REST"},{"data":"Guardian:WalkerClaw","floor":35.0,"key":"SMITH"},{"floor":42.0,"key":"REST"},{"floor":45.0,"key":"REST"},{"data":"Guardian:WalkerClaw","floor":47.0,"key":"SMITH"}],"circlet_count":0,"master_deck":["Guardian:Strike_Guardian","Guardian:Strike_Guardian+1","Guardian:Strike_Guardian","Guardian:Strike_Guardian","Guardian:Defend_Guardian","Guardian:Defend_Guardian","Guardian:Defend_Guardian","Guardian:Defend_Guardian","Guardian:CurlUp+1","Guardian:TwinSlam","Guardian:GuardianWhirl","Guardian:StasisField+1","Guardian:Incinerate","Guardian:ChargeCore","Guardian:PrismaticBarrier","Guardian:CrystalBeam+1","Guardian:FloatingOrbs","Guardian:Incinerate","Guardian:RollAttack+1","Guardian:Planning+1","Guardian:BronzeOrb+1","Guardian:Incinerate+1","Guardian:FastForward","Guardian:WalkerClaw+1","downfall:Aged","Guardian:PiercingHide","RitualDagger","Guardian:CrystalBeam+1","Guardian:StasisField","Guardian:RollAttack","Guardian:CrystalBeam+1","Guardian:ConstructionForm+1","Guardian:WalkerClaw+1","Shame","Parasite","Guardian:ShieldSpikes","Guardian:TimeBomb+1","Guardian:DonusPower","Apotheosis","Guardian:RollAttack","Guardian:WalkerClaw+1","Guardian:RollAttack"],"relics":["Guardian:ModeShifter","Blood Vial","Shuriken","downfall:HeartBlessingRed","downfall:HeartBlessingGreen","Cursed Key","Frozen Egg 2","Pen Nib","Ginger","Snecko Eye","Dead Branch","Bottled Flame"],"acts_visited":["Exordium","TheCity","TheBeyond"],"potions_floor_usage":[],"damage_taken":[{"damage":4.0,"enemies":"2 Louse","floor":2.0,"turns":3.0},{"damage":0.0,"enemies":"downfall:FleeingMerchant","floor":5.0,"turns":4.0},{"damage":0.0,"enemies":"Jaw Worm","floor":8.0,"turns":3.0},{"damage":16.0,"enemies":"Gremlin Nob","floor":9.0,"turns":4.0},{"damage":2.0,"enemies":"Small Slimes","floor":11.0,"turns":3.0},{"damage":7.0,"enemies":"3 Louse","floor":12.0,"turns":2.0},{"damage":3.0,"enemies":"downfall:FleeingMerchant","floor":14.0,"turns":4.0},{"damage":9.0,"enemies":"Exordium Wildlife","floor":15.0,"turns":4.0},{"damage":28.0,"enemies":"DF_ARCHETYPE_STREAMLINE","floor":16.0,"turns":9.0},{"damage":13.0,"enemies":"downfall:LooterAlt2","floor":19.0,"turns":3.0},{"damage":0.0,"enemies":"Shell Parasite","floor":20.0,"turns":3.0},{"damage":1.0,"enemies":"Centurion and Healer","floor":21.0,"turns":4.0},{"damage":20.0,"enemies":"downfall:FleeingMerchant","floor":22.0,"turns":4.0},{"damage":10.0,"enemies":"Sentry and Sphere","floor":23.0,"turns":4.0},{"damage":19.0,"enemies":"Book of Stabbing","floor":25.0,"turns":5.0},{"damage":18.0,"enemies":"Gremlin Leader","floor":29.0,"turns":3.0},{"damage":0.0,"enemies":"Chosen and Byrds","floor":30.0,"turns":4.0},{"damage":7.0,"enemies":"Snake Plant","floor":31.0,"turns":3.0},{"damage":8.0,"enemies":"Centurion and Healer","floor":32.0,"turns":4.0},{"damage":25.0,"enemies":"IC_MUSHROOM_ARCHETYPE","floor":33.0,"turns":6.0},{"damage":3.0,"enemies":"Orb Walker","floor":36.0,"turns":3.0},{"damage":24.0,"enemies":"Orb Walker","floor":37.0,"turns":5.0},{"damage":11.0,"enemies":"3 Darklings","floor":39.0,"turns":3.0},{"damage":29.0,"enemies":"4 Shapes","floor":40.0,"turns":4.0},{"damage":10.0,"enemies":"Writhing Mass","floor":43.0,"turns":4.0},{"damage":13.0,"enemies":"Jaw Worm Horde","floor":44.0,"turns":3.0},{"damage":0.0,"enemies":"downfall:FleeingMerchant","floor":46.0,"turns":4.0},{"damage":0.0,"enemies":"Transient","floor":48.0,"turns":5.0},{"damage":0.0,"enemies":"Sphere and 2 Shapes","floor":49.0,"turns":3.0},{"damage":46.0,"enemies":"WA_ARCHETYPE_DIVINITY","floor":50.0,"turns":8.0}],"seed_played":"7194209807137933019","potions_obtained":[{"floor":8.0,"key":"LiquidBronze"},{"floor":9.0,"key":"Swift Potion"},{"floor":11.0,"key":"Fire Potion"},{"floor":16.0,"key":"PowerPotion"},{"floor":21.0,"key":"Strength Potion"},{"floor":30.0,"key":"bronze:BurnAndBuffPotion"},{"floor":31.0,"key":"LiquidMemories"},{"floor":32.0,"key":"Fire Potion"},{"floor":36.0,"key":"champ:CounterPotion"},{"floor":44.0,"key":"Regen Potion"},{"floor":49.0,"key":"PowerPotion"}],"is_trial":false,"path_per_floor":["R","M","?","?","$","?","T","M","E","R","M","M","?","$","M","B",null,"R","M","M","M","$","M","T","E","R","?","?","E","M","M","M","B",null,"R","M","?","?","M","M","T","R","M","M","R","$","R","M","M","B",null],"character_chosen":"GUARDIAN","items_purchased":["Guardian:Incinerate","Guardian:ChargeCore","Guardian:Gem_Red","Guardian:Gem_Purple","Guardian:RollAttack","Guardian:Gem_Purple","Guardian:DonusPower","Apotheosis","Guardian:RollAttack","Guardian:Gem_Cyan"],"campfire_rested":3,"item_purchase_floors":[5,5,5,14,14,22,46,46,46,46],"current_hp_per_floor":[88,84,84,84,84,84,84,86,72,72,72,67,67,66,59,33,88,88,75,77,78,60,52,52,35,61,55,84,68,70,65,59,36,88,88,85,63,63,54,27,27,53,45,34,60,76,76,78,80,36],"gold":83,"neow_bonus":"TEN_PERCENT_HP_BONUS","is_daily":false,"chose_seed":false,"campfire_upgraded":4,"win_rate":0.0,"timestamp":1614092587,"path_taken":["R","M","?","?","$","?","T","M","E","R","M","M","?","$","M","BOSS","R","M","M","M","$","M","T","E","R","?","?","E","M","M","M","BOSS","R","M","?","?","M","M","T","R","M","?","R","$","R","M","M","BOSS"],"items_purchased_type":["Card","Card","Card","Card","Card","Card","Card","Card","Card","Card"],"build_version":"2020-12-22","purchased_purges":1,"victory":true,"max_hp_per_floor":[88,88,88,88,88,88,88,88,88,88,88,88,88,88,88,88,88,88,88,88,88,88,88,88,88,88,88,88,88,88,88,88,88,88,88,88,88,88,88,88,88,88,88,88,88,88,88,88,88,88],"card_choices":[{"not_picked":["Guardian:PiercingHide","Guardian:VentSteam"],"picked":"Guardian:GuardianWhirl","floor":2.0},{"not_picked":["Guardian:VentSteam","Guardian:Clone"],"picked":"Guardian:StasisField","floor":5.0},{"not_picked":["Guardian:Planning","Guardian:RollAttack"],"picked":"Guardian:PrismaticBarrier","floor":8.0},{"not_picked":["Guardian:RollAttack","Guardian:Gem_Cyan"],"picked":"Guardian:CrystalBeam","floor":9.0},{"not_picked":["Guardian:Clone","Guardian:Gem_Green"],"picked":"Guardian:FloatingOrbs","floor":11.0},{"not_picked":["Guardian:PiercingHide","Guardian:BronzeOrb"],"picked":"Guardian:Gem_White","floor":12.0},{"not_picked":["Guardian:TemporalShield","Guardian:Planning"],"picked":"Guardian:Incinerate","floor":14.0},{"not_picked":["Guardian:Recover","Guardian:CrystalBeam"],"picked":"Guardian:Gem_Green","floor":15.0},{"not_picked":["Guardian:FastForward","Guardian:SphericShield"],"picked":"Guardian:Gem_Orange","floor":16.0},{"not_picked":["Guardian:EvasiveProtocol+1","Guardian:Incinerate"],"picked":"Guardian:Planning+1","floor":19.0},{"not_picked":["Guardian:ChargeCore","Guardian:Recover"],"picked":"Guardian:BronzeOrb+1","floor":20.0},{"not_picked":["Guardian:ChargeCore","Guardian:PrismaticBarrier+1"],"picked":"Guardian:Incinerate+1","floor":21.0},{"not_picked":["Guardian:TemporalStrike","Guardian:Reroute"],"picked":"Guardian:FastForward","floor":22.0},{"not_picked":["Guardian:Recover","Guardian:ChargeCore"],"picked":"Guardian:WalkerClaw","floor":23.0},{"not_picked":["Guardian:StasisField","Guardian:Gem_Green"],"picked":"Guardian:PiercingHide","floor":25.0},{"not_picked":["Guardian:WalkerClaw","Guardian:Gem_Red"],"picked":"Guardian:Gem_White","floor":29.0},{"not_picked":["Guardian:Suspension","Guardian:ArmoredProtocol+1"],"picked":"Guardian:Gem_Yellow","floor":30.0},{"not_picked":["Guardian:Gem_Red","Guardian:Recover"],"picked":"Guardian:Suspension","floor":31.0},{"not_picked":["Guardian:TimeBomb+1","Guardian:VentSteam"],"picked":"Guardian:CrystalBeam+1","floor":32.0},{"not_picked":["Guardian:HyperBeam_Guardian","Guardian:BaubleBeam"],"picked":"Guardian:StasisField","floor":33.0},{"not_picked":["Guardian:VentSteam","Guardian:Gem_Cyan"],"picked":"Guardian:RollAttack","floor":36.0},{"not_picked":["Guardian:GuardianWhirl+1","Guardian:EvasiveProtocol+1"],"picked":"Guardian:CrystalBeam+1","floor":37.0},{"not_picked":["Guardian:TemporalShield","Guardian:Gem_Cyan"],"picked":"Guardian:ConstructionForm+1","floor":39.0},{"not_picked":["Guardian:TemporalStrike+1","Guardian:Gem_White"],"picked":"Guardian:WalkerClaw","floor":40.0},{"not_picked":["Guardian:TemporalStrike","Guardian:Preprogram"],"picked":"Guardian:Gem_Cyan","floor":43.0},{"not_picked":["Guardian:TimeSifter+1","Guardian:Incinerate+1"],"picked":"Guardian:ShieldSpikes","floor":44.0},{"not_picked":["Guardian:Gem_Red","Guardian:SpikerProtocol+1"],"picked":"Guardian:TimeBomb+1","floor":46.0},{"not_picked":["Guardian:Reroute","Guardian:Gem_Red"],"picked":"Guardian:WalkerClaw+1","floor":48.0},{"not_picked":["Guardian:SentryBeam","Guardian:Suspension"],"picked":"Guardian:RollAttack","floor":49.0}],"player_experience":111689,"relics_obtained":[{"floor":7.0,"key":"Blood Vial"},{"floor":9.0,"key":"Shuriken"},{"floor":24.0,"key":"Frozen Egg 2"},{"floor":25.0,"key":"Pen Nib"},{"floor":29.0,"key":"Ginger"},{"floor":37.0,"key":"Dead Branch"},{"floor":41.0,"key":"Bottled Flame"}],"event_choices":[{"damage_healed":29.0,"max_hp_gain":0.0,"max_hp_loss":0.0,"gold_gain":0.0,"event_name":"The Library","player_choice":"Heal","floor":28.0,"gold_loss":0.0,"damage_taken":0.0},{"cards_removed":["Guardian:Suspension"],"damage_healed":0.0,"max_hp_gain":0.0,"max_hp_loss":0.0,"gold_gain":0.0,"event_name":"Falling","player_choice":"Removed Skill","floor":38.0,"gold_loss":0.0,"damage_taken":0.0}],"is_beta":false,"boss_relics":[{"not_picked":["Tiny House","Fusion Hammer"],"picked":"Cursed Key"},{"not_picked":["Astrolabe","Black Star"],"picked":"Snecko Eye"}],"items_purged_floors":[46],"is_endless":false,"potions_floor_spawned":[8,9,11,16,21,30,31,32,36,44,49],"ascension_level":0}}