{"host":"zzf13dk0jcen0ncv","time":1614061811,"event":{"mods":["AchievementEnabler","BaseMod","BetterRewards","Colored Map","Keyboard Shortcuts","Minty Spire (QoL Compilation)","Quick Restart","Shop Mod","StSLib","SuperFastMode","Waifu the Spire"],"gold_per_floor":[124,145,154,179,194,236,236,265,343,5,33,71,101,128,128,210,210,237,27,42,42,61,61,93,83,83,83,109,118,118,152,152,235,235,255,318,26,80,113,113,178,248,248,248,317,373,398,429,429,459,489,489,489,9,48,48],"floor_reached":57,"language":"KOR","playtime":3584,"items_purged":["Strike_P","Strike_P"],"score":3923,"play_id":"afe60e6b-f717-465e-aaea-b04e5dc634f9","local_time":"20210223153011","is_ascension_mode":true,"campfire_choices":[{"data":"DevaForm","floor":7.0,"key":"SMITH"},{"data":"Eruption","floor":15.0,"key":"SMITH"},{"data":"Vault","floor":23.0,"key":"SMITH"},{"data":"DevaForm","floor":27.0,"key":"SMITH"},{"floor":32.0,"key":"RECALL"},{"floor":40,"key":"REST"},{"floor":44,"key":"REST"},{"data":"Indignation","floor":49,"key":"SMITH"},{"data":"Fasting2","floor":53,"key":"SMITH"}],"circlet_count":0,"master_deck":["AscendersBane","Defend_P","Defend_P","Defend_P","Defend_P","Eruption+1","Vigilance","Adaptation","Blind+1","FearNoEvil","Impatience","Master of Strategy","WheelKick+1","Fasting2","Adaptation","FlurryOfBlows","Adaptation","Master of Strategy","Indignation+1","Adaptation","Vengeance","CrushJoints","Halt","DevaForm+1","Study","EmptyMind","FearNoEvil+1","Protect","Meditate","LessonLearned","BattleHymn+1","FlurryOfBlows","DeusExMachina","EmptyFist","DevaForm+1","Pray","Vault+1","Protect","Fasting2+1","DeceiveReality+1","InnerPeace+1","Wish+1","Collect+1","Halt+1","MentalFortress+1","LikeWater","Collect+1","DeusExMachina+1","Halt+1","Protect+1","EmptyBody+1","Vault+1","InnerPeace+1","ClearTheMind+1","MasterReality+1","ThirdEye+1","Trip+1","Sadistic Nature+1","Study+1","Indignation+1","ThirdEye+1"],"relics":["PureWater","Damaru","Bag of Marbles","OrangePellets","Gremlin Horn","PreservedInsect","DollysMirror","CeramicFish","TheAbacus","ClockworkSouvenir","Happy Flower","Chemical X","MealTicket","Membership Card","Prayer Wheel","Mummified Hand","Ornamental Fan","Orichalcum","CaptainsWheel","Regal Pillow","Black Star","Matryoshka","Orrery","Art of War","Darkstone Periapt","Kunai","FossilizedHelix","Anchor","Toxic Egg 2","Sundial","Molten Egg 2","SacredBark","Lantern","HornCleat","Frozen Egg 2","Pen Nib","Omamori","Dead Branch","Torii","Meat on the Bone","Bird Faced Urn","Bottled Lightning","Mango","Toy Ornithopter","Yang"],"acts_visited":["TheCity","TheBeyond","TheEnding"],"potions_floor_usage":[56,56],"damage_taken":[{"damage":0.0,"enemies":"2 Louse","floor":1.0,"turns":2.0},{"damage":0.0,"enemies":"Jaw Worm","floor":2.0,"turns":1.0},{"damage":0.0,"enemies":"Small Slimes","floor":4.0,"turns":2.0},{"damage":0.0,"enemies":"Gremlin Gang","floor":5.0,"turns":1.0},{"damage":0.0,"enemies":"3 Sentries","floor":6.0,"turns":2.0},{"damage":0.0,"enemies":"Lots of Slimes","floor":8.0,"turns":2.0},{"damage":0.0,"enemies":"Gremlin Nob","floor":11.0,"turns":2.0},{"damage":0.0,"enemies":"Blue Slaver","floor":12.0,"turns":1.0},{"damage":0.0,"enemies":"Lagavulin","floor":13.0,"turns":4.0},{"damage":0.0,"enemies":"3 Louse","floor":14.0,"turns":1.0},{"damage":28.0,"enemies":"The Guardian","floor":16.0,"turns":6.0},{"damage":6.0,"enemies":"3 Byrds","floor":18.0,"turns":4.0},{"damage":7.0,"enemies":"Chosen","floor":20.0,"turns":4.0},{"damage":16.0,"enemies":"Shelled Parasite and Fungi","floor":22.0,"turns":5.0},{"damage":0.0,"enemies":"Gremlin Leader","floor":24.0,"turns":3.0},{"damage":0.0,"enemies":"Book of Stabbing","floor":28.0,"turns":5.0},{"damage":0.0,"enemies":"Gremlin Leader","floor":31.0,"turns":3.0},{"damage":0.0,"enemies":"Collector","floor":33.0,"turns":7.0},{"damage":20,"enemies":"3 Darklings","floor":35,"turns":6},{"damage":15,"enemies":"3 Shapes","floor":36,"turns":6},{"damage":0,"enemies":"3 Darklings","floor":38,"turns":5},{"damage":42,"enemies":"4 Shapes","floor":39,"turns":8},{"damage":42,"enemies":"Sphere and 2 Shapes","floor":41,"turns":5},{"damage":14,"enemies":"Nemesis","floor":42,"turns":6},{"damage":0,"enemies":"Reptomancer","floor":45,"turns":7},{"damage":0,"enemies":"Maw","floor":46,"turns":10},{"damage":0,"enemies":"Nemesis","floor":47,"turns":5},{"damage":0,"enemies":"Jaw Worm Horde","floor":48,"turns":4},{"damage":0,"enemies":"Donu and Deca","floor":50,"turns":11},{"damage":0,"enemies":"Awakened One","floor":51,"turns":9},{"damage":0,"enemies":"Shield and Spear","floor":55,"turns":4},{"damage":65,"enemies":"The Heart","floor":56,"turns":8}],"seed_played":"-2530956595867075612","potions_obtained":[{"floor":1.0,"key":"Explosive Potion"},{"floor":6.0,"key":"SpeedPotion"},{"floor":8.0,"key":"FairyPotion"},{"floor":11.0,"key":"BlessingOfTheForge"},{"floor":12.0,"key":"Swift Potion"},{"floor":33.0,"key":"GamblersBrew"},{"floor":36,"key":"LiquidBronze"},{"floor":42,"key":"AttackPotion"},{"floor":47,"key":"Explosive Potion"},{"floor":48,"key":"Ancient Potion"}],"is_trial":false,"path_per_floor":["M","M","?","M","M","E","R","M","T","$","E","M","E","M","R","B",null,"M","$","M","?","M","R","E","$","T","R","E","?","?","E","R","B",null,"M","M","$","M","M","R","M","E","T","R","E","M","E","M","R","B","B",null,"R","$","E","B",null],"character_chosen":"WATCHER","items_purchased":["Adaptation","Damaru","Bag of Marbles","Blind","OrangePellets","FearNoEvil","Gremlin Horn","PreservedInsect","Impatience","Master of Strategy","WheelKick","Fasting2","DollysMirror","CeramicFish","TheAbacus","FlurryOfBlows","ClockworkSouvenir","Adaptation","Master of Strategy","Indignation","Happy Flower","Chemical X","MealTicket","Adaptation","Vengeance","Membership Card","CrushJoints","LessonLearned","BattleHymn","Ornamental Fan","Orichalcum","Matryoshka","Orrery","Fasting2","LikeWater","Lantern","HornCleat","Trip+1","Sadistic Nature+1","Bottled Lightning","Study+1","Mango","Indignation+1"],"campfire_rested":2,"item_purchase_floors":[0,0,0,0,0,0,0,0,0,0,0,0,0,0,0,0,0,0,0,0,0,0,0,0,0,0,0,10,10,10,10,19,19,25,37,37,37,54,54,54,54,54,54],"current_hp_per_floor":[61,61,61,61,61,61,61,61,61,68,68,68,68,68,68,40,61,55,68,61,61,45,45,45,60,60,60,60,60,60,60,60,60,66,46,31,46,46,4,39,40,26,26,61,61,61,61,68,68,68,68,68,68,82,82,47],"gold":48,"neow_bonus":"","is_daily":false,"chose_seed":false,"campfire_upgraded":6,"win_rate":0.0,"timestamp":1614061811,"path_taken":["M","M","?","M","M","E","R","M","T","$","E","M","E","M","R","BOSS","M","$","M","?","M","R","E","$","T","R","E","?","?","E","R","BOSS","M","M","$","M","M","R","?","E","T","R","E","M","E","M","R","BOSS","BOSS","R","$","E","BOSS"],"items_purchased_type":["Card","Relic","Relic","Card","Relic","Card","Relic","Relic","Card","Card","Card","Card","Relic","Relic","Relic","Card","Relic","Card","Card","Card","Relic","Relic","Relic","Card","Card","Relic","Card","Card","Card","Relic","Relic","Relic","Relic","Card","Card","Relic","Relic","Card","Card","Relic","Card","Relic","Card"],"build_version":"2020-12-22","purchased_purges":2,"victory":true,"max_hp_per_floor":[68,68,68,68,68,68,68,68,68,68,68,68,68,68,68,68,68,68,68,68,68,68,68,68,68,68,68,68,68,68,68,68,68,68,68,68,68,68,68,68,68,68,68,68,68,68,68,68,68,68,68,68,68,82,82,82],"card_choices":[{"not_picked":["JustLucky","Evaluate"],"picked":"Halt","floor":1.0},{"not_picked":["FollowUp","CutThroughFate"],"picked":"DevaForm","floor":2.0},{"not_picked":["Consecrate","Evaluate"],"picked":"EmptyMind","floor":4.0},{"not_picked":["SignatureMove","Crescendo","ThirdEye"],"picked":"SKIP","floor":5.0},{"not_picked":["FlurryOfBlows","SashWhip"],"picked":"FearNoEvil","floor":6.0},{"not_picked":["Meditate","MentalFortress"],"picked":"Protect","floor":8.0},{"not_picked":["JustLucky","FollowUp"],"picked":"Meditate","floor":8.0},{"not_picked":["CrushJoints","Protect","CarveReality"],"picked":"SKIP","floor":11.0},{"not_picked":["SandsOfTime","PathToVictory"],"picked":"FlurryOfBlows","floor":12.0},{"not_picked":["Vengeance","Halt"],"picked":"DeusExMachina","floor":12.0},{"not_picked":["PathToVictory","Swivel","FlyingSleeves"],"picked":"SKIP","floor":13.0},{"not_picked":["ClearTheMind","SashWhip"],"picked":"EmptyFist","floor":14.0},{"not_picked":["Crescendo","ReachHeaven","Prostrate"],"picked":"SKIP","floor":14.0},{"not_picked":["Omniscience","Brilliance"],"picked":"DevaForm","floor":16.0},{"not_picked":["PathToVictory","Crescendo"],"picked":"Pray","floor":18.0},{"not_picked":["PathToVictory","CarveReality","BowlingBash"],"picked":"SKIP","floor":18.0},{"not_picked":["Evaluate","BowlingBash"],"picked":"Vault","floor":19.0},{"not_picked":["FlyingSleeves","Swivel"],"picked":"Protect","floor":19.0},{"not_picked":["CutThroughFate","FollowUp","WaveOfTheHand"],"picked":"SKIP","floor":20.0},{"not_picked":["Prostrate","LessonLearned","JustLucky"],"picked":"SKIP","floor":20.0},{"not_picked":["Crescendo","PathToVictory","EmptyFist"],"picked":"SKIP","floor":22.0},{"not_picked":["Consecrate","WreathOfFlame","BowlingBash"],"picked":"SKIP","floor":22.0},{"not_picked":["Crescendo","Evaluate","Wireheading"],"picked":"SKIP","floor":24.0},{"not_picked":["BowlingBash+1","Nirvana","Adaptation"],"picked":"SKIP","floor":28.0},{"not_picked":["FlurryOfBlows+1","BattleHymn"],"picked":"InnerPeace+1","floor":31.0},{"not_picked":["Blasphemy+1","Devotion"],"picked":"Wish+1","floor":33.0},{"not_picked":["TalkToTheHand+1","Prostrate+1"],"picked":"Collect+1","floor":35},{"not_picked":["Conclude+1","FearNoEvil+1","FlurryOfBlows+1"],"picked":"SKIP","floor":35},{"not_picked":["FearNoEvil+1","Evaluate+1"],"picked":"Halt+1","floor":36},{"not_picked":["Prostrate+1","ThirdEye+1"],"picked":"MentalFortress+1","floor":36},{"not_picked":["WindmillStrike+1","Swivel+1"],"picked":"Collect+1","floor":38},{"not_picked":["ForeignInfluence+1","FlurryOfBlows+1","CutThroughFate+1"],"picked":"SKIP","floor":38},{"not_picked":["WaveOfTheHand+1","Consecrate+1"],"picked":"DeusExMachina+1","floor":39},{"not_picked":["Evaluate+1","Crescendo+1"],"picked":"Halt+1","floor":39},{"not_picked":["Conclude+1","SandsOfTime+1"],"picked":"Protect+1","floor":41},{"not_picked":["ReachHeaven+1","Prostrate+1"],"picked":"EmptyBody+1","floor":41},{"not_picked":["CutThroughFate+1","Adaptation+1"],"picked":"Vault+1","floor":42},{"not_picked":["Sanctity+1","Perseverance+1"],"picked":"InnerPeace+1","floor":45},{"not_picked":["Swivel+1","BattleHymn+1"],"picked":"ClearTheMind+1","floor":46},{"not_picked":["Worship+1","Consecrate+1","Wireheading+1"],"picked":"SKIP","floor":46},{"not_picked":["FlyingSleeves+1","EmptyBody+1","Perseverance+1"],"picked":"SKIP","floor":47},{"not_picked":["Halt+1","SashWhip+1"],"picked":"MasterReality+1","floor":48},{"not_picked":["FearNoEvil+1","CutThroughFate+1"],"picked":"ThirdEye+1","floor":48},{"not_picked":["CarveReality+1","PathToVictory+1"],"picked":"ThirdEye+1","floor":55}],"player_experience":937595,"relics_obtained":[{"floor":6.0,"key":"Prayer Wheel"},{"floor":9.0,"key":"Mummified Hand"},{"floor":11.0,"key":"CaptainsWheel"},{"floor":13.0,"key":"Regal Pillow"},{"floor":24.0,"key":"Art of War"},{"floor":24.0,"key":"Darkstone Periapt"},{"floor":26.0,"key":"Kunai"},{"floor":26.0,"key":"FossilizedHelix"},{"floor":28.0,"key":"Anchor"},{"floor":28.0,"key":"Toxic Egg 2"},{"floor":31.0,"key":"Sundial"},{"floor":31.0,"key":"Molten Egg 2"},{"floor":42,"key":"Frozen Egg 2"},{"floor":42,"key":"Pen Nib"},{"floor":43,"key":"Omamori"},{"floor":45,"key":"Dead Branch"},{"floor":45,"key":"Torii"},{"floor":47,"key":"Meat on the Bone"},{"floor":47,"key":"Bird Faced Urn"},{"floor":55,"key":"Toy Ornithopter"},{"floor":55,"key":"Yang"}],"event_choices":[{"damage_healed":0.0,"max_hp_gain":0.0,"max_hp_loss":0.0,"gold_gain":0.0,"cards_transformed":["Strike_P"],"event_name":"Living Wall","player_choice":"Change","floor":3.0,"gold_loss":0.0,"damage_taken":0.0,"cards_obtained":["Study"]},{"damage_healed":0.0,"max_hp_gain":0.0,"max_hp_loss":0.0,"gold_gain":0.0,"event_name":"Ghosts","player_choice":"Ignored","floor":21.0,"gold_loss":0.0,"damage_taken":0.0},{"damage_healed":0.0,"max_hp_gain":0.0,"max_hp_loss":0.0,"gold_gain":0.0,"event_name":"The Library","player_choice":"Read","floor":29.0,"gold_loss":0.0,"damage_taken":0.0,"cards_obtained":["DeceiveReality"]},{"cards_removed":["Strike_P"],"damage_healed":0.0,"max_hp_gain":0.0,"max_hp_loss":0.0,"gold_gain":0.0,"event_name":"Bonfire Elementals","player_choice":"Offered Basic","floor":30.0,"gold_loss":0.0,"damage_taken":0.0}],"is_beta":false,"boss_relics":[{"not_picked":["Runic Dome","VioletLotus"],"picked":"Black Star"},{"not_picked":["Astrolabe","Velvet Choker"],"picked":"SacredBark"}],"items_purged_floors":[10,37],"is_endless":false,"potions_floor_spawned":[1,6,8,11,12,16,24,31,33,36,42,47,48,55],"ascension_level":20}}