{"host":"hig4mmxcip4vq5ai","time":1614077468,"event":{"mods":["Aspiration","BaseMod","Challenge The Spire","Colored Powertips","Conspire","Energized Spire","Friendly Minions","Halation","Hubris","Infinite Spire","Minty Spire (QoL Compilation)","Replay The Spire","Shop Mod","Small Relic Pack","StSLib"],"gold_per_floor":[114,114,134,148,165,165,195,212,212,212,247,247,247,260,260,360,360,371,371,386,187,187,187,187],"floor_reached":23,"language":"RUS","playtime":1045,"items_purged":[],"score":211,"play_id":"89a9d8f6-113f-4149-a27b-db110cdbc4bd","local_time":"20210223135108","is_ascension_mode":true,"campfire_choices":[{"data":"Halt","floor":6,"key":"SMITH"},{"data":"Eruption","floor":10,"key":"SMITH"},{"data":"Halt","floor":13,"key":"SMITH"},{"data":"SashWhip","floor":15,"key":"SMITH"}],"circlet_count":0,"master_deck":["Strike_P","Defend_P","Defend_P","Defend_P","Eruption+1","Vigilance","FollowUp","PathToVictory","Consecrate","Halt+1","SashWhip+1","BowlingBash","Halt+1","LessonLearned","EmptyFist+1","BowlingBash","relicPack:TruthCard","ReplayTheSpireMod:Necrosis","Brilliance","Scrawl"],"relics":["PureWater","aspiration:DSix","CultistMask","Snack Pack","halation:Pancakes","hubris:RunicObelisk","relicPack:DSword","infinitespire:Lucky Rock","relicPack:EdsArm"],"acts_visited":["Exordium","TheCity"],"potions_floor_usage":[11,11,23,23,23,23],"damage_taken":[{"damage":9,"enemies":"Jaw Worm","floor":1,"turns":7},{"damage":0,"enemies":"Cultist","floor":3,"turns":3},{"damage":4,"enemies":"Small Slimes","floor":4,"turns":4},{"damage":7,"enemies":"Blue Slaver","floor":5,"turns":4},{"damage":26,"enemies":"Lagavulin","floor":7,"turns":7},{"damage":0,"enemies":"3 Louse","floor":8,"turns":2},{"damage":32,"enemies":"Gremlin Nob","floor":11,"turns":4},{"damage":6,"enemies":"2 Fungi Beasts","floor":14,"turns":4},{"damage":40,"enemies":"The Guardian","floor":16,"turns":13},{"damage":5,"enemies":"Shell Parasite","floor":18,"turns":5},{"damage":0,"enemies":"3 Byrds","floor":20,"turns":3},{"damage":52,"enemies":"Slavers","floor":23,"turns":3}],"seed_played":"-4396473927914735758","potions_obtained":[{"floor":1,"key":"Fruit Juice"},{"floor":3,"key":"Strength Potion"},{"floor":8,"key":"Fire Potion"},{"floor":11,"key":"DistilledChaos"},{"floor":16,"key":"BlessingOfTheForge"},{"floor":18,"key":"EntropicBrew"}],"is_trial":false,"path_per_floor":["M","?","M","M","M","R","E","M","T","R","E","?","R","M","R","B",null,"M","?","M","$","?","E"],"character_chosen":"WATCHER","items_purchased":["BowlingBash","infinitespire:Lucky Rock"],"campfire_rested":0,"item_purchase_floors":[21,21],"current_hp_per_floor":[63,63,63,59,52,52,26,28,28,28,58,63,63,59,59,23,82,81,46,50,50,50,0,0],"gold":187,"neow_bonus":"DSIX","is_daily":false,"chose_seed":false,"campfire_upgraded":4,"win_rate":0.0,"timestamp":1614077468,"path_taken":["M","?","?","M","M","R","E","M","T","R","E","?","R","M","R","BOSS","M","?","M","$","?","E"],"items_purchased_type":["Card","Relic"],"build_version":"2020-12-22","purchased_purges":0,"victory":false,"max_hp_per_floor":[72,72,72,72,72,72,72,72,72,72,77,82,82,82,82,82,82,82,82,82,82,77,77,77],"card_choices":[{"not_picked":["Replay:ManipulateFuture","Replay:DivineShield"],"picked":"FollowUp","floor":1},{"not_picked":["EmptyMind","Crescendo"],"picked":"PathToVictory","floor":3},{"not_picked":["EmptyBody","Protect"],"picked":"Consecrate","floor":4},{"not_picked":["Vengeance","Fasting2"],"picked":"Halt","floor":5},{"not_picked":["Collect","EmptyBody"],"picked":"SashWhip","floor":7},{"not_picked":["Nirvana","CutThroughFate"],"picked":"BowlingBash","floor":8},{"not_picked":["Collect","Crescendo"],"picked":"Halt","floor":11},{"not_picked":["SandsOfTime","Sanctity"],"picked":"EmptyFist","floor":14},{"not_picked":["Brilliance","Vault"],"picked":"LessonLearned","floor":16},{"not_picked":["Replay:AtTheReady","ForeignInfluence"],"picked":"EmptyFist+1","floor":18},{"not_picked":["Swivel","Study"],"picked":"CrushJoints","floor":20}],"player_experience":443175,"relics_obtained":[{"floor":7,"key":"Snack Pack"},{"floor":11,"key":"halation:Pancakes"}],"event_choices":[{"damage_healed":0,"gold_gain":0,"player_choice":"Trade","damage_taken":0,"relics_obtained":["CultistMask"],"max_hp_gain":0,"max_hp_loss":0,"event_name":"FaceTrader","floor":2,"gold_loss":0},{"damage_healed":0,"gold_gain":0,"player_choice":"Donut","damage_taken":0,"max_hp_gain":5,"max_hp_loss":0,"event_name":"Big Fish","floor":12,"gold_loss":0}],"is_beta":false,"boss_relics":[{"not_picked":["Fusion Hammer","conspire:RoyalGoblet"],"picked":"hubris:RunicObelisk"}],"items_purged_floors":[],"is_endless":false,"potions_floor_spawned":[1,3,8,11,16,18],"killed_by":"Slavers","ascension_level":1}}