{"host":"at5b10nm0iti0w4x","time":1614122375,"event":{"mods":["2.2 Compatiblity","AchievementEnabler","BaseMod","Bestiary","Block Reminder","Colored Map","Colored Powertips","Highlight Path","Keyboard Shortcuts","Minty Spire (QoL Compilation)","Quick Restart","Relic Stats","Slay the Relics Exporter","StSLib","SuperFastMode","Unknown Chances"],"gold_per_floor":[119,133,143,218,234,259,272,290,290,300,329,75,75,41,41,139,139,156,83,83,100,15,15,29,39,66,85,103,128,157,171,171,266,266,284,301,318,336,113,113,113,113,113,124,143,163,193,0,0,0],"floor_reached":51,"language":"ENG","playtime":2483,"items_purged":["Strike_R"],"score":1017,"play_id":"3358e8e4-7e0c-4dac-843a-c15a7d2d7e0b","local_time":"20210223181935","is_ascension_mode":false,"campfire_choices":[{"data":"Dark Embrace","floor":13,"key":"SMITH"},{"data":"Power Through","floor":15,"key":"SMITH"},{"data":"RitualDagger","floor":23,"key":"SMITH"},{"floor":32,"key":"REST"},{"data":"Feel No Pain","floor":40,"key":"SMITH"},{"data":"Limit Break","floor":42,"key":"SMITH"},{"data":"Fire Breathing","floor":49,"key":"SMITH"}],"circlet_count":0,"master_deck":["Strike_R","Strike_R","Strike_R","Strike_R","Defend_R","Defend_R","Defend_R","Defend_R","Bash","Wild Strike","Thunderclap","Cleave","Ghostly Armor","Perfected Strike","Power Through+1","Seeing Red","Immolate","Evolve","Dark Embrace+1","Spot Weakness","Limit Break+1","Shrug It Off","Fire Breathing+1","RitualDagger+1","Headbutt+1","Disarm+1","Dual Wield+1","Wild Strike","Intimidate+1","Fiend Fire","Dual Wield","Immolate","Wild Strike+1","Burning Pact","Dark Embrace+1","True Grit+1","Feel No Pain+1","Wild Strike","Intimidate","Thunderclap+1","Armaments+1"],"relics":["Burning Blood","Bird Faced Urn","Pocketwatch","Question Card","Mango","Medical Kit","Philosopher\u0027s Stone","Eternal Feather","Smiling Mask","Toy Ornithopter","Orichalcum","Mark of Pain","Lee\u0027s Waffle","The Courier","Lantern","Red Mask"],"acts_visited":["Exordium","TheCity","TheBeyond"],"potions_floor_usage":[21,27,33,44,50,50],"damage_taken":[{"damage":3,"enemies":"2 Louse","floor":1,"turns":3},{"damage":3,"enemies":"Small Slimes","floor":2,"turns":3},{"damage":13,"enemies":"Jaw Worm","floor":3,"turns":3},{"damage":9,"enemies":"Blue Slaver","floor":5,"turns":3},{"damage":30,"enemies":"3 Sentries","floor":6,"turns":9},{"damage":4,"enemies":"Gremlin Gang","floor":7,"turns":3},{"damage":5,"enemies":"Looter","floor":8,"turns":2},{"damage":0,"enemies":"Exordium Wildlife","floor":10,"turns":4},{"damage":6,"enemies":"Gremlin Nob","floor":11,"turns":3},{"damage":16,"enemies":"Hexaghost","floor":16,"turns":11},{"damage":20,"enemies":"Shell Parasite","floor":18,"turns":4},{"damage":14,"enemies":"3 Byrds","floor":21,"turns":6},{"damage":29,"enemies":"Shelled Parasite and Fungi","floor":24,"turns":5},{"damage":0,"enemies":"Snecko","floor":25,"turns":4},{"damage":33,"enemies":"Centurion and Healer","floor":27,"turns":8},{"damage":11,"enemies":"Cultist and Chosen","floor":28,"turns":5},{"damage":29,"enemies":"Gremlin Leader","floor":30,"turns":7},{"damage":37,"enemies":"Snake Plant","floor":31,"turns":5},{"damage":65,"enemies":"Automaton","floor":33,"turns":10},{"damage":5,"enemies":"Orb Walker","floor":35,"turns":2},{"damage":24,"enemies":"3 Shapes","floor":36,"turns":3},{"damage":25,"enemies":"Writhing Mass","floor":37,"turns":4},{"damage":5,"enemies":"Jaw Worm Horde","floor":38,"turns":2},{"damage":11,"enemies":"Spire Growth","floor":44,"turns":6},{"damage":0,"enemies":"4 Shapes","floor":45,"turns":4},{"damage":10,"enemies":"Maw","floor":46,"turns":8},{"damage":43,"enemies":"Giant Head","floor":47,"turns":8},{"damage":46,"enemies":"Donu and Deca","floor":50,"turns":7}],"seed_played":"2497296113073253596","potions_obtained":[{"floor":1,"key":"SmokeBomb"},{"floor":5,"key":"EssenceOfSteel"},{"floor":6,"key":"Dexterity Potion"},{"floor":7,"key":"BlessingOfTheForge"},{"floor":10,"key":"Block Potion"},{"floor":21,"key":"AttackPotion"},{"floor":24,"key":"BloodPotion"},{"floor":28,"key":"BloodPotion"},{"floor":33,"key":"SmokeBomb"},{"floor":36,"key":"Ancient Potion"},{"floor":46,"key":"LiquidBronze"}],"is_trial":false,"path_per_floor":["M","M","M","?","M","E","M","M","T","M","E","$","R","$","R","B",null,"M","$","?","M","?","R","M","M","T","M","M","T","E","M","R","B",null,"M","M","M","M","$","R","$","R","T","M","M","M","E","?","R","B",null],"character_chosen":"IRONCLAD","items_purchased":["Dark Embrace","Medical Kit","Spot Weakness","Fire Breathing","Feel No Pain","Lee\u0027s Waffle"],"campfire_rested":1,"item_purchase_floors":[12,12,14,19,39,39],"current_hp_per_floor":[59,62,55,44,41,17,19,20,20,26,40,40,40,40,40,34,94,82,82,76,72,72,87,70,78,78,57,58,58,41,16,62,36,94,94,76,63,64,101,101,101,101,101,101,101,101,69,69,93,73],"gold":0,"neow_bonus":"ONE_RARE_RELIC","is_daily":false,"chose_seed":false,"campfire_upgraded":6,"win_rate":0.0,"timestamp":1614122375,"path_taken":["M","M","M","?","M","E","M","M","T","M","E","$","R","$","R","BOSS","M","$","?","M","?","R","M","M","T","M","M","?","E","M","R","BOSS","M","M","?","M","$","R","$","R","T","M","M","M","E","?","R","BOSS"],"items_purchased_type":["Card","Relic","Card","Card","Card","Relic"],"build_version":"2020-12-22","purchased_purges":1,"victory":true,"max_hp_per_floor":[80,80,80,80,80,80,80,80,80,80,94,94,94,94,94,94,94,94,94,94,94,94,94,94,94,94,94,94,94,94,94,94,94,94,94,94,94,94,101,101,101,101,101,101,101,101,101,101,101,101],"relic_stats":{"Lee\u0027s Waffle":37,"counters":[28,142],"Bird Faced Urn":[81],"Eternal Feather":57,"Orichalcum":[78],"Question Card":20,"Medical Kit":[123],"Smiling Mask":0,"obtain_stats":[{"Lee\u0027s Waffle":39,"Lantern":47,"Mango":11,"Eternal Feather":22,"The Courier":43,"Orichalcum":30,"Question Card":9,"Medical Kit":12,"Smiling Mask":26,"Burning Blood":0,"Bird Faced Urn":0,"Philosopher\u0027s Stone":17,"Mark of Pain":34,"Red Mask":48,"Toy Ornithopter":29,"Pocketwatch":6},{"Lee\u0027s Waffle":23,"Lantern":27,"Mango":9,"Eternal Feather":12,"The Courier":23,"Orichalcum":17,"Question Card":7,"Medical Kit":9,"Smiling Mask":14,"Burning Blood":0,"Bird Faced Urn":0,"Philosopher\u0027s Stone":10,"Mark of Pain":19,"Red Mask":27,"Toy Ornithopter":16,"Pocketwatch":5},{"Lee\u0027s Waffle":109,"Lantern":135,"Mango":33,"Eternal Feather":54,"The Courier":109,"Orichalcum":83,"Question Card":26,"Medical Kit":33,"Smiling Mask":63,"Burning Blood":0,"Bird Faced Urn":0,"Philosopher\u0027s Stone":44,"Mark of Pain":98,"Red Mask":135,"Toy Ornithopter":76,"Pocketwatch":21}],"Burning Blood":157,"Toy Ornithopter":20,"Pocketwatch":[78]},"card_choices":[{"not_picked":["Sever Soul","Reckless Charge"],"picked":"Wild Strike","floor":1},{"not_picked":["Carnage","Twin Strike"],"picked":"Thunderclap","floor":2},{"not_picked":["Flame Barrier","Heavy Blade"],"picked":"Cleave","floor":3},{"not_picked":["Warcry","Intimidate"],"picked":"Ghostly Armor","floor":5},{"not_picked":["Cleave","Headbutt"],"picked":"Perfected Strike","floor":6},{"not_picked":["Thunderclap","Body Slam"],"picked":"Power Through","floor":7},{"not_picked":["Iron Wave","Heavy Blade"],"picked":"Seeing Red","floor":8},{"not_picked":["Iron Wave","Body Slam","Carnage"],"picked":"Immolate","floor":10},{"not_picked":["Body Slam","Headbutt","Carnage"],"picked":"Evolve","floor":11},{"not_picked":["Double Tap","Fiend Fire","Bludgeon"],"picked":"Limit Break","floor":16},{"not_picked":["Blood for Blood","Body Slam","Cleave+1"],"picked":"Shrug It Off","floor":18},{"not_picked":["Thunderclap","Shrug It Off","Body Slam"],"picked":"Headbutt+1","floor":21},{"not_picked":["Clothesline+1","Seeing Red","Ghostly Armor"],"picked":"Disarm+1","floor":24},{"not_picked":["Whirlwind","Pummel","Impervious"],"picked":"Dual Wield+1","floor":25},{"not_picked":["Perfected Strike","Uppercut","Clash"],"picked":"Wild Strike","floor":27},{"not_picked":["Second Wind","Inflame","Pommel Strike"],"picked":"Intimidate+1","floor":28},{"not_picked":["Flex","Ghostly Armor","Rupture"],"picked":"Fiend Fire","floor":30},{"not_picked":["Clothesline","Clash","Headbutt+1"],"picked":"Dual Wield","floor":31},{"not_picked":["Fiend Fire","Limit Break","Offering"],"picked":"Immolate","floor":33},{"not_picked":["Headbutt+1","True Grit","Perfected Strike+1"],"picked":"Wild Strike+1","floor":35},{"not_picked":["Clothesline+1","Sword Boomerang","Pommel Strike+1"],"picked":"Burning Pact","floor":36},{"not_picked":["Havoc","True Grit","Clash"],"picked":"Dark Embrace+1","floor":37},{"not_picked":["Perfected Strike+1","Thunderclap","Uppercut"],"picked":"True Grit+1","floor":38},{"not_picked":["Ghostly Armor","Evolve+1","Pommel Strike+1"],"picked":"Wild Strike","floor":44},{"not_picked":["Inflame","True Grit","Body Slam"],"picked":"Intimidate","floor":45},{"not_picked":["Sword Boomerang","Metallicize+1","Iron Wave"],"picked":"Thunderclap+1","floor":46},{"not_picked":["Dual Wield+1","Whirlwind","Rupture"],"picked":"Armaments+1","floor":47}],"player_experience":125215,"relics_obtained":[{"floor":6,"key":"Pocketwatch"},{"floor":9,"key":"Question Card"},{"floor":11,"key":"Mango"},{"floor":26,"key":"Smiling Mask"},{"floor":29,"key":"Toy Ornithopter"},{"floor":30,"key":"Orichalcum"},{"floor":43,"key":"The Courier"},{"floor":47,"key":"Lantern"}],"event_choices":[{"damage_healed":0,"gold_gain":75,"player_choice":"Gather Gold","damage_taken":11,"max_hp_gain":0,"max_hp_loss":0,"event_name":"World of Goop","floor":4,"gold_loss":0},{"damage_healed":0,"gold_gain":0,"player_choice":"Joined the Cult","damage_taken":6,"max_hp_gain":0,"max_hp_loss":0,"event_name":"Nest","floor":20,"gold_loss":0,"cards_obtained":["RitualDagger"]},{"damage_healed":0,"gold_gain":0,"player_choice":"Obtained Relic","damage_taken":0,"relics_obtained":["Eternal Feather"],"max_hp_gain":0,"max_hp_loss":0,"event_name":"Addict","floor":22,"gold_loss":85},{"damage_healed":0,"gold_gain":0,"player_choice":"Paid","damage_taken":0,"relics_obtained":["Red Mask"],"max_hp_gain":0,"max_hp_loss":0,"event_name":"Tomb of Lord Red Mask","floor":48,"gold_loss":193}],"is_beta":false,"boss_relics":[{"not_picked":["Runic Cube","Runic Pyramid"],"picked":"Philosopher\u0027s Stone"},{"not_picked":["Velvet Choker","Fusion Hammer"],"picked":"Mark of Pain"}],"items_purged_floors":[12],"is_endless":false,"potions_floor_spawned":[1,5,6,7,10,16,21,24,28,33,36,46],"ascension_level":0}}