{"host":"oigynbtg272c19pw","time":1614076127,"event":{"mods":["BaseMod","Colored Map","Minty Spire (QoL Compilation)","Relic Stats","Slay the Relics Exporter","StSLib"],"gold_per_floor":[112,29,29,45,45,70,89,115,127,164,176,200,212,236,248,260,260],"floor_reached":16,"playtime":638,"items_purged":[],"score":290,"play_id":"76897f37-6b19-499a-aad4-974257f519ce","local_time":"20210223112847","is_ascension_mode":true,"campfire_choices":[{"data":"True Grit","floor":15,"key":"SMITH"}],"circlet_count":0,"master_deck":["AscendersBane","Strike_R","Strike_R","Strike_R","Strike_R","Strike_R","Defend_R","Defend_R","Defend_R","Defend_R","Bash+1","Cleave","Feel No Pain","Dark Embrace","True Grit+1","Feel No Pain","Seeing Red+1","Shrug It Off","Flame Barrier","Evolve"],"relics":["Burning Blood","NeowsBlessing","Mummified Hand","Self Forming Clay","MawBank","Peace Pipe","CaptainsWheel"],"acts_visited":["Exordium"],"potions_floor_usage":[10,16],"damage_taken":[{"damage":0.0,"enemies":"Cultist","floor":1.0,"turns":1.0},{"damage":0.0,"enemies":"Jaw Worm","floor":4.0,"turns":1.0},{"damage":0.0,"enemies":"Gremlin Nob","floor":6.0,"turns":1.0},{"damage":0.0,"enemies":"2 Louse","floor":7.0,"turns":2.0},{"damage":22.0,"enemies":"3 Sentries","floor":8.0,"turns":10.0},{"damage":29,"enemies":"Gremlin Nob","floor":10,"turns":4},{"damage":10,"enemies":"Large Slime","floor":12,"turns":10},{"damage":5,"enemies":"Looter","floor":14,"turns":4},{"damage":16,"enemies":"Slime Boss","floor":16,"turns":8}],"seed_played":"4368967905273051382","potions_obtained":[{"floor":8.0,"key":"Strength Potion"},{"floor":10,"key":"CultistPotion"}],"is_trial":false,"path_per_floor":["M","$","?","M","T","E","M","E","T","E","?","M","?","M","R","B"],"character_chosen":"IRONCLAD","items_purchased":["Feel No Pain"],"campfire_rested":0,"item_purchase_floors":[2],"current_hp_per_floor":[74,74,74,75,75,75,75,59,59,36,41,37,13,14,14,0,0],"gold":260,"neow_bonus":"THREE_ENEMY_KILL","is_daily":false,"chose_seed":false,"campfire_upgraded":1,"win_rate":0.0,"timestamp":1614076127,"path_taken":["M","$","?","M","?","E","M","E","T","E","?","M","?","M","R","BOSS"],"items_purchased_type":["Card"],"build_version":"2020-12-13","purchased_purges":0,"victory":false,"max_hp_per_floor":[75,75,75,75,75,75,75,75,75,75,80,80,80,80,80,80,80],"relic_stats":{"Peace Pipe":0,"counters":[9,41],"Mummified Hand":[18],"Self Forming Clay":[27],"MawBank":96,"obtain_stats":[{"Peace Pipe":9,"CaptainsWheel":10,"NeowsBlessing":0,"Mummified Hand":5,"Self Forming Clay":6,"MawBank":8,"Burning Blood":0},{"Peace Pipe":5,"CaptainsWheel":6,"NeowsBlessing":0,"Mummified Hand":2,"Self Forming Clay":3,"MawBank":5,"Burning Blood":0},{"Peace Pipe":15,"CaptainsWheel":19,"NeowsBlessing":0,"Mummified Hand":2,"Self Forming Clay":3,"MawBank":15,"Burning Blood":0}],"Burning Blood":31},"card_choices":[{"not_picked":["Armaments","Combust"],"picked":"Cleave","floor":1.0},{"not_picked":["Iron Wave","Ghostly Armor"],"picked":"Dark Embrace","floor":4.0},{"not_picked":["Body Slam","Inflame"],"picked":"True Grit","floor":6.0},{"not_picked":["Cleave","True Grit"],"picked":"Feel No Pain","floor":7.0},{"not_picked":["Twin Strike","Rage"],"picked":"Seeing Red","floor":8.0},{"not_picked":["Combust","True Grit"],"picked":"Shrug It Off","floor":10},{"not_picked":["Dark Embrace","Disarm"],"picked":"Flame Barrier","floor":12},{"not_picked":["Demon Form","Cleave"],"picked":"Evolve","floor":14}],"player_experience":1649980,"relics_obtained":[{"floor":5.0,"key":"Mummified Hand"},{"floor":6.0,"key":"Self Forming Clay"},{"floor":8.0,"key":"MawBank"},{"floor":9.0,"key":"Peace Pipe"},{"floor":10,"key":"CaptainsWheel"}],"event_choices":[{"damage_healed":0.0,"max_hp_gain":0.0,"max_hp_loss":0.0,"gold_gain":0.0,"event_name":"Liars Game","player_choice":"Ignored","floor":3.0,"gold_loss":0.0,"damage_taken":0.0},{"damage_healed":0,"gold_gain":0,"player_choice":"Donut","damage_taken":0,"max_hp_gain":5,"max_hp_loss":0,"event_name":"Big Fish","floor":11,"gold_loss":0},{"damage_healed":0,"gold_gain":0,"player_choice":"Entered Light","damage_taken":24,"max_hp_gain":0,"max_hp_loss":0,"event_name":"Shining Light","floor":13,"gold_loss":0,"cards_upgraded":["Seeing Red","Bash"]}],"is_beta":false,"boss_relics":[],"items_purged_floors":[],"is_endless":false,"potions_floor_spawned":[8,10],"killed_by":"Slime Boss","ascension_level":20}}