{"host":"o3b7ow6d1xe49css","time":1614082445,"event":{"mods":["Act Like it!","Aspiration","BaseMod","Bestiary","Better Altar","Better Match","Better Note","Better Sensory Stone","Better Skull","Better Third Choice","Colored Powertips","Conspire","Energized Spire","Force Act Four","GifTheSpireLib","Halation","Hermit","Hubris","Infinite Spire","Lobotomy","Minty Spire (QoL Compilation)","Quick Restart","Rare Cards Sparkle","Relic Filter Mod","Reliquary","Replay The Spire","Spicy Shops","Spikes Relics","StSLib","Stuff the Spire","The Blue Laboratory","The Hierophant","The Jungle","Wandering Minibosses"],"gold_per_floor":[112,170,185,28,28,28,56,84,109,109,109,127,127,158,158,234,234,249,266,266,49,67,97,97,97,97,97,115,149,149,377,377,497,497],"floor_reached":33,"language":"ENG","playtime":1483,"items_purged":["Scorched","Regret"],"score":942,"play_id":"eb04cd57-d56f-4584-bc33-cef6cde778e5","local_time":"20210223031405","daily_mods":["Heirloom","Flight"],"is_ascension_mode":true,"campfire_choices":[{"data":"hubris:StunningStrike","floor":6,"key":"SMITH"},{"floor":10,"key":"REST"},{"data":"StuffTheSpire:CelestialWarden","floor":13,"key":"SMITH"},{"data":"Clothesline","floor":15,"key":"SMITH"},{"data":"Juggernaut","floor":24,"key":"SMITH"},{"data":"Armaments","floor":25,"key":"SMITH"},{"floor":30,"key":"RECALL"},{"data":"AscendersBane","floor":32,"key":"SMITH"}],"circlet_count":0,"master_deck":["Strike_R","Strike_R","Strike_R","Strike_R","Strike_R","Defend_R","Defend_R","Defend_R+1","Defend_R","Bash+1","UniverseFragment","Pommel Strike","hubris:StunningStrike+1","Anger","Sword Boomerang","True Grit","StuffTheSpire:CelestialWarden+1","Clothesline+1","Juggernaut+1","Power Through","Metallicize","Armaments+1","Metallicize","ReplayTheSpireMod:Stacked+1","Defy Death+1"],"relics":["Burning Blood","Ring of Chaos","StoneCalendar","CogitoBucket","StuffTheSpire:Saxophone","RollingBoulder","StuffTheSpire:Mouthbags","Regal Pillow","StuffTheSpire:RedRose","ChangeAnything","hubris:Reverence","Replay:Bronze Core","Ring of Fury","Ring of Peace","SkinProphecy","Smiling Mask","reliquary:Buckler","Pondfish Scales","Vajra","halation:PrussianBluePaint"],"acts_visited":["Exordium","Exordium"],"potions_floor_usage":[16,18,23,29],"damage_taken":[{"damage":18,"enemies":"Cultist","floor":1,"turns":5},{"damage":25,"enemies":"Jaw Worm","floor":2,"turns":6},{"damage":5,"enemies":"2 Louse","floor":3,"turns":2},{"damage":27,"enemies":"Lagavulin","floor":7,"turns":4},{"damage":11,"enemies":"Gremlin Nob","floor":8,"turns":5},{"damage":0,"enemies":"Looter","floor":12,"turns":1},{"damage":0,"enemies":"3 Sentries","floor":14,"turns":3},{"damage":2,"enemies":"Hexaghost","floor":16,"turns":7},{"damage":9,"enemies":"theJungle:5_Spyders","floor":18,"turns":8},{"damage":17,"enemies":"theJungle:GiantWrat","floor":19,"turns":5},{"damage":11,"enemies":"theJungle:JungleHuntersEncounter","floor":22,"turns":7},{"damage":4,"enemies":"Nightmare","floor":23,"turns":13},{"damage":0,"enemies":"theJungle:SlimyTreeVines","floor":28,"turns":5},{"damage":0,"enemies":"theJungle:MamaSnecko","floor":29,"turns":7},{"damage":0,"enemies":"theJungle:2_Phrogs","floor":31,"turns":6},{"damage":61,"enemies":"theJungle:TotemBoss","floor":33,"turns":12}],"seed_played":"169009633625245156","potions_obtained":[{"floor":3,"key":"blueLaboratory:BottledHope"},{"floor":12,"key":"blueLaboratory:EntrenchedPotion"},{"floor":14,"key":"blueLaboratory:IronCompound"},{"floor":16,"key":"blueLaboratory:FrostheartPotion"},{"floor":18,"key":"blueLaboratory:FrostheartPotion"}],"is_trial":true,"path_per_floor":["M","M","M","$","T","R","E","E","T","R","?","M","R","E","R","B",null,"M","M","?","$","M","NM","R","R","T","AVR","M","E","R","E","R","B"],"character_chosen":"IRONCLAD","items_purchased":["StuffTheSpire:Saxophone","Armaments","Metallicize"],"campfire_rested":1,"item_purchase_floors":[4,21,21],"current_hp_per_floor":[56,37,38,38,38,38,17,12,12,49,49,55,55,61,61,65,73,70,59,59,59,54,52,52,52,52,52,57,59,59,61,61,0,0],"gold":497,"neow_bonus":"","is_daily":false,"chose_seed":false,"campfire_upgraded":6,"win_rate":0.0,"timestamp":1614082445,"path_taken":["M","M","M","$","?","R","E","E","T","R","?","M","R","E","R","BOSS","M","M","?","$","M","NM","R","R","T","AVR","?","E","R","E","R","BOSS"],"items_purchased_type":["Relic","Card","Card"],"build_version":"2020-12-22","purchased_purges":2,"victory":false,"max_hp_per_floor":[75,75,75,75,75,75,75,75,75,75,75,75,75,75,75,75,75,75,75,75,75,75,77,77,77,77,77,79,81,81,83,83,85,85],"card_choices":[{"not_picked":["Clash","Dual Wield"],"picked":"Sword Boomerang","floor":1},{"not_picked":["OSAHOGD","ShyLook"],"picked":"UniverseFragment","floor":1},{"not_picked":["Havoc","Headbutt"],"picked":"Pommel Strike","floor":2},{"not_picked":["LittleHelper","NakedNest"],"picked":"Scorched","floor":2},{"not_picked":["StuffTheSpire:Slingshot","Wild Strike"],"picked":"hubris:StunningStrike","floor":3},{"not_picked":["Armaments","Brutality"],"picked":"Anger","floor":7},{"not_picked":["Perfected Strike","Clash"],"picked":"True Grit","floor":8},{"not_picked":["Dark Embrace","Clash","ReplayTheSpireMod:Corrosion Curse"],"picked":"SKIP","floor":12},{"not_picked":["Demonic Infusion","Burning Pact"],"picked":"Clothesline","floor":14},{"not_picked":["Bludgeon","Impervious"],"picked":"Juggernaut","floor":16},{"not_picked":["True Grit","Dropkick"],"picked":"Power Through","floor":18},{"not_picked":["Pommel Strike","Twin Strike"],"picked":"Metallicize","floor":19},{"not_picked":["Shrug It Off","Infernal Blade"],"picked":"ReplayTheSpireMod:Stacked","floor":22},{"not_picked":["Run Through","Anger","Sever Soul"],"picked":"SKIP","floor":23},{"not_picked":["Flex","Combust","True Grit"],"picked":"SKIP","floor":28},{"not_picked":["Uppercut","infinitespire:OneForAll"],"picked":"Defy Death+1","floor":29},{"not_picked":["Sword Boomerang","Evolve","Run Through"],"picked":"SKIP","floor":31}],"player_experience":1469802,"relics_obtained":[{"floor":7,"key":"RollingBoulder"},{"floor":8,"key":"StuffTheSpire:Mouthbags"},{"floor":9,"key":"Regal Pillow"},{"floor":14,"key":"hubris:Reverence"},{"floor":20,"key":"Ring of Fury"},{"floor":20,"key":"Ring of Peace"},{"floor":23,"key":"Smiling Mask"},{"floor":26,"key":"reliquary:Buckler"},{"floor":29,"key":"Vajra"},{"floor":31,"key":"halation:PrussianBluePaint"}],"event_choices":[],"is_beta":false,"boss_relics":[{"not_picked":["aspiration:FutureDiary","Ectoplasm"],"picked":"Replay:Bronze Core"}],"items_purged_floors":[21,27],"is_endless":false,"potions_floor_spawned":[3,12,14,16,18],"killed_by":"theJungle:TotemBoss","ascension_level":20}}