{"host":"2se5dq1do2gp0x9k","time":1614061800,"event":{"mods":["AchievementEnabler","BaseMod","Block Reminder","Colored Map","Colored Powertips","Minty Spire (QoL Compilation)","Relic Stats","StSLib","SuperFastMode"],"gold_per_floor":[115,129,147,147,160,160,120,45,45,45,45,45,45],"floor_reached":12,"language":"ENG","playtime":257,"items_purged":["Strike_G"],"score":136,"play_id":"6eeed535-68d7-4152-ade7-0e895aa5e44b","local_time":"20210222223000","is_ascension_mode":true,"campfire_choices":[{"data":"Deadly Poison","floor":6,"key":"SMITH"},{"data":"Sucker Punch","floor":11,"key":"SMITH"}],"circlet_count":0,"master_deck":["AscendersBane","Strike_G","Strike_G","Strike_G","Defend_G","Defend_G","Defend_G","Defend_G","Defend_G","Survivor","Neutralize","Sucker Punch","Deadly Poison+1","Flying Knee","Sucker Punch+1"],"relics":["Ring of the Snake","NeowsBlessing","Toy Ornithopter"],"acts_visited":["Exordium"],"potions_floor_usage":[12],"damage_taken":[{"damage":0,"enemies":"Jaw Worm","floor":1,"turns":1},{"damage":0,"enemies":"2 Louse","floor":2,"turns":1},{"damage":0,"enemies":"Cultist","floor":3,"turns":1},{"damage":12,"enemies":"Exordium Thugs","floor":5,"turns":5},{"damage":1,"enemies":"Looter","floor":7,"turns":4},{"damage":53,"enemies":"3 Sentries","floor":12,"turns":10}],"seed_played":"-1983093569684795494","potions_obtained":[{"floor":3,"key":"Energy Potion"}],"is_trial":false,"path_per_floor":["M","M","M","?","M","R","M","$","T","?","R","E"],"character_chosen":"THE_SILENT","items_purchased":[],"campfire_rested":0,"item_purchase_floors":[],"current_hp_per_floor":[59,59,59,59,47,47,46,46,46,46,46,0,0],"gold":45,"neow_bonus":"THREE_ENEMY_KILL","is_daily":false,"chose_seed":false,"campfire_upgraded":2,"win_rate":0.0,"timestamp":1614061800,"path_taken":["M","M","M","?","M","R","M","$","T","?","R","E"],"items_purchased_type":[],"build_version":"2020-12-22","purchased_purges":1,"victory":false,"max_hp_per_floor":[66,66,66,66,66,66,66,66,66,66,66,66,66],"relic_stats":{"counters":[6,22],"obtain_stats":[{"NeowsBlessing":0,"Toy Ornithopter":9,"Ring of the Snake":0},{"NeowsBlessing":0,"Toy Ornithopter":5,"Ring of the Snake":0},{"NeowsBlessing":0,"Toy Ornithopter":12,"Ring of the Snake":0}],"Toy Ornithopter":5,"Ring of the Snake":[12]},"card_choices":[{"not_picked":["Underhanded Strike","Choke"],"picked":"Sucker Punch","floor":1},{"not_picked":["Dodge and Roll","Bane","Prepared"],"picked":"SKIP","floor":2},{"not_picked":["Sucker Punch","Outmaneuver"],"picked":"Deadly Poison","floor":3},{"not_picked":["PiercingWail","Bane"],"picked":"Flying Knee","floor":5},{"not_picked":["Bane","PiercingWail"],"picked":"Sucker Punch","floor":7}],"player_experience":4128162,"relics_obtained":[{"floor":9,"key":"Toy Ornithopter"}],"event_choices":[{"damage_healed":0,"gold_gain":0,"player_choice":"Leave","damage_taken":0,"max_hp_gain":0,"max_hp_loss":0,"event_name":"The Cleric","floor":4,"gold_loss":0},{"cards_removed":["Strike_G"],"damage_healed":0,"gold_gain":0,"player_choice":"Purged","damage_taken":0,"max_hp_gain":0,"max_hp_loss":0,"event_name":"Purifier","floor":10,"gold_loss":0}],"is_beta":false,"boss_relics":[],"items_purged_floors":[8],"is_endless":false,"potions_floor_spawned":[3],"killed_by":"3 Sentries","ascension_level":20}}