{"host":"yaxsefyig1et0yi2","time":1614060899,"event":{"mods":["Aspiration","BaseMod","BetterRewards","Colored Powertips","Conspire","Displayed Cursed Tome","Downfall","Halation","Hubris","Infinite Spire","Jorbs\u0027s Wanderer Trilogy","Minty Spire (QoL Compilation)","Quick Restart","RatMod","Replay The Spire","Reworked Bosses","Spikes Relics","StSLib","The Jungle","The Marked"],"gold_per_floor":[114,128,146,164,77,110,128,161,161,161,194,194,153,173,173,278,278,291,306,319,335,124,124,150,150,150],"floor_reached":25,"language":"ENG","playtime":1236,"items_purged":["theMarked:Strike"],"score":270,"play_id":"ddf906c6-3fa0-498e-97c2-df529f95bc47","local_time":"20210223011459","is_ascension_mode":false,"campfire_choices":[{"data":"theMarked:EmpowerWeapon","floor":10,"key":"SMITH"},{"floor":15,"key":"REST"},{"data":"theMarked:ComboAttacks","floor":23,"key":"SMITH"}],"circlet_count":0,"master_deck":["theMarked:Strike","theMarked:Strike","theMarked:Strike+1","theMarked:Strike+1","theMarked:Defend","theMarked:Defend","theMarked:Defend","theMarked:Defend","theMarked:SoldierOfQuellstein","theMarked:EmpowerWeapon","theMarked:RogueSparks","theMarked:SelfDefenseTraining","theMarked:WardOff","theMarked:EmpowerWeapon","theMarked:EmpowerWeapon+1","theMarked:BanishingStrike","theMarked:SwordAndMagic","theMarked:BanishingStrike","theMarked:ResourceFulStrike","theMarked:StartUp","theMarked:EternalStudent","theMarked:SwordAndMagic","theMarked:HeightenedSenses+1","theMarked:EmpowerWeapon+1","theMarked:EmpowerWeapon","theMarked:ComboAttacks+1","theMarked:EmpowerWeapon"],"relics":["ReplayTheSpireMod:DimensionalGlitch","Whetstone","hubris:MedicalManual","infinitespire:EmpoweringShard","Pet Ghost","hubris:Icosahedron","conspire:RunicOctahedron"],"acts_visited":["Exordium","TheCity"],"potions_floor_usage":[24],"damage_taken":[{"damage":0,"enemies":"2 Louse","floor":1,"turns":3},{"damage":1,"enemies":"Jaw Worm","floor":2,"turns":2},{"damage":0,"enemies":"Cultist","floor":3,"turns":3},{"damage":5,"enemies":"Looter","floor":4,"turns":3},{"damage":12,"enemies":"Gremlin Nob","floor":6,"turns":4},{"damage":0,"enemies":"Large Slime","floor":7,"turns":4},{"damage":30,"enemies":"3 Sentries","floor":8,"turns":6},{"damage":1,"enemies":"Gremlin Nob","floor":11,"turns":3},{"damage":0,"enemies":"3 Louse","floor":14,"turns":2},{"damage":29,"enemies":"The Guardian","floor":16,"turns":9},{"damage":20,"enemies":"Chosen","floor":18,"turns":4},{"damage":6,"enemies":"Shell Parasite","floor":19,"turns":4},{"damage":8,"enemies":"Snecko","floor":20,"turns":3},{"damage":4,"enemies":"Centurion and Healer","floor":21,"turns":4},{"damage":31,"enemies":"Slavers","floor":24,"turns":5},{"damage":5,"enemies":"Shelled Parasite and Fungi","floor":25,"turns":1}],"seed_played":"7961125653581593104","potions_obtained":[{"floor":1,"key":"Dexterity Potion"},{"floor":3,"key":"SneckoOil"},{"floor":6,"key":"theMarked:SummonPotion"},{"floor":16,"key":"Block Potion"},{"floor":21,"key":"theMarked:ChargePotion"}],"is_trial":false,"path_per_floor":["M","M","M","M","$","E","M","E","T","R","E","?","?","M","R","B",null,"M","M","M","M","$","R","E","M"],"character_chosen":"THE_DEFAULT","items_purchased":["theMarked:EmpowerWeapon","theMarked:BanishingStrike","theMarked:ComboAttacks","theMarked:EmpowerWeapon"],"campfire_rested":1,"item_purchase_floors":[5,5,22,22],"current_hp_per_floor":[72,71,71,66,66,54,54,24,24,24,23,23,23,23,44,15,72,52,46,38,34,34,34,3,0,0],"gold":150,"neow_bonus":"BOSS_RELIC","is_daily":false,"chose_seed":false,"campfire_upgraded":2,"win_rate":0.0,"timestamp":1614060899,"path_taken":["M","M","M","M","$","E","M","E","T","R","E","?","?","?","R","BOSS","M","M","M","M","$","R","E","M"],"items_purchased_type":["Card","Card","Card","Card"],"build_version":"2020-12-22","purchased_purges":1,"victory":false,"max_hp_per_floor":[72,72,72,72,72,72,72,72,72,72,72,72,72,72,72,72,72,72,72,72,72,72,72,72,72,72],"card_choices":[{"not_picked":["theMarked:Heritage","theMarked:Aftermath"],"picked":"theMarked:EmpowerWeapon","floor":1},{"not_picked":["theMarked:TakeCover","theMarked:ElectricStrings"],"picked":"theMarked:RogueSparks","floor":2},{"not_picked":["theMarked:HeightenedSenses","theMarked:WardOff"],"picked":"theMarked:SelfDefenseTraining","floor":3},{"not_picked":["theMarked:HeightenedSenses","theMarked:TheMission"],"picked":"theMarked:WardOff","floor":4},{"not_picked":["theMarked:MagusForm","theMarked:ParalyzingBlade"],"picked":"theMarked:SwordAndMagic","floor":6},{"not_picked":["theMarked:ContemptForTheProud","theMarked:Improvise"],"picked":"theMarked:BanishingStrike","floor":7},{"not_picked":["theMarked:Standoff","theMarked:ContemptForTheProud"],"picked":"theMarked:ResourceFulStrike","floor":8},{"not_picked":["theMarked:RepellingDischarge","theMarked:Frustration"],"picked":"theMarked:StartUp","floor":11},{"not_picked":["theMarked:Improvise","theMarked:HeightenedSenses","theMarked:ElectricStrings"],"picked":"SKIP","floor":14},{"not_picked":["theMarked:TurnInvisible","theMarked:TakeOffHeels"],"picked":"theMarked:EternalStudent","floor":16},{"not_picked":["theMarked:Polarize","theMarked:ElectricStrings+1"],"picked":"theMarked:SwordAndMagic","floor":18},{"not_picked":["theMarked:WastefulAttack","theMarked:Improvise"],"picked":"theMarked:HeightenedSenses+1","floor":19},{"not_picked":["theMarked:WardOff","theMarked:ChainLightning"],"picked":"theMarked:EmpowerWeapon+1","floor":20},{"not_picked":["theMarked:Parkour","theMarked:Generate"],"picked":"theMarked:EmpowerWeapon","floor":21},{"not_picked":["theMarked:RepellingDischarge","theMarked:Electrocute+1","theMarked:HeightenedSenses"],"picked":"SKIP","floor":24}],"player_experience":271434,"relics_obtained":[{"floor":6,"key":"Whetstone"},{"floor":8,"key":"hubris:MedicalManual"},{"floor":9,"key":"infinitespire:EmpoweringShard"},{"floor":11,"key":"Pet Ghost"}],"event_choices":[{"damage_healed":0,"gold_gain":0,"player_choice":"Left Gold","damage_taken":0,"max_hp_gain":0,"max_hp_loss":0,"event_name":"World of Goop","floor":13,"gold_loss":41}],"is_beta":false,"boss_relics":[{"not_picked":["conspire:SeveredTorchhead","Kintsugi"],"picked":"conspire:RunicOctahedron"}],"items_purged_floors":[22],"is_endless":false,"potions_floor_spawned":[1,3,6,8,14,16,21],"killed_by":"Shelled Parasite and Fungi","ascension_level":0}}