{"host":"i0avyit1s6jb1siw","time":1614076362,"event":{"mods":["BaseMod","DeckTracker","Dota2Spire","Minty Spire (QoL Compilation)","Quick Restart","StSLib","SuperFastMode"],"gold_per_floor":[114,114,35,85,98,130,130,148,148,178,28,47,62,89,89,165,165,185,25,43,63,63,63,63],"floor_reached":23,"language":"ENG","playtime":620,"items_purged":["Strike_G"],"score":456,"play_id":"b58080e7-b922-47b6-8660-7eb5d7355bc4","local_time":"20210223113242","is_ascension_mode":true,"campfire_choices":[{"data":"Magnetism","floor":7,"key":"SMITH"},{"data":"Blade Dance","floor":15,"key":"SMITH"}],"circlet_count":0,"master_deck":["AscendersBane","Strike_G","Strike_G","Strike_G","Defend_G","Defend_G","Defend_G","Defend_G","Defend_G","Survivor","Neutralize","Magnetism+1","Footwork","Masterful Stab","Dagger Spray","Dodge and Roll","Blade Dance+1","Accuracy","Infinite Blades","Deflect","Bouncing Flask","Corpse Explosion","Wraith Form v2","Predator","Dash"],"relics":["Ring of the Snake","Dota2Spire:Desolator","MealTicket","Dream Catcher","Snecko Eye","Orrery"],"acts_visited":["Exordium","TheCity"],"potions_floor_usage":[6,23,23],"damage_taken":[{"damage":8.0,"enemies":"Jaw Worm","floor":1.0,"turns":7.0},{"damage":0,"enemies":"2 Louse","floor":5,"turns":3},{"damage":0,"enemies":"Lagavulin","floor":6,"turns":9},{"damage":0,"enemies":"Cultist","floor":8,"turns":3},{"damage":0,"enemies":"2 Fungi Beasts","floor":10,"turns":3},{"damage":2,"enemies":"Blue Slaver","floor":12,"turns":5},{"damage":0,"enemies":"Exordium Thugs","floor":13,"turns":3},{"damage":14,"enemies":"3 Sentries","floor":14,"turns":7},{"damage":15,"enemies":"The Guardian","floor":16,"turns":11},{"damage":0,"enemies":"3 Byrds","floor":18,"turns":2},{"damage":27,"enemies":"Shell Parasite","floor":20,"turns":5},{"damage":8,"enemies":"Centurion and Healer","floor":21,"turns":8},{"damage":41,"enemies":"Book of Stabbing","floor":23,"turns":4}],"seed_played":"3572885872062211920","potions_obtained":[{"floor":5,"key":"Regen Potion"},{"floor":13,"key":"Dota2Spire:Clarity"},{"floor":14,"key":"SpeedPotion"},{"floor":16,"key":"PowerPotion"}],"is_trial":false,"path_per_floor":["M","?","$","?","M","E","R","M","T","M","$","M","M","E","R","B",null,"M","$","M","M","?","E"],"character_chosen":"THE_SILENT","items_purchased":["Masterful Stab","Infinite Blades","Orrery"],"campfire_rested":0,"item_purchase_floors":[3,11,19],"current_hp_per_floor":[51,44,44,38,38,53,53,53,53,53,60,58,58,44,44,29,52,52,60,33,25,37,0,0],"gold":63,"neow_bonus":"RANDOM_COLORLESS_2","is_daily":false,"chose_seed":false,"campfire_upgraded":2,"win_rate":0.0,"timestamp":1614076362,"path_taken":["M","?","$","?","M","E","R","M","T","M","$","M","?","E","R","BOSS","M","$","M","M","?","E"],"items_purchased_type":["Card","Card","Relic"],"build_version":"2020-12-22","purchased_purges":1,"victory":false,"max_hp_per_floor":[60,60,60,60,60,60,60,60,60,60,60,60,60,60,60,60,60,60,60,60,60,60,60,60],"card_choices":[{"not_picked":["Secret Technique","Thinking Ahead"],"picked":"Magnetism","floor":0.0},{"not_picked":["Acrobatics","Underhanded Strike"],"picked":"Footwork","floor":1.0},{"not_picked":["Caltrops","Sucker Punch"],"picked":"Dagger Spray","floor":5},{"not_picked":["Underhanded Strike","Night Terror"],"picked":"Dodge and Roll","floor":6},{"not_picked":["PiercingWail","Dodge and Roll"],"picked":"Blade Dance","floor":8},{"not_picked":["Flechettes","Infinite Blades"],"picked":"Accuracy","floor":10},{"not_picked":["Blade Dance","Tactician"],"picked":"Deflect","floor":12},{"not_picked":["Outmaneuver","Blade Dance"],"picked":"Bouncing Flask","floor":13},{"not_picked":["Prepared","All Out Attack","Glass Knife"],"picked":"SKIP","floor":14},{"not_picked":["Bullet Time","Malaise"],"picked":"Corpse Explosion","floor":16},{"not_picked":["Riddle With Holes","Expertise","Concentrate"],"picked":"SKIP","floor":18},{"not_picked":["Masterful Stab","Prepared"],"picked":"Wraith Form v2","floor":19},{"not_picked":["Sucker Punch+1","Deflect"],"picked":"Predator","floor":19},{"not_picked":["All Out Attack","Setup"],"picked":"Dash","floor":19},{"not_picked":["Flying Knee+1","Sucker Punch+1","Poisoned Stab"],"picked":"SKIP","floor":20},{"not_picked":["Slice","Prepared","Blade Dance"],"picked":"SKIP","floor":21}],"player_experience":2489781,"relics_obtained":[{"floor":6,"key":"Dota2Spire:Desolator"},{"floor":9,"key":"MealTicket"},{"floor":14,"key":"Dream Catcher"}],"event_choices":[{"cards_removed":["Strike_G"],"damage_healed":0.0,"max_hp_gain":0.0,"max_hp_loss":0.0,"gold_gain":0.0,"event_name":"Golden Wing","player_choice":"Card Removal","floor":2.0,"gold_loss":0.0,"damage_taken":7.0},{"damage_healed":0,"gold_gain":50,"player_choice":"Touch","damage_taken":6,"max_hp_gain":0,"max_hp_loss":0,"event_name":"FaceTrader","floor":4,"gold_loss":0},{"damage_healed":12,"gold_gain":0,"player_choice":"Heal","damage_taken":0,"max_hp_gain":0,"max_hp_loss":0,"event_name":"The Library","floor":22,"gold_loss":0}],"is_beta":false,"boss_relics":[{"not_picked":["Tiny House","SlaversCollar"],"picked":"Snecko Eye"}],"items_purged_floors":[11],"is_endless":false,"potions_floor_spawned":[5,13,14,16,20],"killed_by":"Book of Stabbing","ascension_level":20}}