{"host":"8rgpnls124hwjv5t","time":1614081304,"event":{"mods":["BaseMod","Colored Map","Colored Powertips","DeckTracker","Highlight Path","Minty Spire (QoL Compilation)","Permanent Neow","Quick Restart","Relic Stats","StSLib"],"gold_per_floor":[117,131,131,146,146,146,156,156,156,156,156],"floor_reached":10,"language":"ENG","playtime":707,"items_purged":[],"score":113,"play_id":"671f228d-6b2b-4b31-afb8-78acd0913f90","local_time":"20210223065504","is_ascension_mode":true,"campfire_choices":[{"data":"Outmaneuver","floor":6,"key":"SMITH"},{"data":"Endless Agony","floor":8,"key":"SMITH"}],"circlet_count":0,"master_deck":["AscendersBane","Strike_G","Strike_G","Strike_G","Strike_G","Strike_G","Defend_G","Defend_G","Defend_G","Defend_G","Defend_G","Survivor","Neutralize","Endless Agony+1","Outmaneuver+1","Poisoned Stab","Outmaneuver"],"relics":["Ring of the Snake","Unceasing Top","WingedGreaves","White Beast Statue"],"acts_visited":["Exordium"],"potions_floor_usage":[10],"damage_taken":[{"damage":0,"enemies":"Small Slimes","floor":1,"turns":4},{"damage":1,"enemies":"Jaw Worm","floor":2,"turns":4},{"damage":1,"enemies":"Cultist","floor":4,"turns":4},{"damage":0,"enemies":"Red Slaver","floor":7,"turns":4},{"damage":11,"enemies":"Gremlin Nob","floor":10,"turns":3}],"seed_played":"-7539666146272255632","potions_obtained":[{"floor":1,"key":"SteroidPotion"},{"floor":7,"key":"LiquidBronze"}],"is_trial":false,"path_per_floor":["M","M","$","M","?","R","M","R","T","E"],"character_chosen":"THE_SILENT","items_purchased":[],"campfire_rested":0,"item_purchase_floors":[],"current_hp_per_floor":[59,58,58,57,31,31,31,31,31,20,20],"gold":156,"neow_bonus":"ONE_RARE_RELIC","is_daily":false,"chose_seed":false,"campfire_upgraded":2,"win_rate":0.0,"timestamp":1614081304,"path_taken":["M","M","$","M","?","R","M","R","T","E"],"items_purchased_type":[],"build_version":"2020-12-22","purchased_purges":0,"victory":false,"max_hp_per_floor":[60,60,60,60,60,60,60,60,60,60,60],"relic_stats":{"counters":[5,19],"obtain_stats":[{"WingedGreaves":5,"Unceasing Top":0,"White Beast Statue":9,"Ring of the Snake":0},{"WingedGreaves":3,"Unceasing Top":0,"White Beast Statue":4,"Ring of the Snake":0},{"WingedGreaves":12,"Unceasing Top":0,"White Beast Statue":16,"Ring of the Snake":0}],"Unceasing Top":[3],"Ring of the Snake":[10]},"card_choices":[{"not_picked":["Well Laid Plans","Prepared"],"picked":"Endless Agony","floor":1},{"not_picked":["Quick Slash","Backflip"],"picked":"Outmaneuver","floor":2},{"not_picked":["Deadly Poison","Heel Hook"],"picked":"Poisoned Stab","floor":4},{"not_picked":["Flechettes","Bane"],"picked":"Outmaneuver","floor":7}],"player_experience":651839,"relics_obtained":[{"floor":9,"key":"White Beast Statue"}],"event_choices":[{"damage_healed":0,"gold_gain":0,"player_choice":"Success","damage_taken":26,"relics_obtained":["WingedGreaves"],"max_hp_gain":0,"max_hp_loss":0,"event_name":"Scrap Ooze","floor":5,"gold_loss":0}],"is_beta":false,"boss_relics":[],"items_purged_floors":[],"is_endless":false,"potions_floor_spawned":[1,7],"killed_by":"Gremlin Nob","ascension_level":19}}