{"host":"6a9c3xws62y7efyw","time":1614055613,"event":{"mods":["BaseMod","Colored Map","Minty Spire (QoL Compilation)","Relic Stats","StSLib"],"gold_per_floor":[119,138,153,112,112,144,155,168,168,168,2,328,344,344,344,421,421,421,421,421,157,157,157,157,157,157,57,57,57,57,57,57,57,57,57,57,6,6,6,6,6,6,6,6,6,6,6,6,6,6,6],"floor_reached":50,"language":"ENG","playtime":3110,"items_purged":["Strike_G"],"score":1341,"play_id":"19e686bf-3c40-4ff7-8fdd-bded440e818d","local_time":"20210222204653","is_ascension_mode":true,"campfire_choices":[{"floor":10.0,"key":"REST"},{"data":"Crippling Poison","floor":15.0,"key":"SMITH"},{"data":"Burst","floor":28.0,"key":"SMITH"},{"data":"Catalyst","floor":32.0,"key":"SMITH"},{"floor":49.0,"key":"RECALL"}],"circlet_count":0,"master_deck":["AscendersBane","Strike_G","Strike_G","Defend_G","Defend_G","Defend_G","Defend_G","Survivor","Neutralize","Endless Agony","Flying Knee","Footwork","All Out Attack","Burst+1","Crippling Poison+1","Bouncing Flask","A Thousand Cuts","Blade Dance","Adrenaline","Blur","Dagger Spray+1","Catalyst+1","Calculated Gamble","Ghostly","Ghostly","Ghostly","Blade Dance","Envenom","Adrenaline","Backflip","Blade Dance+1","Expertise+1","Adrenaline","Bouncing Flask","Apotheosis","Backflip+1"],"relics":["Ring of the Snake","Boot","Lantern","Frozen Eye","Ectoplasm","Nloth\u0027s Gift","HornCleat","Meat on the Bone","Bag of Preparation","Ornamental Fan","Fusion Hammer","Letter Opener","Paper Crane","Pantograph"],"acts_visited":["Exordium","TheCity","TheBeyond"],"potions_floor_usage":[50,50],"damage_taken":[{"damage":0.0,"enemies":"2 Louse","floor":1.0,"turns":3.0},{"damage":7.0,"enemies":"Small Slimes","floor":2.0,"turns":4.0},{"damage":0.0,"enemies":"Cultist","floor":3.0,"turns":3.0},{"damage":10.0,"enemies":"3 Sentries","floor":6.0,"turns":6.0},{"damage":8.0,"enemies":"Blue Slaver","floor":7.0,"turns":4.0},{"damage":4.0,"enemies":"Large Slime","floor":8.0,"turns":9.0},{"damage":0.0,"enemies":"Lagavulin","floor":12.0,"turns":8.0},{"damage":2.0,"enemies":"Lots of Slimes","floor":13.0,"turns":3.0},{"damage":12.0,"enemies":"The Guardian","floor":16.0,"turns":8.0},{"damage":0.0,"enemies":"Spheric Guardian","floor":18.0,"turns":2.0},{"damage":6.0,"enemies":"Chosen","floor":19.0,"turns":5.0},{"damage":5.0,"enemies":"Snecko","floor":22.0,"turns":5.0},{"damage":32.0,"enemies":"Gremlin Leader","floor":23.0,"turns":8.0},{"damage":1.0,"enemies":"Slavers","floor":25.0,"turns":5.0},{"damage":0.0,"enemies":"3 Cultists","floor":30.0,"turns":4.0},{"damage":0.0,"enemies":"Centurion and Healer","floor":31.0,"turns":5.0},{"damage":3.0,"enemies":"Collector","floor":33.0,"turns":5.0},{"damage":0.0,"enemies":"3 Darklings","floor":35.0,"turns":3.0},{"damage":0.0,"enemies":"Orb Walker","floor":36.0,"turns":3.0},{"damage":0.0,"enemies":"3 Darklings","floor":38.0,"turns":3.0},{"damage":2.0,"enemies":"Spire Growth","floor":39.0,"turns":5.0},{"damage":0.0,"enemies":"Giant Head","floor":40.0,"turns":5.0},{"damage":0.0,"enemies":"4 Shapes","floor":41.0,"turns":1.0},{"damage":4.0,"enemies":"Nemesis","floor":44.0,"turns":5.0},{"damage":0.0,"enemies":"Writhing Mass","floor":45.0,"turns":5.0},{"damage":0.0,"enemies":"Jaw Worm Horde","floor":46.0,"turns":3.0},{"damage":0.0,"enemies":"Sphere and 2 Shapes","floor":48.0,"turns":2.0},{"damage":33,"enemies":"Time Eater","floor":50,"turns":9}],"seed_played":"3011708570370269799","potions_obtained":[{"floor":1.0,"key":"SteroidPotion"},{"floor":3.0,"key":"Explosive Potion"},{"floor":6.0,"key":"LiquidBronze"},{"floor":16.0,"key":"FearPotion"},{"floor":18.0,"key":"PowerPotion"},{"floor":23.0,"key":"Energy Potion"},{"floor":25.0,"key":"Swift Potion"},{"floor":33.0,"key":"Strength Potion"},{"floor":40.0,"key":"Energy Potion"},{"floor":46.0,"key":"EntropicBrew"}],"is_trial":false,"path_per_floor":["M","M","M","$","?","E","M","M","T","R","$","E","M","?","R","B",null,"M","M","?","$","M","E","?","E","T","$","R","?","M","M","R","B",null,"M","M","$","M","M","E","M","?","T","E","M","M","?","M","R","B"],"character_chosen":"THE_SILENT","items_purchased":["All Out Attack","Frozen Eye","HornCleat","Blade Dance","Backflip"],"campfire_rested":1,"item_purchase_floors":[4,11,21,27,37],"current_hp_per_floor":[44,37,37,37,26,16,8,4,4,23,23,23,21,14,14,2,50,50,44,44,44,39,7,7,18,18,18,18,18,18,18,18,27,32,32,32,32,32,30,30,30,20,20,28,28,28,28,28,28,0,0],"gold":6,"neow_bonus":"REMOVE_TWO","is_daily":false,"chose_seed":false,"campfire_upgraded":3,"win_rate":0.0,"timestamp":1614055613,"path_taken":["M","M","M","$","?","E","M","M","T","R","$","E","M","?","R","BOSS","M","M","?","$","?","E","?","E","T","$","R","?","M","M","R","BOSS","M","M","?","M","M","E","M","?","T","E","M","M","?","M","R","BOSS"],"items_purchased_type":["Card","Relic","Relic","Card","Card"],"build_version":"2020-12-22","purchased_purges":1,"victory":false,"max_hp_per_floor":[66,66,66,66,66,66,66,66,66,66,66,66,66,66,66,66,66,66,66,66,66,66,66,33,33,33,33,33,33,33,33,33,33,33,33,33,33,33,33,33,33,33,33,33,33,33,33,33,33,33,33],"relic_stats":{"counters":[28,131],"Ornamental Fan":[184],"Pantograph":5,"Ectoplasm":385,"Nloth\u0027s Gift":2,"Bag of Preparation":[28],"Letter Opener":[120],"Boot":[235],"obtain_stats":[{"Lantern":6,"Bag of Preparation":25,"Letter Opener":40,"Paper Crane":43,"Boot":5,"Old Coin":12,"Frozen Eye":11,"HornCleat":21,"Ornamental Fan":26,"Pantograph":44,"Ectoplasm":17,"Fusion Hammer":34,"Nloth\u0027s Gift":20,"Ring of the Snake":0,"Meat on the Bone":23},{"Lantern":4,"Bag of Preparation":14,"Letter Opener":22,"Paper Crane":23,"Boot":3,"Old Coin":7,"Frozen Eye":6,"HornCleat":11,"Ornamental Fan":14,"Pantograph":24,"Ectoplasm":9,"Fusion Hammer":17,"Nloth\u0027s Gift":11,"Ring of the Snake":0,"Meat on the Bone":13},{"Lantern":16,"Bag of Preparation":73,"Letter Opener":106,"Paper Crane":107,"Boot":10,"Old Coin":37,"Frozen Eye":29,"HornCleat":55,"Ornamental Fan":73,"Pantograph":112,"Ectoplasm":48,"Fusion Hammer":87,"Nloth\u0027s Gift":55,"Ring of the Snake":0,"Meat on the Bone":68}],"Ring of the Snake":[58],"Meat on the Bone":36},"card_choices":[{"not_picked":["Backflip","Concentrate"],"picked":"Endless Agony","floor":1.0},{"not_picked":["Catalyst","Dodge and Roll"],"picked":"Flying Knee","floor":2.0},{"not_picked":["Sucker Punch","Terror"],"picked":"Footwork","floor":3.0},{"not_picked":["Blade Dance","Night Terror"],"picked":"Burst","floor":6.0},{"not_picked":["Sucker Punch","Outmaneuver"],"picked":"Crippling Poison","floor":7.0},{"not_picked":["Backstab","Infinite Blades"],"picked":"Bouncing Flask","floor":8.0},{"not_picked":["Masterful Stab","Terror"],"picked":"A Thousand Cuts","floor":12.0},{"not_picked":["Choke","Concentrate"],"picked":"Blade Dance","floor":13.0},{"not_picked":["Malaise","Envenom"],"picked":"Adrenaline","floor":16.0},{"not_picked":["Bane","Endless Agony"],"picked":"Blur","floor":18.0},{"not_picked":["Slice","Sucker Punch"],"picked":"Dagger Spray+1","floor":19.0},{"not_picked":["Dagger Spray","Underhanded Strike"],"picked":"Catalyst","floor":22.0},{"not_picked":["Sucker Punch","Deflect"],"picked":"Calculated Gamble","floor":23.0},{"not_picked":["Bane","Grand Finale","Endless Agony"],"picked":"SKIP","floor":25.0},{"not_picked":["Skewer","Blur"],"picked":"Predator","floor":30.0},{"not_picked":["Masterful Stab","Bane","Endless Agony+1"],"picked":"SKIP","floor":31.0},{"not_picked":["After Image","Burst"],"picked":"Adrenaline","floor":33.0},{"not_picked":["Underhanded Strike","Prepared","Flying Knee"],"picked":"SKIP","floor":35.0},{"not_picked":["Dagger Throw","Bane+1","Masterful Stab"],"picked":"SKIP","floor":36.0},{"not_picked":["Deflect","Deadly Poison"],"picked":"Blade Dance+1","floor":38.0},{"not_picked":["Outmaneuver","Acrobatics"],"picked":"Expertise+1","floor":39.0},{"not_picked":["Blade Dance","Crippling Poison"],"picked":"Adrenaline","floor":40.0},{"not_picked":["Deadly Poison","Sucker Punch+1"],"picked":"Bouncing Flask","floor":41.0},{"not_picked":["HandOfGreed","Swift Strike"],"picked":"Apotheosis","floor":42.0},{"not_picked":["Prepared","Slice"],"picked":"Backflip+1","floor":44.0},{"not_picked":["Unload","Outmaneuver+1","Flechettes"],"picked":"SKIP","floor":45.0},{"not_picked":["Unload","Outmaneuver+1","Flechettes"],"picked":"SKIP","floor":45.0},{"not_picked":["Expertise","Heel Hook","Poisoned Stab+1"],"picked":"SKIP","floor":46.0},{"not_picked":["Reflex","All Out Attack","Sucker Punch"],"picked":"SKIP","floor":48.0}],"player_experience":1576916,"relics_obtained":[{"floor":6.0,"key":"Lantern"},{"floor":12.0,"key":"Old Coin"},{"floor":23.0,"key":"Meat on the Bone"},{"floor":25.0,"key":"Bag of Preparation"},{"floor":26.0,"key":"Ornamental Fan"},{"floor":40.0,"key":"Letter Opener"},{"floor":43.0,"key":"Paper Crane"},{"floor":44.0,"key":"Pantograph"}],"event_choices":[{"damage_healed":0.0,"max_hp_gain":0.0,"max_hp_loss":0.0,"gold_gain":0.0,"event_name":"Scrap Ooze","player_choice":"Success","floor":5.0,"gold_loss":0.0,"damage_taken":11.0,"relics_obtained":["Boot"]},{"cards_removed":["Strike_G"],"damage_healed":0.0,"max_hp_gain":0.0,"max_hp_loss":0.0,"gold_gain":0.0,"event_name":"Golden Wing","player_choice":"Card Removal","floor":14.0,"gold_loss":0.0,"damage_taken":7.0},{"damage_healed":0.0,"max_hp_gain":0.0,"max_hp_loss":0.0,"gold_gain":0.0,"event_name":"N\u0027loth","player_choice":"Traded Relic","floor":20.0,"relics_lost":["Old Coin"],"gold_loss":0.0,"damage_taken":0.0,"relics_obtained":["Nloth\u0027s Gift"]},{"damage_healed":0.0,"max_hp_gain":0.0,"max_hp_loss":33.0,"gold_gain":0.0,"event_name":"Ghosts","player_choice":"Became a Ghost","floor":24.0,"gold_loss":0.0,"damage_taken":0.0,"cards_obtained":["Ghostly","Ghostly","Ghostly"]},{"damage_healed":0.0,"max_hp_gain":0.0,"max_hp_loss":0.0,"gold_gain":0.0,"event_name":"Match and Keep!","player_choice":"1 cards matched","floor":29.0,"gold_loss":0.0,"damage_taken":0.0,"cards_obtained":["Envenom"]},{"damage_healed":0.0,"max_hp_gain":0.0,"max_hp_loss":0.0,"gold_gain":0.0,"event_name":"SensoryStone","player_choice":"Memory 3","floor":42.0,"gold_loss":0.0,"damage_taken":10.0},{"cards_removed":["Predator"],"damage_healed":0.0,"max_hp_gain":0.0,"max_hp_loss":0.0,"gold_gain":0.0,"event_name":"Falling","player_choice":"Removed Attack","floor":47.0,"gold_loss":0.0,"damage_taken":0.0}],"is_beta":false,"boss_relics":[{"not_picked":["Astrolabe","Ring of the Serpent"],"picked":"Ectoplasm"},{"not_picked":["Calling Bell","Busted Crown"],"picked":"Fusion Hammer"}],"items_purged_floors":[27],"is_endless":false,"potions_floor_spawned":[1,3,6,16,18,23,25,33,35,36,40,41,46],"killed_by":"Time Eater","ascension_level":20}}