{"host":"8oow7jh4agd4zemm","time":1614091476,"event":{"mods":["BaseMod","Colored Powertips","Ironclad Rager","Minty Spire (QoL Compilation)","Quick Restart","UnlockEverythingMod"],"gold_per_floor":[110,32,32,45,45,73,73,73,73],"floor_reached":8,"language":"ZHS","playtime":149,"items_purged":[],"score":158,"play_id":"5beaeec7-216c-4295-a9fc-d88edc6076d5","local_time":"20210223224436","is_ascension_mode":true,"campfire_choices":[],"circlet_count":0,"master_deck":["AscendersBane","Strike_R","Strike_R","Strike_R","Defend_R","Defend_R","Defend_R","Defend_R","Bash","Bloodletting","Whirlwind","Seeing Red","Armaments"],"relics":["Burning Blood","NeowsBlessing","Art of War"],"acts_visited":["Exordium"],"potions_floor_usage":[8,8],"damage_taken":[{"damage":0,"enemies":"2 Louse","floor":1,"turns":1},{"damage":0,"enemies":"Cultist","floor":4,"turns":1},{"damage":0,"enemies":"3 Sentries","floor":6,"turns":2},{"damage":30,"enemies":"Gremlin Nob","floor":8,"turns":4}],"seed_played":"-3739526974409650602","potions_obtained":[{"floor":1,"key":"Block Potion"},{"floor":6,"key":"SneckoOil"}],"is_trial":false,"path_per_floor":["M","$","?","M","$","E","?","E"],"character_chosen":"IRONCLAD","items_purchased":["Whirlwind"],"campfire_rested":0,"item_purchase_floors":[2],"current_hp_per_floor":[74,74,74,75,75,75,68,38,38],"gold":73,"neow_bonus":"THREE_ENEMY_KILL","is_daily":false,"chose_seed":false,"campfire_upgraded":0,"win_rate":0.0,"timestamp":1614091476,"path_taken":["M","$","?","M","?","E","?","E"],"items_purchased_type":["Card"],"build_version":"2020-12-22","purchased_purges":0,"victory":false,"max_hp_per_floor":[75,75,75,75,75,75,75,75,75],"card_choices":[{"not_picked":["Battle Trance","Hemokinesis"],"picked":"Bloodletting","floor":1},{"not_picked":["Clothesline","Pommel Strike"],"picked":"Seeing Red","floor":4},{"not_picked":["Barricade","Ghostly Armor"],"picked":"Armaments","floor":6}],"player_experience":84383,"relics_obtained":[{"floor":6,"key":"Art of War"}],"event_choices":[{"cards_removed":["Strike_R"],"damage_healed":0,"gold_gain":0,"player_choice":"Purged","damage_taken":0,"max_hp_gain":0,"max_hp_loss":0,"event_name":"Purifier","floor":3,"gold_loss":0},{"cards_removed":["Strike_R"],"damage_healed":0,"gold_gain":0,"player_choice":"Card Removal","damage_taken":7,"max_hp_gain":0,"max_hp_loss":0,"event_name":"Golden Wing","floor":7,"gold_loss":0}],"is_beta":false,"boss_relics":[],"items_purged_floors":[],"is_endless":false,"potions_floor_spawned":[1,6],"killed_by":"Gremlin Nob","ascension_level":20}}