{"host":"72n3jwtrlpjobydj","time":1614071489,"event":{"mods":["AchievementEnabler","Act Like it!","Arknights","BaseMod","CapriCore","DeckTracker","Hermit","Koishi","Lobotomy","Marisa£¨Ùöéë¡¡Øª×âÞÞ£©","Minty Spire (QoL Compilation)","Permanent Neow","StSLib","SuperFastMode","The Cursed","The Gatherer","The Hierophant","The Immortal"],"gold_per_floor":[109,124,143,67,67,93,93,120,120,139,139,154,154,154,154,154,154],"floor_reached":16,"language":"KOR","playtime":399,"items_purged":[],"score":116,"play_id":"03d1ce42-f741-4f7e-b9d8-161dec76f795","local_time":"20210223181129","is_ascension_mode":true,"campfire_choices":[{"floor":7,"key":"REST"},{"floor":13,"key":"REST"},{"floor":15,"key":"REST"}],"circlet_count":0,"master_deck":["Strike_R","Strike_R","Strike_R","Strike_R","Strike_R","Defend_R","Defend_R","Defend_R","Defend_R","Bash","Juggernaut","True Grit","Entrench+1","Shrug It Off"],"relics":["Burning Blood","Paper Frog","Art of War","Charon\u0027s Ashes","Boot"],"acts_visited":["Exordium"],"potions_floor_usage":[6],"damage_taken":[{"damage":6,"enemies":"Cultist","floor":1,"turns":4},{"damage":8,"enemies":"2 Louse","floor":2,"turns":4},{"damage":3,"enemies":"Small Slimes","floor":3,"turns":4},{"damage":38,"enemies":"Lagavulin","floor":6,"turns":9},{"damage":46,"enemies":"Gremlin Nob","floor":8,"turns":6},{"damage":12,"enemies":"Looter","floor":10,"turns":4},{"damage":15,"enemies":"3 Louse","floor":12,"turns":5},{"damage":64,"enemies":"Slime Boss","floor":16,"turns":12}],"seed_played":"-4686856298319448667","potions_obtained":[{"floor":3,"key":"SpeedPotion"},{"floor":12,"key":"DuplicationPotion"}],"is_trial":false,"path_per_floor":["M","M","M","$","?","E","R","E","T","M","?","M","R","?","R","B"],"character_chosen":"IRONCLAD","items_purchased":["Entrench"],"campfire_rested":3,"item_purchase_floors":[4],"current_hp_per_floor":[80,78,80,80,73,41,65,25,25,19,19,10,34,34,58,0,0],"gold":154,"neow_bonus":"ONE_RANDOM_RARE_CARD","is_daily":false,"chose_seed":false,"campfire_upgraded":0,"win_rate":0.0,"timestamp":1614071489,"path_taken":["M","?","M","$","?","E","R","E","T","M","?","?","R","?","R","BOSS"],"items_purchased_type":["Card"],"build_version":"2020-12-22","purchased_purges":0,"victory":false,"max_hp_per_floor":[80,80,80,80,80,80,80,80,80,80,80,80,80,80,80,80,80],"card_choices":[{"not_picked":["Twin Strike","Disarm"],"picked":"True Grit","floor":1},{"not_picked":["Intimidate","Perfected Strike","Second Wind"],"picked":"SKIP","floor":2},{"not_picked":["Twin Strike","Sword Boomerang","Heavy Blade"],"picked":"SKIP","floor":3},{"not_picked":["Pommel Strike","Second Wind","Burning Pact"],"picked":"SKIP","floor":6},{"not_picked":["Dark Embrace","Rupture","Headbutt"],"picked":"SKIP","floor":8},{"not_picked":["Havoc","Dual Wield"],"picked":"Shrug It Off","floor":10},{"not_picked":["Fiend Fire","Cleave","Headbutt"],"picked":"SKIP","floor":12}],"player_experience":128585,"relics_obtained":[{"floor":6,"key":"Art of War"},{"floor":8,"key":"Charon\u0027s Ashes"}],"event_choices":[{"damage_healed":0,"gold_gain":0,"player_choice":"Success","damage_taken":7,"relics_obtained":["Paper Frog"],"max_hp_gain":0,"max_hp_loss":0,"event_name":"Scrap Ooze","floor":5,"gold_loss":0},{"damage_healed":0,"gold_gain":0,"player_choice":"Forge","damage_taken":0,"max_hp_gain":0,"max_hp_loss":0,"event_name":"Accursed Blacksmith","floor":11,"gold_loss":0,"cards_upgraded":["Entrench"]},{"damage_healed":0,"gold_gain":0,"player_choice":"Gave Potion","damage_taken":0,"relics_obtained":["Boot"],"max_hp_gain":0,"max_hp_loss":0,"event_name":"WeMeetAgain","floor":14,"gold_loss":0}],"is_beta":false,"boss_relics":[],"items_purged_floors":[],"is_endless":false,"potions_floor_spawned":[3,12],"killed_by":"Slime Boss","ascension_level":1}}