{"host":"4iumrvuiaf6fol98","time":1614052199,"event":{"mods":["AchievementEnabler","BaseMod","Colored Map","Colored Powertips","Downfall","Minty Spire (QoL Compilation)","StSLib"],"gold_per_floor":[99,119,131,144,157,157,157,157,219,219,219,236,236,248,258,358,358,358,371,388,388,405,418,441,458,458,34,49,49,49,59,71,172,172,172,189,189,239,249,41,41,72,87,102,102,102,93,143,154,154],"floor_reached":51,"language":"ENG","playtime":6521,"items_purged":[],"score":750,"play_id":"e8c2d1a8-97a2-4148-b365-84ee4c05133b","local_time":"20210222224959","is_ascension_mode":false,"campfire_choices":[{"data":"Slimebound:CorrosiveSpit","floor":1,"key":"SMITH"},{"data":"Slimebound:ViciousTackle","floor":6,"key":"SMITH"},{"data":"Slimebound:AcidTongue","floor":11,"key":"SMITH"},{"data":"Slimebound:LeechLife","floor":13,"key":"SMITH"},{"data":"Slimebound:GoopSpray","floor":18,"key":"SMITH"},{"data":"Slimebound:Equalize","floor":30,"key":"SMITH"},{"data":"Slimebound:MinionMaster","floor":35,"key":"SMITH"}],"circlet_count":0,"master_deck":["Slimebound:Strike_Slimebound","Slimebound:Strike_Slimebound","Slimebound:Tackle","Slimebound:Defend_Slimebound","Slimebound:Defend_Slimebound","Slimebound:Defend_Slimebound","Slimebound:Defend_Slimebound+1","Slimebound:Split","Slimebound:CorrosiveSpit+1","Slimebound:AcidTongue+1","Slimebound:SplitLeeching","Slimebound:Schlurp","Slimebound:ViciousTackle+1","Slimebound:GoopSpray+1","Slimebound:LeechLife+1","Slimebound:HauntingLick","Slimebound:Schlurp","Slimebound:MassRepurpose","Slimebound:ItLooksTasty+1","Slimebound:SplitBruiser+1","Slimebound:RollThrough","Slimebound:HauntingLick","Slimebound:Repurpose","Slimebound:PressTheAttack","Slimebound:Equalize+1","Acrobatics","Slimebound:AcidTongue+1","Slimebound:GoopSpray+1","Slimebound:MinionMaster+1","Slimebound:SamplingLick+1","Slimebound:SplitMire+1","Slimebound:PressTheAttack+1","Slimebound:Schlurp+1","Slimebound:SamplingLick+1","Slimebound:GoopSpray+1","Slimebound:MinionMaster"],"relics":["Slimebound:AbsorbEndCombat","HornCleat","Bottled Tornado","Ancient Tea Set","Black Star","sneckomod:BabySnecko","PreservedInsect","Pear","MealTicket","Slimebound:TarBlob","Unceasing Top","Membership Card","Sundial","War Paint","Blood Vial","White Beast Statue","Slimebound:MaxSlimesRelic","StoneCalendar","Lee\u0027s Waffle","CaptainsWheel"],"acts_visited":["Exordium","TheCity","TheBeyond"],"potions_floor_usage":[9,16,28,31,32,38,38,38,40,42,44,47,49],"damage_taken":[{"damage":4,"enemies":"Cultist","floor":2,"turns":4},{"damage":6,"enemies":"Jaw Worm","floor":3,"turns":4},{"damage":0,"enemies":"Small Slimes","floor":4,"turns":6},{"damage":1,"enemies":"2 Fungi Beasts","floor":5,"turns":5},{"damage":12,"enemies":"Lagavulin Event","floor":9,"turns":5},{"damage":1,"enemies":"Blue Slaver","floor":12,"turns":3},{"damage":0,"enemies":"Large Slime","floor":14,"turns":3},{"damage":8,"enemies":"Exordium Thugs","floor":15,"turns":3},{"damage":19,"enemies":"DF_ARCHETYPE_STREAMLINE","floor":16,"turns":9},{"damage":7,"enemies":"Chosen","floor":19,"turns":3},{"damage":11,"enemies":"3 Byrds","floor":20,"turns":8},{"damage":23,"enemies":"Centurion and Healer","floor":22,"turns":6},{"damage":10,"enemies":"Snake Plant","floor":23,"turns":3},{"damage":14,"enemies":"3 Cultists","floor":25,"turns":5},{"damage":0,"enemies":"downfall:FleeingMerchant","floor":27,"turns":4},{"damage":10,"enemies":"Cultist and Chosen","floor":28,"turns":4},{"damage":0,"enemies":"Centurion and Healer","floor":31,"turns":4},{"damage":21,"enemies":"Snake Plant","floor":32,"turns":3},{"damage":91,"enemies":"SI_MIRROR_ARCHETYPE","floor":33,"turns":13},{"damage":9,"enemies":"Orb Walker","floor":36,"turns":4},{"damage":60,"enemies":"2 Orb Walkers","floor":38,"turns":5},{"damage":10,"enemies":"3 Darklings","floor":39,"turns":6},{"damage":4,"enemies":"downfall:FleeingMerchant","floor":40,"turns":4},{"damage":34,"enemies":"Giant Head","floor":42,"turns":6},{"damage":11,"enemies":"4 Shapes","floor":43,"turns":4},{"damage":24,"enemies":"Spire Growth","floor":44,"turns":4},{"damage":22,"enemies":"Spire Growth","floor":45,"turns":6},{"damage":0,"enemies":"downfall:FleeingMerchant","floor":47,"turns":2},{"damage":0,"enemies":"downfall:FleeingMerchant","floor":48,"turns":3},{"damage":21,"enemies":"Transient","floor":49,"turns":5},{"damage":31,"enemies":"IC_BLOCK_ARCHETYPE","floor":50,"turns":10}],"seed_played":"4379729466305634553","potions_obtained":[{"floor":2,"key":"PowerPotion"},{"floor":4,"key":"hexamod:SoulburnPotion"},{"floor":9,"key":"Weak Potion"},{"floor":14,"key":"FairyPotion"},{"floor":15,"key":"EntropicBrew"},{"floor":16,"key":"Guardian:BlockOnCardUsePotion"},{"floor":25,"key":"Block Potion"},{"floor":28,"key":"Fruit Juice"},{"floor":31,"key":"Explosive Potion"},{"floor":36,"key":"Block Potion"},{"floor":42,"key":"Guardian:BlockOnCardUsePotion"},{"floor":43,"key":"Slimebound:ThreeZeroPotion"},{"floor":45,"key":"EssenceOfSteel"},{"floor":47,"key":"Slimebound:SlimyTonguePotion"},{"floor":49,"key":"Weak Potion"}],"is_trial":false,"path_per_floor":["R","M","M","M","M","R","T","?","?","?","R","M","R","M","M","B",null,"R","M","M","?","M","M","T","M","?","$","M","?","R","M","M","B",null,"R","M","?","?","M","$","T","E","M","M","?","?","$","?","M","B",null],"character_chosen":"SLIMEBOUND","items_purchased":["Pear","MealTicket","Membership Card","Fruit Juice","Slimebound:MaxSlimesRelic","StoneCalendar","Lee\u0027s Waffle"],"campfire_rested":0,"item_purchase_floors":[27,27,40,40,47,47,47],"current_hp_per_floor":[71,71,69,71,71,71,71,71,63,56,56,59,59,71,71,71,71,71,68,64,64,56,61,61,53,53,69,67,67,67,82,77,15,86,86,77,77,45,66,84,84,63,74,91,91,91,98,98,98,84],"gold":154,"neow_bonus":"TEN_PERCENT_HP_BONUS","is_daily":false,"chose_seed":false,"campfire_upgraded":7,"win_rate":0.0,"timestamp":1614052199,"path_taken":["R","M","?","M","M","R","T","?","?","?","R","M","R","M","M","BOSS","R","M","M","?","M","M","T","M","?","$","M","?","R","?","M","BOSS","R","M","?","?","M","$","T","E","M","M","?","?","$","?","M","BOSS"],"items_purchased_type":["Relic","Relic","Relic","Potion","Relic","Relic","Relic"],"build_version":"2020-12-22","purchased_purges":0,"victory":true,"max_hp_per_floor":[71,71,71,71,71,71,71,71,71,71,71,71,71,71,71,71,71,71,71,71,71,71,71,71,71,71,81,81,81,81,86,86,86,86,86,86,86,86,86,86,86,91,91,91,91,91,98,98,98,98],"card_choices":[{"not_picked":["Slimebound:Nibble","Slimebound:LeechEnergy"],"picked":"Slimebound:AcidTongue","floor":2},{"not_picked":["Slimebound:Prepare","Slimebound:LeadByExample"],"picked":"Slimebound:SplitLeeching","floor":3},{"not_picked":["Slimebound:SlimeSpikes","Slimebound:SamplingLick"],"picked":"Slimebound:Schlurp","floor":4},{"not_picked":["Slimebound:LeechingTouch","Slimebound:Dissolve"],"picked":"Slimebound:ViciousTackle","floor":5},{"not_picked":["Slimebound:Chomp","Slimebound:Dissolve"],"picked":"Slimebound:GoopSpray","floor":9},{"not_picked":["Slimebound:DisruptingSlam","Slimebound:GoopSpray"],"picked":"Slimebound:LeechLife","floor":12},{"not_picked":["Slimebound:LeechingTouch","Slimebound:SlimeSpikes"],"picked":"Slimebound:HauntingLick","floor":14},{"not_picked":["Slimebound:SlimeBarrage","Slimebound:Prepare"],"picked":"Slimebound:Schlurp","floor":15},{"not_picked":["Slimebound:WasteNot","Slimebound:Teamwork"],"picked":"Slimebound:MassRepurpose","floor":16},{"not_picked":["Slimebound:LivingWall","Slimebound:ComboTackle"],"picked":"Slimebound:ItLooksTasty+1","floor":19},{"not_picked":["Slimebound:ComboTackle","Slimebound:LivingWall+1"],"picked":"Slimebound:SplitBruiser+1","floor":20},{"not_picked":["Slimebound:LevelUp","Slimebound:SplitLeeching"],"picked":"Slimebound:RollThrough","floor":22},{"not_picked":["Slimebound:Grow","Slimebound:ItLooksTasty"],"picked":"Slimebound:HauntingLick","floor":23},{"not_picked":["Slimebound:FinishingTackle+1","Slimebound:Teamwork"],"picked":"Slimebound:Repurpose","floor":25},{"not_picked":["Slimebound:SplitLeeching","Slimebound:BestDefense"],"picked":"Slimebound:PressTheAttack","floor":27},{"not_picked":["Slimebound:SplitLeeching","Slimebound:PressTheAttack"],"picked":"Slimebound:Equalize","floor":28},{"not_picked":["Slimebound:SplitAcid","Slimebound:DisruptingSlam"],"picked":"Slimebound:AcidTongue+1","floor":31},{"not_picked":["Slimebound:TongueLash","Slimebound:SlimeSpikes"],"picked":"Slimebound:GoopSpray","floor":32},{"not_picked":["Slimebound:PrepareCrush","Slimebound:OozeBath"],"picked":"Slimebound:MinionMaster","floor":33},{"not_picked":["Slimebound:FinishingTackle+1","Slimebound:AcidTongue","Slimebound:GrowthPunch+1"],"picked":"SKIP","floor":36},{"not_picked":["Slimebound:Gluttony","Slimebound:ComboTackle"],"picked":"Slimebound:SamplingLick+1","floor":38},{"not_picked":["Slimebound:RollThrough","Slimebound:PressTheAttack"],"picked":"Slimebound:SplitMire+1","floor":39},{"not_picked":["Slimebound:LivingWall+1","Slimebound:ForwardTackle+1"],"picked":"Slimebound:PressTheAttack+1","floor":40},{"not_picked":["Slimebound:DouseInSlime","Slimebound:OneTwoCombo"],"picked":"Slimebound:Schlurp+1","floor":42},{"not_picked":["Slimebound:GoopTackle","Slimebound:SlimeTap+1"],"picked":"Slimebound:SamplingLick+1","floor":43},{"not_picked":["Slimebound:GoopTackle","Slimebound:LivingWall+1"],"picked":"Slimebound:GoopSpray+1","floor":44},{"not_picked":["Slimebound:SpikyOuterGoop+1","Slimebound:SplitAcid","Slimebound:SlimeBarrage"],"picked":"SKIP","floor":47},{"not_picked":["Slimebound:SlimeSpikes+1","Slimebound:LeechingTouch+1"],"picked":"Slimebound:MinionMaster","floor":49}],"player_experience":237744,"relics_obtained":[{"floor":7,"key":"HornCleat"},{"floor":9,"key":"Bottled Tornado"},{"floor":24,"key":"PreservedInsect"},{"floor":38,"key":"Unceasing Top"},{"floor":41,"key":"Sundial"},{"floor":42,"key":"War Paint"},{"floor":42,"key":"Blood Vial"},{"floor":46,"key":"White Beast Statue"},{"floor":48,"key":"CaptainsWheel"}],"event_choices":[{"damage_healed":0,"gold_gain":0,"player_choice":"Success","damage_taken":7,"relics_obtained":["Ancient Tea Set"],"max_hp_gain":0,"max_hp_loss":0,"event_name":"Scrap Ooze","floor":10,"gold_loss":0},{"cards_removed":["downfall:Bewildered"],"damage_healed":0,"gold_gain":0,"player_choice":"Took Card","damage_taken":0,"max_hp_gain":0,"max_hp_loss":0,"event_name":"NoteForYourself","floor":29,"gold_loss":0,"cards_obtained":["Acrobatics"]},{"damage_healed":0,"gold_gain":0,"player_choice":"Fight","damage_taken":0,"max_hp_gain":0,"max_hp_loss":0,"event_name":"Mysterious Sphere","floor":38,"gold_loss":0}],"is_beta":false,"boss_relics":[{"not_picked":["bronze:MakeshiftBattery","Busted Crown"],"picked":"Black Star"},{"not_picked":["Fusion Hammer","SacredBark"],"picked":"Slimebound:TarBlob"}],"items_purged_floors":[],"is_endless":false,"potions_floor_spawned":[2,4,9,14,15,16,20,25,28,31,36,42,43,45,47,48,49],"ascension_level":0}}