{"host":"vxgtqwpb0ulpisda","time":1614050530,"event":{"mods":["BaseMod","Bestiary","Minty Spire (QoL Compilation)","Relic Stats","ojb\u0027s Info Mod"],"gold_per_floor":[115,134,150,162,162,162,197,215,267,296,296,325,339,352,352,447,447,428,443,40,40,52,84,183,213,213,226,226,226],"floor_reached":28,"language":"ENG","playtime":2112,"items_purged":[],"score":409,"play_id":"dd3b5a7c-6a28-4c32-9c81-bcd12faa2763","local_time":"20210222222210","is_ascension_mode":true,"campfire_choices":[{"data":"Eruption","floor":6,"key":"SMITH"},{"floor":11,"key":"REST"},{"floor":15,"key":"REST"}],"circlet_count":0,"master_deck":["Defend_P","Defend_P","Defend_P","Defend_P","Eruption+1","Vigilance","CutThroughFate","MentalFortress","FlurryOfBlows","Weave","DevaForm","Protect","TalkToTheHand","MentalFortress","BowlingBash","CutThroughFate","Devotion","EmptyFist+1","Apotheosis","Bite","Bite","Bite","Bite","Bite","Halt+1","LikeWater","CutThroughFate","EmptyBody"],"relics":["PureWater","Girya","Ancient Tea Set","Sundial","Bronze Scales","SlaversCollar","Pear","Kunai","Toy Ornithopter","Bag of Marbles"],"acts_visited":["Exordium","TheCity"],"potions_floor_usage":[7,10,12,13,13,18,27],"damage_taken":[{"damage":0,"enemies":"Cultist","floor":1,"turns":3},{"damage":1,"enemies":"2 Louse","floor":2,"turns":2},{"damage":2,"enemies":"Jaw Worm","floor":3,"turns":3},{"damage":2,"enemies":"Large Slime","floor":4,"turns":3},{"damage":49,"enemies":"3 Sentries","floor":7,"turns":10},{"damage":4,"enemies":"Blue Slaver","floor":8,"turns":4},{"damage":4,"enemies":"Lagavulin","floor":10,"turns":6},{"damage":0,"enemies":"Gremlin Nob","floor":12,"turns":3},{"damage":10,"enemies":"Exordium Wildlife","floor":13,"turns":3},{"damage":23,"enemies":"Gremlin Gang","floor":14,"turns":4},{"damage":14,"enemies":"Slime Boss","floor":16,"turns":8},{"damage":11,"enemies":"2 Thieves","floor":18,"turns":4},{"damage":0,"enemies":"3 Byrds","floor":19,"turns":3},{"damage":31,"enemies":"Centurion and Healer","floor":22,"turns":11},{"damage":54,"enemies":"Slavers","floor":23,"turns":4},{"damage":63,"enemies":"Gremlin Leader","floor":25,"turns":8},{"damage":24,"enemies":"Snake Plant","floor":27,"turns":5},{"damage":42,"enemies":"Sentry and Sphere","floor":28,"turns":5}],"seed_played":"4342817890535184689","potions_obtained":[{"floor":2,"key":"Strength Potion"},{"floor":4,"key":"Dexterity Potion"},{"floor":8,"key":"StancePotion"},{"floor":10,"key":"Fire Potion"},{"floor":12,"key":"PowerPotion"},{"floor":16,"key":"DistilledChaos"},{"floor":18,"key":"FairyPotion"},{"floor":23,"key":"FairyPotion"},{"floor":25,"key":"SkillPotion"}],"is_trial":false,"path_per_floor":["M","M","M","M","?","R","E","M","T","E","R","E","M","M","R","B",null,"M","M","$","?","M","E","?","E","T","M","M"],"character_chosen":"WATCHER","items_purchased":["Apotheosis","Pear"],"campfire_rested":2,"item_purchase_floors":[20,20],"current_hp_per_floor":[79,78,76,74,74,74,25,21,21,17,40,40,30,7,30,16,63,52,52,62,62,55,13,13,30,30,19,0,0],"gold":226,"neow_bonus":"TEN_PERCENT_HP_BONUS","is_daily":false,"chose_seed":false,"campfire_upgraded":1,"win_rate":0.0,"timestamp":1614050530,"path_taken":["M","?","M","M","?","R","E","M","T","E","R","E","M","M","R","BOSS","M","M","$","?","M","E","?","E","T","M","M"],"items_purchased_type":["Card","Relic"],"build_version":"2020-12-22","purchased_purges":0,"victory":false,"max_hp_per_floor":[79,79,79,79,79,79,79,79,79,79,79,79,79,79,79,79,79,79,79,89,62,62,62,62,62,62,62,62,62],"relic_stats":{"counters":[18,89],"Sundial":[6],"Bronze Scales":[164],"Kunai":[10],"obtain_stats":[{"Girya":7,"SlaversCollar":17,"Pear":20,"Sundial":10,"Bronze Scales":12,"Bag of Marbles":26,"Kunai":23,"PureWater":0,"Ancient Tea Set":9,"Toy Ornithopter":25},{"Girya":5,"SlaversCollar":11,"Pear":13,"Sundial":7,"Bronze Scales":8,"Bag of Marbles":16,"Kunai":15,"PureWater":0,"Ancient Tea Set":6,"Toy Ornithopter":16},{"Girya":21,"SlaversCollar":49,"Pear":56,"Sundial":31,"Bronze Scales":34,"Bag of Marbles":79,"Kunai":71,"PureWater":0,"Ancient Tea Set":25,"Toy Ornithopter":79}],"Toy Ornithopter":5},"card_choices":[{"not_picked":["ClearTheMind","FlyingSleeves"],"picked":"CutThroughFate","floor":1},{"not_picked":["JustLucky","Protect"],"picked":"MentalFortress","floor":2},{"not_picked":["FollowUp","EmptyBody"],"picked":"FlurryOfBlows","floor":3},{"not_picked":["EmptyBody","Crescendo"],"picked":"Weave","floor":4},{"not_picked":["FlyingSleeves","ReachHeaven"],"picked":"Protect","floor":7},{"not_picked":["BowlingBash","EmptyBody"],"picked":"TalkToTheHand","floor":8},{"not_picked":["MasterReality","SashWhip","FlyingSleeves"],"picked":"SKIP","floor":10},{"not_picked":["Study","ThirdEye"],"picked":"MentalFortress","floor":12},{"not_picked":["SignatureMove","Brilliance"],"picked":"BowlingBash","floor":13},{"not_picked":["PathToVictory","Consecrate"],"picked":"CutThroughFate","floor":14},{"not_picked":["DevaForm","MasterReality"],"picked":"Devotion","floor":16},{"not_picked":["CrushJoints","SashWhip+1","BowlingBash"],"picked":"SKIP","floor":18},{"not_picked":["ClearTheMind","Prostrate+1"],"picked":"EmptyFist+1","floor":19},{"not_picked":["JustLucky","Evaluate"],"picked":"Halt+1","floor":22},{"not_picked":["PathToVictory","ClearTheMind"],"picked":"LikeWater","floor":23},{"not_picked":["Crescendo","Collect+1"],"picked":"CutThroughFate","floor":25},{"not_picked":["Consecrate","Evaluate"],"picked":"EmptyBody","floor":27}],"player_experience":434036,"relics_obtained":[{"floor":7,"key":"Girya"},{"floor":9,"key":"Ancient Tea Set"},{"floor":10,"key":"Sundial"},{"floor":12,"key":"Bronze Scales"},{"floor":23,"key":"Kunai"},{"floor":25,"key":"Toy Ornithopter"},{"floor":26,"key":"Bag of Marbles"}],"event_choices":[{"damage_healed":0,"gold_gain":0,"cards_transformed":["Strike_P"],"player_choice":"Change","damage_taken":0,"max_hp_gain":0,"max_hp_loss":0,"event_name":"Living Wall","floor":5,"gold_loss":0,"cards_obtained":["DevaForm"]},{"damage_healed":0,"gold_gain":0,"player_choice":"Became a vampire","damage_taken":0,"max_hp_gain":0,"max_hp_loss":27,"event_name":"Vampires","floor":21,"gold_loss":0,"cards_obtained":["Bite","Bite","Bite","Bite","Bite"]},{"damage_healed":0,"gold_gain":99,"player_choice":"Stole From Cult","damage_taken":0,"max_hp_gain":0,"max_hp_loss":0,"event_name":"Nest","floor":24,"gold_loss":0}],"is_beta":false,"boss_relics":[{"not_picked":["Fusion Hammer","HolyWater"],"picked":"SlaversCollar"}],"items_purged_floors":[],"is_endless":false,"potions_floor_spawned":[2,4,8,10,12,16,18,23,25],"killed_by":"Sentry and Sphere","ascension_level":5}}