{"host":"sabve5zmqufxyc5o","time":1614108318,"event":{"mods":["2.2 Compatiblity","AchievementEnabler","Act Like it!","BaseMod","Block Reminder","Colored Map","Colored Powertips","DeckTracker","KOR Keyword Fix","Keyboard Shortcuts","Minty Spire (QoL Compilation)","Quick Restart","Rare Cards Sparkle","Relic Stats","StSLib","SuperFastMode"],"gold_per_floor":[111,121,136,146,163,163,190,203,228,11,28,42,42,52,52,126,126,144,159,175,90,3,3,3,14,14,14,14,14,24,44,44,119,119,137,148,158,176,186,186,197,147,147,177,127,127,139,159,159,159,159],"floor_reached":50,"language":"KOR","playtime":1618,"items_purged":["Strike_B","Parasite","Injury"],"score":1022,"play_id":"9979a332-2335-4915-9951-a4ce11400f40","local_time":"20210224042518","is_ascension_mode":true,"campfire_choices":[{"data":"Buffer","floor":6.0,"key":"SMITH"},{"data":"Chill","floor":13.0,"key":"SMITH"},{"floor":15.0,"key":"REST"},{"floor":23.0,"key":"REST"},{"data":"Defragment","floor":27.0,"key":"SMITH"},{"data":"Go for the Eyes","floor":32.0,"key":"SMITH"},{"floor":40.0,"key":"RECALL"},{"floor":46.0,"key":"REST"},{"data":"Biased Cognition","floor":49,"key":"SMITH"}],"circlet_count":0,"master_deck":["AscendersBane","Defend_B","Defend_B","Defend_B","Zap","Dualcast","Go for the Eyes+1","Streamline","Compile Driver","Ball Lightning","Buffer+1","Ball Lightning","Chill+1","Glacier","Cold Snap","Turbo+1","Self Repair","Thunder Strike","Undo","Cold Snap","Defragment+1","Compile Driver","Biased Cognition+1","Recycle+1","Conserve Battery+1","Rainbow+1","Hologram+1","Defragment+1"],"relics":["Cracked Core","Smiling Mask","Pen Nib","ClockworkSouvenir","Cursed Key","Toy Ornithopter","Astrolabe","DataDisk"],"acts_visited":["Exordium","TheCity","TheBeyond"],"potions_floor_usage":[],"damage_taken":[{"damage":2.0,"enemies":"Jaw Worm","floor":1.0,"turns":3.0},{"damage":1.0,"enemies":"2 Louse","floor":2.0,"turns":3.0},{"damage":0.0,"enemies":"Cultist","floor":3.0,"turns":2.0},{"damage":6.0,"enemies":"Blue Slaver","floor":4.0,"turns":3.0},{"damage":6.0,"enemies":"Exordium Wildlife","floor":5.0,"turns":3.0},{"damage":17.0,"enemies":"Lagavulin","floor":7.0,"turns":8.0},{"damage":3.0,"enemies":"Looter","floor":8.0,"turns":3.0},{"damage":3.0,"enemies":"Blue Slaver","floor":11.0,"turns":3.0},{"damage":4.0,"enemies":"Red Slaver","floor":12.0,"turns":3.0},{"damage":10.0,"enemies":"Exordium Thugs","floor":14.0,"turns":6.0},{"damage":14.0,"enemies":"Hexaghost","floor":16.0,"turns":11.0},{"damage":0.0,"enemies":"Spheric Guardian","floor":18.0,"turns":4.0},{"damage":0.0,"enemies":"Chosen","floor":19.0,"turns":5.0},{"damage":29.0,"enemies":"Snake Plant","floor":20.0,"turns":7.0},{"damage":0.0,"enemies":"Snecko","floor":25.0,"turns":7.0},{"damage":0.0,"enemies":"Cultist and Chosen","floor":30.0,"turns":6.0},{"damage":9.0,"enemies":"Centurion and Healer","floor":31.0,"turns":7.0},{"damage":76.0,"enemies":"Collector","floor":33.0,"turns":15.0},{"damage":0.0,"enemies":"Orb Walker","floor":35.0,"turns":4.0},{"damage":29.0,"enemies":"3 Darklings","floor":36.0,"turns":8.0},{"damage":0.0,"enemies":"Transient","floor":37.0,"turns":6.0},{"damage":6.0,"enemies":"Jaw Worm Horde","floor":38.0,"turns":5.0},{"damage":33.0,"enemies":"Writhing Mass","floor":39.0,"turns":12.0},{"damage":0.0,"enemies":"Maw","floor":41.0,"turns":9.0},{"damage":0.0,"enemies":"Nemesis","floor":44.0,"turns":9.0},{"damage":2.0,"enemies":"Transient","floor":47.0,"turns":6.0},{"damage":0,"enemies":"4 Shapes","floor":48,"turns":7},{"damage":77,"enemies":"Donu and Deca","floor":50,"turns":10}],"seed_played":"-7174386490371378283","potions_obtained":[{"floor":1.0,"key":"FocusPotion"},{"floor":3.0,"key":"Energy Potion"},{"floor":12.0,"key":"Dexterity Potion"},{"floor":19.0,"key":"EssenceOfDarkness"},{"floor":20.0,"key":"Block Potion"},{"floor":33.0,"key":"Swift Potion"},{"floor":35.0,"key":"ColorlessPotion"},{"floor":39.0,"key":"Block Potion"},{"floor":47.0,"key":"SteroidPotion"},{"floor":48,"key":"FocusPotion"}],"is_trial":false,"path_per_floor":["M","M","M","M","M","R","E","M","T","$","M","M","R","M","R","B",null,"M","M","M","?","$","R","$","M","T","R","T","?","M","M","R","B",null,"M","M","M","M","M","R","M","$","T","E","$","R","M","M","R","B"],"character_chosen":"DEFECT","items_purchased":["ClockworkSouvenir","Defragment"],"campfire_rested":3,"item_purchase_floors":[10,22],"current_hp_per_floor":[62,61,61,55,49,49,32,29,29,29,26,22,22,12,33,26,60,67,71,49,49,49,70,70,71,71,71,71,71,71,69,69,10,56,63,41,48,42,16,16,23,23,23,35,35,55,65,68,68,0,0],"gold":159,"neow_bonus":"TRANSFORM_CARD","is_daily":false,"chose_seed":false,"campfire_upgraded":5,"win_rate":0.0,"timestamp":1614108318,"path_taken":["M","M","M","M","M","R","E","M","T","$","M","M","R","M","R","BOSS","M","M","M","?","$","R","$","M","T","R","?","?","M","M","R","BOSS","M","M","M","M","M","R","M","?","T","E","$","R","M","M","R","BOSS"],"items_purchased_type":["Relic","Card"],"build_version":"2020-12-22","purchased_purges":3,"victory":false,"max_hp_per_floor":[71,71,71,71,71,71,71,71,71,71,71,71,71,71,71,71,71,71,71,71,71,71,71,71,71,71,71,71,71,71,71,71,71,71,71,71,71,71,71,71,71,68,68,68,68,68,68,68,68,68,68],"relic_stats":{"counters":[28,175],"Astrolabe":["Recycle","Conserve Battery","Rainbow"],"Pen Nib":[23],"Smiling Mask":150,"Cursed Key":1,"obtain_stats":[{"DataDisk":44,"Astrolabe":34,"Pen Nib":9,"Cracked Core":0,"Smiling Mask":7,"Cursed Key":17,"Toy Ornithopter":21,"ClockworkSouvenir":10},{"DataDisk":25,"Astrolabe":18,"Pen Nib":7,"Cracked Core":0,"Smiling Mask":6,"Cursed Key":11,"Toy Ornithopter":14,"ClockworkSouvenir":7},{"DataDisk":152,"Astrolabe":99,"Pen Nib":25,"Cracked Core":0,"Smiling Mask":22,"Cursed Key":48,"Toy Ornithopter":64,"ClockworkSouvenir":25}],"Toy Ornithopter":20},"card_choices":[{"not_picked":["Undo","Hello World"],"picked":"Streamline","floor":1.0},{"not_picked":["Gash","Leap"],"picked":"Compile Driver","floor":2.0},{"not_picked":["Hologram","Compile Driver"],"picked":"Ball Lightning","floor":3.0},{"not_picked":["Coolheaded","Aggregate"],"picked":"Buffer","floor":4.0},{"not_picked":["Steam","Redo"],"picked":"Ball Lightning","floor":5.0},{"not_picked":["Darkness","Steam"],"picked":"Chill","floor":7.0},{"not_picked":["Barrage","FTL"],"picked":"Glacier","floor":8.0},{"not_picked":["Melter","Gash"],"picked":"Cold Snap","floor":11.0},{"not_picked":["Barrage","Sweeping Beam"],"picked":"Turbo","floor":12.0},{"not_picked":["Consume","Hologram"],"picked":"Self Repair","floor":14.0},{"not_picked":["Fission","Meteor Strike"],"picked":"Thunder Strike","floor":16.0},{"not_picked":["Leap","Lockon"],"picked":"Undo","floor":18.0},{"not_picked":["Steam","Sweeping Beam","Double Energy"],"picked":"SKIP","floor":19.0},{"not_picked":["Turbo","Redo"],"picked":"Cold Snap","floor":20.0},{"not_picked":["Rebound","Darkness"],"picked":"Compile Driver","floor":25.0},{"not_picked":["Leap","Gash+1","Creative AI"],"picked":"SKIP","floor":30.0},{"not_picked":["Stack","Gash","Redo"],"picked":"SKIP","floor":31.0},{"not_picked":["Stack","Gash","Redo"],"picked":"SKIP","floor":31.0},{"not_picked":["Fission","Creative AI"],"picked":"Biased Cognition","floor":33.0},{"not_picked":["Stack+1","Auto Shields+1","Rebound"],"picked":"SKIP","floor":35.0},{"not_picked":["Go for the Eyes","Hologram+1","Chaos+1"],"picked":"SKIP","floor":36.0},{"not_picked":["Go for the Eyes","Chaos+1"],"picked":"Hologram+1","floor":36.0},{"not_picked":["Sweeping Beam","Go for the Eyes","Storm+1"],"picked":"SKIP","floor":37.0},{"not_picked":["Hologram","Leap","Undo"],"picked":"SKIP","floor":38.0},{"not_picked":["Machine Learning","Static Discharge"],"picked":"Defragment+1","floor":39.0},{"not_picked":["Rebound+1","Compile Driver+1","White Noise"],"picked":"SKIP","floor":41.0},{"not_picked":["Rip and Tear","Hologram","Sweeping Beam"],"picked":"SKIP","floor":44.0},{"not_picked":["Redo","Turbo","Genetic Algorithm"],"picked":"SKIP","floor":47.0},{"not_picked":["Leap","Sweeping Beam+1","Recycle"],"picked":"SKIP","floor":48}],"player_experience":823782,"relics_obtained":[{"floor":7.0,"key":"Smiling Mask"},{"floor":9.0,"key":"Pen Nib"},{"floor":44.0,"key":"DataDisk"}],"event_choices":[{"damage_healed":0.0,"max_hp_gain":0.0,"max_hp_loss":0.0,"gold_gain":0.0,"event_name":"Addict","player_choice":"Obtained Relic","floor":21.0,"gold_loss":85.0,"damage_taken":0.0,"relics_obtained":["Toy Ornithopter"]},{"damage_healed":0.0,"max_hp_gain":0.0,"max_hp_loss":0.0,"gold_gain":0.0,"event_name":"Accursed Blacksmith","player_choice":"Forge","floor":29.0,"gold_loss":0.0,"damage_taken":0.0,"cards_upgraded":["Turbo"]}],"is_beta":false,"boss_relics":[{"not_picked":["Empty Cage","Fusion Hammer"],"picked":"Cursed Key"},{"not_picked":["Inserter","Runic Dome"],"picked":"Astrolabe"}],"items_purged_floors":[10,42,45],"is_endless":false,"potions_floor_spawned":[1,3,4,8,12,14,19,20,30,31,33,35,39,47,48],"killed_by":"Donu and Deca","ascension_level":20}}