{"host":"sav7uxregyirlf69","time":1614071507,"event":{"mods":["AchievementEnabler","BaseMod","Colored Map","DeckTracker","Keyboard Shortcuts","Minty Spire (QoL Compilation)","READ ME - Guardian Mod","StSLib","SuperFastMode"],"gold_per_floor":[119,119,119,135,135,135,148,148,148,168,168,168,182,197,197,293,293,311,61,82,82,98,141,141,176,176,25,25,25],"floor_reached":28,"language":"KOR","playtime":455,"items_purged":["Strike_G"],"score":646,"play_id":"198f1530-1d0d-432f-92dc-1cf967e47f8c","local_time":"20210223181147","is_ascension_mode":true,"campfire_choices":[{"data":"Bouncing Flask","floor":6.0,"key":"SMITH"},{"data":"Neutralize","floor":8.0,"key":"SMITH"},{"floor":12.0,"key":"REST"},{"floor":15.0,"key":"RECALL"}],"circlet_count":0,"master_deck":["AscendersBane","Strike_G","Strike_G","Defend_G","Defend_G","Defend_G","Survivor","Neutralize+1","Quick Slash","Corpse Explosion","Bouncing Flask+1","Dagger Spray","Malaise","Footwork","Burst","Skewer+1","Outmaneuver+1","Catalyst"],"relics":["Ring of the Snake","Golden Idol","Sozu","Chemical X","Tingsha","White Beast Statue","Gremlin Horn"],"acts_visited":["Exordium","TheCity"],"potions_floor_usage":[25],"damage_taken":[{"damage":0.0,"enemies":"2 Louse","floor":1.0,"turns":4.0},{"damage":0.0,"enemies":"Cultist","floor":4.0,"turns":4.0},{"damage":2.0,"enemies":"Small Slimes","floor":7.0,"turns":3.0},{"damage":0.0,"enemies":"Exordium Wildlife","floor":10.0,"turns":1.0},{"damage":0.0,"enemies":"Lots of Slimes","floor":13.0,"turns":1.0},{"damage":0.0,"enemies":"Blue Slaver","floor":14.0,"turns":5.0},{"damage":0.0,"enemies":"Hexaghost","floor":16.0,"turns":7.0},{"damage":9.0,"enemies":"Shell Parasite","floor":18.0,"turns":6.0},{"damage":11.0,"enemies":"2 Thieves","floor":20.0,"turns":4.0},{"damage":6.0,"enemies":"Snake Plant","floor":22.0,"turns":5.0},{"damage":6.0,"enemies":"Book of Stabbing","floor":23.0,"turns":6.0},{"damage":24,"enemies":"Slavers","floor":25,"turns":3},{"damage":10,"enemies":"Shelled Parasite and Fungi","floor":28,"turns":1}],"seed_played":"-7362053372860804611","potions_obtained":[{"floor":7.0,"key":"Explosive Potion"},{"floor":13.0,"key":"BlessingOfTheForge"},{"floor":14.0,"key":"PowerPotion"},{"floor":16.0,"key":"Fruit Juice"}],"is_trial":false,"path_per_floor":["M","?","?","M","?","R","M","R","T","M","?","R","M","M","R","B",null,"M","$","M","?","M","E","?","E","T","$","M"],"character_chosen":"THE_SILENT","items_purchased":["Footwork","Chemical X","Catalyst"],"campfire_rested":1,"item_purchase_floors":[19,19,27],"current_hp_per_floor":[44,37,37,37,37,37,35,35,35,35,35,53,53,53,53,53,58,49,49,38,38,32,26,26,7,7,7,0,0],"gold":25,"neow_bonus":"REMOVE_TWO","is_daily":false,"chose_seed":false,"campfire_upgraded":2,"win_rate":0.0,"timestamp":1614071507,"path_taken":["M","?","?","?","?","R","M","R","T","M","?","R","M","M","R","BOSS","M","$","M","?","M","E","?","E","T","$","M"],"items_purchased_type":["Card","Relic","Card"],"build_version":"2020-12-22","purchased_purges":1,"victory":false,"max_hp_per_floor":[66,66,66,66,60,60,60,60,60,60,60,60,60,60,60,60,60,60,60,60,60,60,60,60,65,65,65,65,65],"card_choices":[{"not_picked":["Finisher","Flying Knee"],"picked":"Quick Slash","floor":1.0},{"not_picked":["Flying Knee","Finisher"],"picked":"Bouncing Flask","floor":4.0},{"not_picked":["Blade Dance","Sucker Punch"],"picked":"Dagger Spray","floor":7.0},{"not_picked":["Dagger Spray","Dash","Outmaneuver"],"picked":"SKIP","floor":10.0},{"not_picked":["Outmaneuver","Phantasmal Killer","Dodge and Roll"],"picked":"SKIP","floor":13.0},{"not_picked":["Poisoned Stab","Bane","Flechettes"],"picked":"SKIP","floor":14.0},{"not_picked":["Envenom","Wraith Form v2"],"picked":"Malaise","floor":16.0},{"not_picked":["Deflect","Acrobatics","Flying Knee"],"picked":"SKIP","floor":18.0},{"not_picked":["Slice","Deadly Poison","Underhanded Strike"],"picked":"SKIP","floor":20.0},{"not_picked":["Sucker Punch","Bouncing Flask","Slice"],"picked":"SKIP","floor":22.0},{"not_picked":["Concentrate","Dagger Spray"],"picked":"Skewer+1","floor":23.0},{"not_picked":["Calculated Gamble","Finisher"],"picked":"Outmaneuver+1","floor":25}],"player_experience":1674813,"relics_obtained":[{"floor":23.0,"key":"Tingsha"},{"floor":25,"key":"White Beast Statue"},{"floor":26,"key":"Gremlin Horn"}],"event_choices":[{"cards_removed":["Defend_G"],"damage_healed":0.0,"max_hp_gain":0.0,"max_hp_loss":0.0,"gold_gain":0.0,"event_name":"Golden Wing","player_choice":"Card Removal","floor":2.0,"gold_loss":0.0,"damage_taken":7.0},{"damage_healed":0.0,"max_hp_gain":0.0,"max_hp_loss":0.0,"gold_gain":0.0,"cards_transformed":["Strike_G"],"event_name":"Transmorgrifier","player_choice":"Transformed","floor":3.0,"gold_loss":0.0,"damage_taken":0.0,"cards_obtained":["Corpse Explosion"]},{"damage_healed":0.0,"max_hp_gain":0.0,"max_hp_loss":6.0,"gold_gain":0.0,"event_name":"Golden Idol","player_choice":"Lose Max HP","floor":5.0,"gold_loss":0.0,"damage_taken":0.0,"relics_obtained":["Golden Idol"]},{"damage_healed":0.0,"max_hp_gain":0.0,"max_hp_loss":0.0,"gold_gain":0.0,"event_name":"Scrap Ooze","player_choice":"Fled","floor":11.0,"gold_loss":0.0,"damage_taken":0.0},{"damage_healed":0.0,"max_hp_gain":0.0,"max_hp_loss":0.0,"gold_gain":0.0,"event_name":"The Library","player_choice":"Read","floor":21.0,"gold_loss":0.0,"damage_taken":0.0,"cards_obtained":["Burst"]},{"damage_healed":0,"gold_gain":0,"player_choice":"Ignored","damage_taken":0,"max_hp_gain":0,"max_hp_loss":0,"event_name":"WeMeetAgain","floor":24,"gold_loss":0}],"is_beta":false,"boss_relics":[{"not_picked":["Coffee Dripper","Black Star"],"picked":"Sozu"}],"items_purged_floors":[27],"is_endless":false,"potions_floor_spawned":[7,13,14,16,22,25],"killed_by":"Shelled Parasite and Fungi","ascension_level":20}}