{"host":"6gwm7y0tp7acoxay","time":1614079927,"event":{"mods":["BaseMod","Colored Map","Keyboard Shortcuts","Minty Spire (QoL Compilation)","Quick Restart","StSLib","SuperFastMode","everything is the same but u backflip on backflip"],"gold_per_floor":[115,133,153,153,173,207,207,239,239,239,269,298,360,386,386,464,464,478,528,503,553,619,619,669,699,699,315,315,341,391,404,404,481,481,496,595,645,695,449,474,508,608,635,685,718,753,787,266,266,266,266,266,266,39,72,72],"floor_reached":57,"language":"KOR","playtime":2637,"items_purged":["Clothesline"],"score":3386,"play_id":"a6a004bd-57de-43a3-a338-dadf9ef109af","local_time":"20210223203207","daily_mods":["SealedDeck","Heirloom","Flight"],"is_ascension_mode":true,"campfire_choices":[{"data":"Body Slam","floor":7.0,"key":"SMITH"},{"data":"Disarm","floor":10.0,"key":"SMITH"},{"data":"Inflame","floor":15.0,"key":"SMITH"},{"data":"Armaments","floor":23.0,"key":"SMITH"},{"data":"Searing Blow+1","floor":32.0,"key":"SMITH"},{"floor":49,"key":"RECALL"},{"data":"Searing Blow+2","floor":53,"key":"SMITH"}],"circlet_count":0,"master_deck":["AscendersBane","Flame Barrier","True Grit","Shrug It Off","Seeing Red+1","Inflame+1","Body Slam+1","Second Wind","Battle Trance+1","Disarm+1","Exhume","Armaments+1","Entrench","RitualDagger","Master of Strategy","Searing Blow+3","Finesse+1","RitualDagger"],"relics":["Burning Blood","Bird Faced Urn","SsserpentHead","Dream Catcher","Nunchaku","Meat on the Bone","Thread and Needle","Red Skull","Centennial Puzzle","Busted Crown","Bag of Marbles","Bag of Preparation","Orichalcum","Black Star","Champion Belt","Bronze Scales","Toy Ornithopter","Toxic Egg 2","Vajra","Oddly Smooth Stone","PreservedInsect","War Paint","Letter Opener","TungstenRod","Lantern","Mango","MealTicket","Magic Flower","HornCleat","ClockworkSouvenir","DollysMirror","Paper Frog","Pen Nib"],"acts_visited":["Exordium","TheCity","TheBeyond","TheEnding"],"potions_floor_usage":[56,56],"damage_taken":[{"damage":0.0,"enemies":"Cultist","floor":1.0,"turns":3.0},{"damage":6.0,"enemies":"Jaw Worm","floor":2.0,"turns":4.0},{"damage":4.0,"enemies":"Small Slimes","floor":3.0,"turns":3.0},{"damage":4.0,"enemies":"2 Fungi Beasts","floor":5.0,"turns":4.0},{"damage":20.0,"enemies":"3 Sentries","floor":6.0,"turns":5.0},{"damage":0.0,"enemies":"Gremlin Nob","floor":8.0,"turns":3.0},{"damage":11.0,"enemies":"Lagavulin","floor":11.0,"turns":5.0},{"damage":6.0,"enemies":"3 Sentries","floor":12.0,"turns":7.0},{"damage":0.0,"enemies":"Exordium Thugs","floor":13.0,"turns":3.0},{"damage":8.0,"enemies":"Lagavulin","floor":14.0,"turns":5.0},{"damage":14.0,"enemies":"The Guardian","floor":16.0,"turns":12.0},{"damage":1.0,"enemies":"3 Byrds","floor":18.0,"turns":3.0},{"damage":0.0,"enemies":"Chosen","floor":22.0,"turns":8.0},{"damage":43.0,"enemies":"Slavers","floor":25.0,"turns":12.0},{"damage":32.0,"enemies":"Gremlin Leader","floor":29.0,"turns":12.0},{"damage":0.0,"enemies":"3 Cultists","floor":31.0,"turns":4.0},{"damage":40.0,"enemies":"Automaton","floor":33.0,"turns":9.0},{"damage":0.0,"enemies":"3 Shapes","floor":35.0,"turns":3.0},{"damage":24.0,"enemies":"2 Orb Walkers","floor":36.0,"turns":6.0},{"damage":0.0,"enemies":"Giant Head","floor":40.0,"turns":5.0},{"damage":31,"enemies":"Reptomancer","floor":41,"turns":7},{"damage":0,"enemies":"Giant Head","floor":45,"turns":5},{"damage":31,"enemies":"Nemesis","floor":46,"turns":5},{"damage":0,"enemies":"Giant Head","floor":47,"turns":4},{"damage":29,"enemies":"Donu and Deca","floor":50,"turns":10},{"damage":0,"enemies":"Awakened One","floor":51,"turns":18},{"damage":0,"enemies":"Shield and Spear","floor":55,"turns":3},{"damage":78,"enemies":"The Heart","floor":56,"turns":7}],"seed_played":"7781834146662708170","potions_obtained":[{"floor":1.0,"key":"BlessingOfTheForge"},{"floor":2.0,"key":"ElixirPotion"},{"floor":6.0,"key":"FearPotion"},{"floor":11.0,"key":"Fruit Juice"},{"floor":13.0,"key":"Fire Potion"},{"floor":29.0,"key":"LiquidBronze"},{"floor":33.0,"key":"AttackPotion"},{"floor":41,"key":"Dexterity Potion"}],"is_trial":true,"path_per_floor":["M","M","M","?","M","E","R","E","T","R","E","E","M","E","R","B",null,"M","?","?","?","M","R","?","E","T","$","$","E","?","M","R","B",null,"M","?","?","?","$","E","E","T","T","?","E","E","E","$","R","B","B",null,"R","$","E","B",null],"character_chosen":"IRONCLAD","items_purchased":["Bag of Preparation","Master of Strategy","Bronze Scales","HornCleat","ClockworkSouvenir","Finesse+1","DollysMirror","PowerPotion"],"campfire_rested":0,"item_purchase_floors":[27,27,39,48,48,48,54,54],"current_hp_per_floor":[74,75,75,75,75,63,63,69,69,69,71,73,79,78,78,72,78,80,80,80,74,80,80,80,57,57,57,57,45,45,53,53,33,68,76,60,60,60,60,68,45,45,45,45,53,56,64,79,79,62,71,85,85,90,90,42],"gold":72,"neow_bonus":"","is_daily":false,"chose_seed":false,"campfire_upgraded":6,"win_rate":0.0,"timestamp":1614079927,"path_taken":["M","?","?","?","M","E","R","E","T","R","E","E","?","E","R","BOSS","M","?","?","?","?","R","?","E","T","$","$","E","?","M","R","BOSS","M","?","?","?","$","E","E","?","T","?","E","E","E","$","R","BOSS","BOSS","R","$","E","BOSS"],"items_purchased_type":["Relic","Card","Relic","Relic","Relic","Card","Relic","Potion"],"build_version":"2020-12-22","purchased_purges":1,"victory":true,"max_hp_per_floor":[75,75,75,75,75,75,75,75,75,75,80,80,80,80,80,80,80,80,80,80,80,80,80,80,80,80,80,80,80,80,80,80,80,80,80,80,80,76,76,76,76,76,76,76,76,90,90,90,90,90,90,90,90,90,90,90],"card_choices":[{"not_picked":["Flex","Havoc","Twin Strike"],"picked":"SKIP","floor":1.0},{"not_picked":["Bloodletting","Sentinel","Pummel"],"picked":"SKIP","floor":2.0},{"not_picked":["Warcry","Sword Boomerang","Clash"],"picked":"SKIP","floor":3.0},{"not_picked":["Hemokinesis","Reckless Charge"],"picked":"Wild Strike","floor":5.0},{"not_picked":["Intimidate","Body Slam","Fiend Fire"],"picked":"SKIP","floor":6.0},{"not_picked":["Inflame","Iron Wave"],"picked":"Disarm","floor":8.0},{"not_picked":["Flex","True Grit","Cleave"],"picked":"SKIP","floor":11.0},{"not_picked":["Heavy Blade","True Grit","Body Slam"],"picked":"SKIP","floor":12.0},{"not_picked":["Warcry","Carnage","Pommel Strike"],"picked":"SKIP","floor":13.0},{"not_picked":["Warcry","Brutality","Headbutt"],"picked":"SKIP","floor":14.0},{"not_picked":["Corruption","Bludgeon"],"picked":"Exhume","floor":16.0},{"not_picked":[],"picked":"Armaments","floor":18.0},{"not_picked":["Cleave"],"picked":"SKIP","floor":22.0},{"not_picked":["Twin Strike"],"picked":"SKIP","floor":25.0},{"not_picked":["Clothesline"],"picked":"SKIP","floor":29.0},{"not_picked":[],"picked":"Searing Blow+1","floor":31.0},{"not_picked":["Body Slam"],"picked":"SKIP","floor":35.0},{"not_picked":["Perfected Strike+1"],"picked":"SKIP","floor":40.0},{"not_picked":["True Grit+1"],"picked":"SKIP","floor":41},{"not_picked":["Anger+1"],"picked":"SKIP","floor":45},{"not_picked":["Thunderclap+1"],"picked":"SKIP","floor":46},{"not_picked":["Sword Boomerang"],"picked":"SKIP","floor":47},{"not_picked":["Clash"],"picked":"SKIP","floor":55}],"player_experience":4599695,"relics_obtained":[{"floor":6.0,"key":"Dream Catcher"},{"floor":8.0,"key":"Nunchaku"},{"floor":9.0,"key":"Meat on the Bone"},{"floor":11.0,"key":"Thread and Needle"},{"floor":12.0,"key":"Red Skull"},{"floor":14.0,"key":"Centennial Puzzle"},{"floor":25.0,"key":"Bag of Marbles"},{"floor":29.0,"key":"Orichalcum"},{"floor":36.0,"key":"Champion Belt"},{"floor":40.0,"key":"Toy Ornithopter"},{"floor":40.0,"key":"Toxic Egg 2"},{"floor":41,"key":"Vajra"},{"floor":41,"key":"Oddly Smooth Stone"},{"floor":42,"key":"PreservedInsect"},{"floor":43,"key":"War Paint"},{"floor":45,"key":"Letter Opener"},{"floor":45,"key":"TungstenRod"},{"floor":46,"key":"Lantern"},{"floor":46,"key":"Mango"},{"floor":47,"key":"MealTicket"},{"floor":47,"key":"Magic Flower"},{"floor":55,"key":"Paper Frog"},{"floor":55,"key":"Pen Nib"}],"event_choices":[{"damage_healed":0.0,"max_hp_gain":0.0,"max_hp_loss":0.0,"gold_gain":0.0,"event_name":"FaceTrader","player_choice":"Trade","floor":4.0,"gold_loss":0.0,"damage_taken":0.0,"relics_obtained":["SsserpentHead"]},{"damage_healed":0.0,"max_hp_gain":0.0,"max_hp_loss":0.0,"gold_gain":0.0,"event_name":"The Library","player_choice":"Read","floor":19.0,"gold_loss":0.0,"damage_taken":0.0,"cards_obtained":["Entrench"]},{"cards_removed":["Carnage"],"damage_healed":0.0,"max_hp_gain":0.0,"max_hp_loss":0.0,"gold_gain":0.0,"event_name":"Beggar","player_choice":"Gave Gold","floor":20.0,"gold_loss":75.0,"damage_taken":0.0},{"damage_healed":0.0,"max_hp_gain":0.0,"max_hp_loss":0.0,"gold_gain":0.0,"event_name":"Nest","player_choice":"Joined the Cult","floor":21.0,"gold_loss":0.0,"damage_taken":6.0,"cards_obtained":["RitualDagger"]},{"damage_healed":0.0,"max_hp_gain":0.0,"max_hp_loss":0.0,"gold_gain":0.0,"event_name":"Cursed Tome","player_choice":"Ignored","floor":24.0,"gold_loss":0.0,"damage_taken":0.0},{"cards_removed":["Wild Strike"],"damage_healed":0.0,"max_hp_gain":0.0,"max_hp_loss":0.0,"gold_gain":0.0,"event_name":"Back to Basics","player_choice":"Elegance","floor":30.0,"gold_loss":0.0,"damage_taken":0.0},{"damage_healed":0.0,"max_hp_gain":0.0,"max_hp_loss":0.0,"gold_gain":0.0,"event_name":"Mysterious Sphere","player_choice":"Fight","floor":36.0,"gold_loss":0.0,"damage_taken":0.0},{"damage_healed":0.0,"max_hp_gain":0.0,"max_hp_loss":0.0,"gold_gain":0.0,"event_name":"SensoryStone","player_choice":"Memory 1","floor":37.0,"gold_loss":0.0,"damage_taken":0.0},{"damage_healed":0.0,"max_hp_gain":0.0,"max_hp_loss":4.0,"gold_gain":0.0,"event_name":"Winding Halls","player_choice":"Max HP","floor":38.0,"gold_loss":0.0,"damage_taken":0.0},{"damage_healed":0,"gold_gain":0,"player_choice":"Ignored","damage_taken":0,"max_hp_gain":0,"max_hp_loss":0,"event_name":"Tomb of Lord Red Mask","floor":44,"gold_loss":0}],"is_beta":false,"boss_relics":[{"not_picked":["SacredBark","Runic Cube"],"picked":"Busted Crown"},{"not_picked":["Runic Pyramid","Cursed Key"],"picked":"Black Star"}],"items_purged_floors":[39],"is_endless":false,"potions_floor_spawned":[1,2,6,11,13,29,33,35,36,41],"ascension_level":20}}