{"host":"0rn20prxkpuv2e47","time":1614087764,"event":{"mods":["100% Spire Juice","ATMod(阿瑾Mod)","Act Like it!","Arknights","Aspiration","BaseMod","Challenge The Spire","Downfall","Friendly Minions","Gensokyo","Hallownest","Hermit","Koishi","Minty Spire (QoL Compilation)","MostiFishMod","Reimu（博丽灵梦）","Remilia（蕾米莉亚）","Robot Space Explorer","StSLib","The Alterego","The Animator","The Blackbeard","The Bug Knight","The Construct","The Cursed","The Mystic","The Runesmith","The Senshi","The Servant 0.9.4","Warlord Emblem","[GremlinLeader]The Maniac","[IsaacMod]以撒尖塔","[功能]功能增强和修复MOD","noobMod","【功能Mod】聪明的最终Boss","【遗物卡牌】REMEMod"],"gold_per_floor":[114,114,114,114,64,64,98,117,142,208,215,215,215,238,238,333,333,345,345,355,350,373,415,34,34,34,138,138,63,77,407,407,541,541,588,605,570,570,570,607,614,614,614,604,631,713,713,725,725,899,899],"floor_reached":50,"language":"ZHS","playtime":2143,"items_purged":["HollowMod:QuickDashStart","HollowMod:QuickDashStart","HollowMod:NailStrikeStart","HollowMod:QuickDashStart","HollowMod:QuickDashStart","HollowMod:NailStrikeStart","HollowMod:QuickDashStart","HollowMod:FocusHealStart","HollowMod:NailStrikeStart","HollowMod:NailStrikeStart","HollowMod:SoulSplash+1","HollowMod:MantisMark+1","HollowMod:AwokenDreamNail+1","HollowMod:InfectedAttack+1","BettingIsNotGood+1","HollowMod:CornifersMapStart","HollowMod:CornifersMapStart+1","HollowMod:NewGlowingWomb","HollowMod:CornifersMapStart+1","HollowMod:TaintedHusks"],"score":969,"play_id":"45d360b9-3c4e-44fd-a40f-a2a827ed7c3f","local_time":"20210223214244","is_ascension_mode":false,"campfire_choices":[{"data":"HollowMod:AwokenDreamNail","floor":6,"key":"SMITH"},{"data":"HollowMod:MantisMark","floor":12,"key":"SMITH"},{"data":"AT_ShadowStep","floor":15,"key":"SMITH"},{"data":"HollowMod:NewInfectedGuardian","floor":25,"key":"SMITH"},{"data":"HollowMod:NewInfectedGuardian","floor":32,"key":"SMITH"},{"data":"REME_TwoStrings","floor":42,"key":"SMITH"},{"data":"HollowMod:NewInfectedGuardian","floor":47,"key":"SMITH"},{"data":"HollowMod:CloakDash","floor":49,"key":"SMITH"}],"circlet_count":0,"master_deck":["AT_ShadowStep+1","HollowMod:NewInfectedGuardian+1","HollowMod:CloakDash+1","HollowMod:NewInfectedGuardian+1","HollowMod:InfectedAttack","HollowMod:NewInfectedGuardian+1","Finesse+1","HollowMod:TaintedHusks+1","HollowMod:NewInfectedGuardian+1","REME_TwoStrings+1","MostiFishMod:ButterFly+1"],"relics":["HollowMod:VesselMask","ice","AT_ATBox","REME_ComplimentaryCards","HushsDoor","DaveBox","BirthdayGift-Icosahedron","SalivaCoin","aspiration:Nostalgia","champ:ChampionCrown","SynthV:TestCard","ImprovedEquipment","HollowMod:MantisClawRelic","Civilization","Gensokyo:Mercy","theSenshi:SailorFukuRelic","CaptainsWheel","OrangePellets","aspiration:HatOfInfinitePower","Bronze Scales","Art of War","Mango","Vajra","HollowMod:StagPassRelic","Chemical X","AT_TrinityForce","AT_RedTearstoneRing","AT_GoldPhoenixTree","Chaos","AT_ArchangelStaff","StoneCalendar","GreenFoldingFan","WarlordEmblem:GoldMime","Gremlin Horn","TheBean","BirthdayGift-Tetrahedron","WarlordEmblem:HatTrick","D6","Dodecahedron","AT_Kusabimaru","REME_ChargedStone","Bottled Lightning","JellyFishMachine","PreservedInsect","AT_GuinsooRageblade","aspiration:RunicSpoon","HereWithMe","AT_ImmortalShieldbow","Frozen Egg 2","Prayer Wheel"],"acts_visited":["Gensokyo:Gensokyo","Gensokyo:Gensokyoer","Gensokyo:Gensokyoest"],"potions_floor_usage":[23],"damage_taken":[{"damage":0,"enemies":"Gensokyo:2_Kodama","floor":1,"turns":2},{"damage":7,"enemies":"Gensokyo:Aya","floor":7,"turns":3},{"damage":0,"enemies":"Gensokyo:Python","floor":8,"turns":2},{"damage":28,"enemies":"Gensokyo:Cirno","floor":10,"turns":5},{"damage":7,"enemies":"Gensokyo:Gryphon","floor":14,"turns":2},{"damage":0,"enemies":"Gensokyo:Reimu","floor":16,"turns":4},{"damage":0,"enemies":"Gensokyo:2_Gloops","floor":18,"turns":2},{"damage":0,"enemies":"Gensokyo:3_Dogs","floor":20,"turns":2},{"damage":4,"enemies":"Gensokyo:Slime_Group","floor":22,"turns":2},{"damage":4,"enemies":"Gensokyo:Reisen","floor":23,"turns":2},{"damage":0,"enemies":"Gensokyo:Chomper_and_Gloop","floor":30,"turns":1},{"damage":3,"enemies":"Gensokyo:Swordslinger","floor":31,"turns":1},{"damage":13,"enemies":"Gensokyo:Eiki","floor":33,"turns":2},{"damage":10,"enemies":"Gensokyo:3_Boulders","floor":35,"turns":2},{"damage":0,"enemies":"Gensokyo:AncientGuardian","floor":36,"turns":1},{"damage":0,"enemies":"Gensokyo:Marisa","floor":40,"turns":1},{"damage":3,"enemies":"Gensokyo:Rafflesia","floor":45,"turns":1},{"damage":3,"enemies":"Hiden Room Battle","floor":46,"turns":1},{"damage":0,"enemies":"Gensokyo:4_Bats","floor":48,"turns":1},{"damage":2302,"enemies":"Gensokyo:Scarlet_Devils","floor":50,"turns":5}],"seed_played":"4986056440348539983","potions_obtained":[{"floor":10,"key":"Slimebound:ThreeZeroPotion"},{"floor":23,"key":"REME_GoldPotion"}],"is_trial":false,"path_per_floor":["M","$","?","?","$","R","E","M","T","E","?","R","$","M","R","B",null,"M","$","M","$","M","E","COS","R","T","?","$","?","M","M","R","B",null,"M","M","$","?","$","E","?","R","T","$","M","?","R","M","R","B"],"character_chosen":"THE_BUGKNIGHT","items_purchased":["ImprovedEquipment","HollowMod:MantisClawRelic","Civilization","HollowMod:AwokenDreamNail","theSenshi:SailorFukuRelic","CaptainsWheel","OrangePellets","Vajra","HollowMod:StagPassRelic","Chemical X","HollowMod:CornifersMapStart","HollowMod:NewGlowingWomb","AT_RedTearstoneRing","AT_GoldPhoenixTree","Chaos","HollowMod:SoulSplash","AT_ArchangelStaff","StoneCalendar","GreenFoldingFan","BettingIsNotGood","HollowMod:NewInfectedGuardian","TheBean","BirthdayGift-Tetrahedron","WarlordEmblem:HatTrick","Finesse","REME_TwoStrings","AT_Kusabimaru","REME_ChargedStone","Bottled Lightning","HollowMod:InfectedAttack","JellyFishMachine","PreservedInsect","AT_GuinsooRageblade","AT_ImmortalShieldbow","Frozen Egg 2","Prayer Wheel","MostiFishMod:ButterFly"],"campfire_rested":0,"item_purchase_floors":[2,2,2,5,5,5,5,13,13,13,13,17,19,19,19,19,21,21,21,21,21,28,28,28,28,34,37,37,37,37,39,39,39,44,44,44,44],"current_hp_per_floor":[75,75,75,75,75,75,70,73,73,48,41,41,41,38,38,43,98,103,103,108,108,113,118,118,118,118,101,101,106,122,133,133,136,136,141,146,146,146,146,151,127,127,127,127,148,144,144,160,160,0,0],"gold":899,"neow_bonus":"NOSTALGIA","is_daily":false,"chose_seed":false,"campfire_upgraded":8,"win_rate":0.0,"timestamp":1614087764,"path_taken":["M","$","?","?","$","R","E","?","T","E","?","R","$","M","R","BOSS","M","$","M","$","M","E","COS","R","T","?","$","?","M","?","R","BOSS","M","M","$","?","$","E","?","R","T","$","M","?","R","M","R","BOSS"],"items_purchased_type":["Relic","Relic","Relic","Card","Relic","Relic","Relic","Relic","Relic","Relic","Card","Card","Relic","Relic","Card","Card","Relic","Relic","Relic","Card","Card","Relic","Relic","Relic","Card","Card","Relic","Relic","Relic","Card","Relic","Relic","Relic","Relic","Relic","Relic","Card"],"build_version":"2020-12-22","purchased_purges":20,"victory":false,"max_hp_per_floor":[75,75,75,75,75,75,76,78,78,80,94,94,94,97,97,101,98,103,103,108,108,113,118,118,118,118,118,118,123,128,133,133,138,136,141,146,146,146,146,151,151,151,151,151,156,161,161,166,166,166,166],"card_choices":[{"not_picked":["HollowMod:PerfectDash","HollowMod:CloakDash"],"picked":"HollowMod:MantisMark","floor":1},{"not_picked":["HollowMod:SharpenedNail","HollowMod:GoodIntentions","HollowMod:NewLittleFool","HollowMod:theNailsmith"],"picked":"HollowMod:TaintedHusks","floor":7},{"not_picked":["HollowMod:DreamGate","HollowMod:SoulStrike","HollowMod:SharpenedNail","HollowMod:InfectionAssault","HollowMod:DoubleDash"],"picked":"SKIP","floor":8},{"not_picked":["HollowMod:MawleksShell","HollowMod:InfectionAssault","HollowMod:ShapeofUnn","HollowMod:DungDefenderAura"],"picked":"HollowMod:NewInfectedGuardian","floor":10},{"not_picked":["HollowMod:SharpenedNail","HollowMod:Grubsong","HollowMod:BlackTendrils","HollowMod:VengefulVoid"],"picked":"HollowMod:CloakDash","floor":14},{"not_picked":["HollowMod:MidwifesHunger","HollowMod:SlysStrikes","HollowMod:ElderbugsWisdom","HollowMod:Weaversong"],"picked":"HollowMod:NewInfectedGuardian","floor":16},{"not_picked":["HollowMod:DashSlash","HollowMod:NewGlowingWomb","HollowMod:InfectedCysts","HollowMod:VengefulSpirit+1"],"picked":"HollowMod:InfectedAttack","floor":18},{"not_picked":["HollowMod:RecoilStrike","HollowMod:CycloneSlash+1","HollowMod:ChannelNail+1","HollowMod:ShapeofUnn","HollowMod:HeavyBlow"],"picked":"SKIP","floor":20},{"not_picked":["HollowMod:CoiledNail","HollowMod:SoulStrike+1","HollowMod:HowlingWraiths","HollowMod:DashSlash"],"picked":"HollowMod:CornifersMapStart+1","floor":22},{"not_picked":["HollowMod:SoulStrike","HollowMod:LifebloodCocoon","HollowMod:InfectedAttack","HollowMod:VengefulVoid","HollowMod:PureNailStrike"],"picked":"SKIP","floor":23},{"not_picked":["HollowMod:WraithStrike","HollowMod:LifebloodCocoon","HollowMod:CrystalDash","HollowMod:InfectedAttack","HollowMod:InfectedCysts+1"],"picked":"SKIP","floor":30},{"not_picked":["HollowMod:CoiledNail","HollowMod:PureNailStrike+1","HollowMod:SiblingsShadow+1","HollowMod:NewJinnsSoul"],"picked":"HollowMod:TaintedHusks+1","floor":31},{"not_picked":["HollowMod:theNailsmith","HollowMod:LifebloodCore","HollowMod:AwokenDreamNail","HollowMod:MidwifesHunger"],"picked":"HollowMod:NewInfectedGuardian","floor":33},{"not_picked":["HollowMod:MothsMistake","HollowMod:MantisMark","HollowMod:ShadowDash","HollowMod:VengefulVoid+1"],"picked":"HollowMod:CornifersMapStart+1","floor":35},{"not_picked":["HollowMod:HowlingWraiths+1","HollowMod:DashSlash","HollowMod:CloakDash","HollowMod:SiblingsShadow","HollowMod:SharpenedNail"],"picked":"SKIP","floor":36},{"not_picked":["HollowMod:DoubleDash+1","HollowMod:SoulVessel+1","HollowMod:GoodIntentions+1","HollowMod:PureNailStrike+1","HollowMod:HeavyBlow+1"],"picked":"SKIP","floor":40},{"not_picked":["HollowMod:GoodIntentions+1","HollowMod:ShadowDash+1","HollowMod:ShapeofUnn+1","HollowMod:InfectedAttack","HollowMod:SoulStrike"],"picked":"SKIP","floor":45},{"not_picked":["HollowMod:ZotesMagnificence","HollowMod:WraithStrike+1","HollowMod:DashSlash+1","HollowMod:ShapeofUnn+1","HollowMod:GoodIntentions+1"],"picked":"SKIP","floor":45},{"not_picked":["HollowMod:NewJinnsSoul","HollowMod:CrystalDash+1","HollowMod:SoulStrike+1","HollowMod:GoodIntentions+1","HollowMod:InfectedAttack+1"],"picked":"SKIP","floor":48},{"not_picked":["HollowMod:GoodIntentions+1","HollowMod:NewJinnsSoul+1","HollowMod:AwokenDreamNail","HollowMod:CrystalDash","HollowMod:HeavyBlow"],"picked":"SKIP","floor":48}],"player_experience":175948,"relics_obtained":[{"floor":1,"key":"SynthV:TestCard"},{"floor":7,"key":"aspiration:HatOfInfinitePower"},{"floor":9,"key":"Bronze Scales"},{"floor":10,"key":"Art of War"},{"floor":23,"key":"WarlordEmblem:GoldMime"},{"floor":40,"key":"aspiration:RunicSpoon"},{"floor":43,"key":"HereWithMe"}],"event_choices":[{"damage_healed":0,"gold_gain":0,"player_choice":"Fight","damage_taken":0,"max_hp_gain":0,"max_hp_loss":0,"event_name":"HidenRoomEvent","floor":46,"gold_loss":0}],"is_beta":false,"boss_relics":[{"not_picked":["MagicMushroom","SacredBark"],"picked":"AT_TrinityForce"},{"not_picked":[]},{"not_picked":["WarlordEmblem:MantleLazz","theSenshi:FeatherClipsRelic"],"picked":"D6"},{"not_picked":[]}],"items_purged_floors":[5,5,5,5,5,5,5,5,5,5,21,37,37,37,37,37,37,37,44,44],"is_endless":false,"potions_floor_spawned":[1,7,8,8,10,10,14,16,16,18,20,20,23,23,30,33,33,33,35,35,36,40,45,46],"killed_by":"Gensokyo:Scarlet_Devils","ascension_level":0}}