{"host":"bf5upntvbdompq33","time":1614039549,"event":{"mods":["BaseMod","Bestiary","Colored Map","Colored Powertips","Curses Come First","Highlight Path","Minty Spire (QoL Compilation)","StSLib","ojb\u0027s Info Mod"],"gold_per_floor":[117,131,148,166,14,40,40,72,99,99,99,20,37,37,37],"floor_reached":14,"language":"ENG","playtime":560,"items_purged":[],"score":160,"play_id":"c5400eba-6ebf-4692-8a13-2caaabacac6f","local_time":"20210222171909","is_ascension_mode":true,"campfire_choices":[{"floor":7,"key":"REST"},{"floor":10,"key":"REST"}],"circlet_count":0,"master_deck":["AscendersBane","Strike_B","Strike_B","Strike_B","Defend_B","Defend_B","Defend_B","Defend_B","Zap","Dualcast","Ball Lightning","Chaos","Turbo","Undo","White Noise","Echo Form","Aggregate","Self Repair","Leap","Ball Lightning","Coolheaded"],"relics":["Cracked Core","NeowsBlessing","Runic Capacitor","CaptainsWheel","Dream Catcher","Blood Vial"],"acts_visited":["Exordium"],"potions_floor_usage":[6,8,8],"damage_taken":[{"damage":0,"enemies":"2 Louse","floor":1,"turns":1},{"damage":0,"enemies":"Jaw Worm","floor":2,"turns":1},{"damage":0,"enemies":"Cultist","floor":3,"turns":1},{"damage":23,"enemies":"3 Louse","floor":4,"turns":3},{"damage":36,"enemies":"3 Sentries","floor":6,"turns":9},{"damage":21,"enemies":"Lagavulin","floor":8,"turns":7},{"damage":19,"enemies":"Large Slime","floor":13,"turns":5},{"damage":24,"enemies":"Gremlin Nob","floor":14,"turns":3}],"seed_played":"8497054503139226530","potions_obtained":[{"floor":1,"key":"LiquidBronze"},{"floor":3,"key":"Block Potion"},{"floor":6,"key":"EssenceOfSteel"}],"is_trial":false,"path_per_floor":["M","M","M","M","$","E","R","E","T","R","?","$","M","E"],"character_chosen":"DEFECT","items_purchased":["Runic Capacitor","Leap","Ball Lightning"],"campfire_rested":2,"item_purchase_floors":[5,12,12],"current_hp_per_floor":[68,68,68,45,45,9,31,10,10,32,32,32,22,0,0],"gold":37,"neow_bonus":"THREE_ENEMY_KILL","is_daily":false,"chose_seed":false,"campfire_upgraded":0,"win_rate":0.0,"timestamp":1614039549,"path_taken":["M","M","M","M","$","E","R","E","T","R","?","$","M","E"],"items_purchased_type":["Relic","Card","Card"],"build_version":"2020-12-22","purchased_purges":0,"victory":false,"max_hp_per_floor":[75,75,75,75,75,75,75,75,75,75,75,75,75,75,75],"card_choices":[{"not_picked":["Force Field","Conserve Battery"],"picked":"Ball Lightning","floor":1},{"not_picked":["Stack","Hologram"],"picked":"Chaos","floor":2},{"not_picked":["Streamline","Genetic Algorithm"],"picked":"Turbo","floor":3},{"not_picked":["Coolheaded","Static Discharge"],"picked":"Undo","floor":4},{"not_picked":["Rip and Tear","Cold Snap"],"picked":"White Noise","floor":6},{"not_picked":["Recycle","Turbo"],"picked":"Echo Form","floor":8},{"not_picked":["Redo","Streamline"],"picked":"Aggregate","floor":10},{"not_picked":["Stack","Lockon"],"picked":"Coolheaded","floor":13}],"player_experience":1706022,"relics_obtained":[{"floor":6,"key":"CaptainsWheel"},{"floor":8,"key":"Dream Catcher"},{"floor":9,"key":"Blood Vial"}],"event_choices":[{"damage_healed":0,"gold_gain":0,"cards_transformed":["Strike_B"],"player_choice":"Change","damage_taken":0,"max_hp_gain":0,"max_hp_loss":0,"event_name":"Living Wall","floor":11,"gold_loss":0,"cards_obtained":["Self Repair"]}],"is_beta":false,"boss_relics":[],"items_purged_floors":[],"is_endless":false,"potions_floor_spawned":[1,3,6],"killed_by":"Gremlin Nob","ascension_level":12}}