{"host":"n3r7007bx0xr1slw","time":1614060280,"event":{"mods":["BaseMod","Colored Powertips","DeckTracker","Googly Eyes","Highlight Path","Minty Spire (QoL Compilation)","Relic Stats","StSLib"],"gold_per_floor":[110,110,110,126,126,157,178,178,205,239,239,275,275,326,326,452,452,477,181,181,199,220,220,220,258,258,272,272,285,285,328,328,328,328],"floor_reached":33,"language":"ENG","playtime":2038,"items_purged":["Strike_B"],"score":281,"play_id":"fc7e510f-9921-42df-948e-4b1080f52823","local_time":"20210223010440","is_ascension_mode":false,"campfire_choices":[{"floor":8,"key":"REST"},{"floor":11,"key":"REST"},{"floor":13,"key":"REST"},{"data":"Rebound","floor":15,"key":"SMITH"},{"floor":23,"key":"REST"},{"data":"Storm","floor":28,"key":"SMITH"},{"data":"Hello World","floor":30,"key":"SMITH"},{"floor":32,"key":"REST"}],"circlet_count":0,"master_deck":["Strike_B+1","Strike_B","Strike_B","Zap","Dualcast+1","Amplify","Storm+1","Self Repair","Coolheaded","Rebound+1","Echo Form","Capacitor+1","Stack+1","Redo+1","Cold Snap+1","Compile Driver","Hello World+1","Coolheaded","Heatsinks","Aggregate+1","White Noise+1","Double Energy+1"],"relics":["Cracked Core","Happy Flower","Golden Idol","Omamori","Bronze Scales","Akabeko","Blood Vial","Ancient Tea Set","Astrolabe","Orrery","Enchiridion","Red Mask","Pocketwatch","Mercury Hourglass"],"acts_visited":["Exordium","TheCity"],"potions_floor_usage":[7,10,12,27,31,33],"damage_taken":[{"damage":10,"enemies":"Small Slimes","floor":1,"turns":3},{"damage":1,"enemies":"2 Louse","floor":4,"turns":2},{"damage":31,"enemies":"Gremlin Nob","floor":6,"turns":4},{"damage":6,"enemies":"Jaw Worm","floor":7,"turns":4},{"damage":27,"enemies":"3 Sentries","floor":10,"turns":4},{"damage":4,"enemies":"Gremlin Nob","floor":12,"turns":3},{"damage":46,"enemies":"Slime Boss","floor":16,"turns":8},{"damage":29,"enemies":"Shell Parasite","floor":18,"turns":5},{"damage":40,"enemies":"2 Thieves","floor":21,"turns":4},{"damage":25,"enemies":"Chosen and Byrds","floor":22,"turns":6},{"damage":8,"enemies":"Masked Bandits","floor":25,"turns":3},{"damage":19,"enemies":"Centurion and Healer","floor":27,"turns":6},{"damage":12,"enemies":"Snecko","floor":29,"turns":4},{"damage":8,"enemies":"Book of Stabbing","floor":31,"turns":2},{"damage":42,"enemies":"Collector","floor":33,"turns":6}],"seed_played":"-6873012780494213947","potions_obtained":[{"floor":1,"key":"GamblersBrew"},{"floor":6,"key":"SteroidPotion"},{"floor":7,"key":"Explosive Potion"},{"floor":16,"key":"FairyPotion"},{"floor":18,"key":"DistilledChaos"},{"floor":21,"key":"SkillPotion"},{"floor":31,"key":"AttackPotion"}],"is_trial":false,"path_per_floor":["M","?","?","M","?","E","M","R","T","E","R","E","R","T","R","B",null,"M","$","?","M","M","R","?","?","T","M","R","M","R","E","R","B"],"character_chosen":"DEFECT","items_purchased":["Orrery","Heatsinks"],"campfire_rested":5,"item_purchase_floors":[19,19],"current_hp_per_floor":[65,53,53,52,38,7,8,28,28,8,28,31,51,51,51,14,69,47,47,47,9,13,33,17,18,18,15,15,12,12,13,33,0,0],"gold":328,"neow_bonus":"TRANSFORM_CARD","is_daily":false,"chose_seed":false,"campfire_upgraded":3,"win_rate":0.0,"timestamp":1614060280,"path_taken":["M","?","?","M","?","E","M","R","T","E","R","E","R","?","R","BOSS","M","$","?","M","M","R","?","?","T","M","R","M","R","E","R","BOSS"],"items_purchased_type":["Relic","Card"],"build_version":"2020-12-22","purchased_purges":1,"victory":false,"max_hp_per_floor":[75,75,69,69,69,69,69,69,69,69,69,69,69,69,69,69,69,69,69,69,69,69,69,69,69,69,69,69,69,69,69,69,69,69],"relic_stats":{"Blood Vial":16,"Happy Flower":[20],"counters":[15,64],"Golden Idol":88,"Bronze Scales":[123],"Astrolabe":["Capacitor","Stack","Redo"],"obtain_stats":[{"Happy Flower":2,"Golden Idol":3,"Astrolabe":17,"Enchiridion":24,"Omamori":6,"Ancient Tea Set":14,"Akabeko":10,"Mercury Hourglass":31,"Blood Vial":12,"Bronze Scales":9,"Orrery":19,"Red Mask":25,"Cracked Core":0,"Pocketwatch":26},{"Happy Flower":1,"Golden Idol":1,"Astrolabe":7,"Enchiridion":10,"Omamori":3,"Ancient Tea Set":6,"Akabeko":5,"Mercury Hourglass":14,"Blood Vial":6,"Bronze Scales":4,"Orrery":8,"Red Mask":11,"Cracked Core":0,"Pocketwatch":11},{"Happy Flower":3,"Golden Idol":3,"Astrolabe":28,"Enchiridion":43,"Omamori":9,"Ancient Tea Set":20,"Akabeko":17,"Mercury Hourglass":58,"Blood Vial":20,"Bronze Scales":13,"Orrery":33,"Red Mask":46,"Cracked Core":0,"Pocketwatch":46}],"Pocketwatch":[0],"Mercury Hourglass":[36]},"card_choices":[{"not_picked":["Double Energy","Stack"],"picked":"Storm","floor":1},{"not_picked":["Cold Snap","Beam Cell","Sweeping Beam"],"picked":"SKIP","floor":4},{"not_picked":["Steam","Leap"],"picked":"Self Repair","floor":6},{"not_picked":["Go for the Eyes","Steam"],"picked":"Coolheaded","floor":7},{"not_picked":["Gash","Seek","Reinforced Body"],"picked":"SKIP","floor":10},{"not_picked":["Undo","Cold Snap"],"picked":"Rebound","floor":12},{"not_picked":["Multi-Cast","Buffer"],"picked":"Echo Form","floor":16},{"not_picked":["Go for the Eyes+1","Rip and Tear+1"],"picked":"Cold Snap+1","floor":18},{"not_picked":["Sweeping Beam","FTL"],"picked":"Compile Driver","floor":19},{"not_picked":["Compile Driver","Undo"],"picked":"Hello World","floor":19},{"not_picked":["Rebound","Conserve Battery+1"],"picked":"Lockon+1","floor":19},{"not_picked":["Hologram","Reinforced Body"],"picked":"Coolheaded","floor":19},{"not_picked":["Streamline","Barrage"],"picked":"Aggregate+1","floor":21},{"not_picked":["Steam Power+1","Creative AI"],"picked":"White Noise+1","floor":22},{"not_picked":["Hologram+1","FTL+1"],"picked":"Double Energy+1","floor":25},{"not_picked":["Compile Driver","Leap+1","Coolheaded"],"picked":"SKIP","floor":27},{"not_picked":["Biased Cognition","Auto Shields","Barrage"],"picked":"SKIP","floor":29},{"not_picked":["Redo","Steam","Go for the Eyes"],"picked":"SKIP","floor":31}],"player_experience":154214,"relics_obtained":[{"floor":6,"key":"Omamori"},{"floor":9,"key":"Bronze Scales"},{"floor":10,"key":"Akabeko"},{"floor":12,"key":"Blood Vial"},{"floor":14,"key":"Ancient Tea Set"},{"floor":24,"key":"Enchiridion"},{"floor":25,"key":"Red Mask"},{"floor":26,"key":"Pocketwatch"},{"floor":31,"key":"Mercury Hourglass"}],"event_choices":[{"damage_healed":0,"gold_gain":0,"player_choice":"Success","damage_taken":12,"relics_obtained":["Happy Flower"],"max_hp_gain":0,"max_hp_loss":0,"event_name":"Scrap Ooze","floor":2,"gold_loss":0},{"damage_healed":0,"gold_gain":0,"player_choice":"Lose Max HP","damage_taken":0,"relics_obtained":["Golden Idol"],"max_hp_gain":0,"max_hp_loss":6,"event_name":"Golden Idol","floor":3,"gold_loss":0},{"damage_healed":0,"gold_gain":0,"player_choice":"Entered Light","damage_taken":14,"max_hp_gain":0,"max_hp_loss":0,"event_name":"Shining Light","floor":5,"gold_loss":0,"cards_upgraded":["Dualcast","Strike_B"]},{"cards_removed":["Lockon"],"damage_healed":0,"gold_gain":0,"player_choice":"Elegance","damage_taken":0,"max_hp_gain":0,"max_hp_loss":0,"event_name":"Back to Basics","floor":20,"gold_loss":0},{"damage_healed":0,"gold_gain":0,"player_choice":"Obtained Book","damage_taken":16,"max_hp_gain":0,"max_hp_loss":0,"event_name":"Cursed Tome","floor":24,"gold_loss":0},{"damage_healed":0,"gold_gain":0,"player_choice":"Fought Bandits","damage_taken":0,"max_hp_gain":0,"max_hp_loss":0,"event_name":"Masked Bandits","floor":25,"gold_loss":0}],"is_beta":false,"boss_relics":[{"not_picked":["Nuclear Battery","Fusion Hammer"],"picked":"Astrolabe"}],"items_purged_floors":[19],"is_endless":false,"potions_floor_spawned":[1,6,7,16,18,21,31],"killed_by":"Collector","ascension_level":0}}