{"host":"80x1ozqd5wpd4nvo","time":1614121328,"event":{"mods":["2.2 Compatiblity","Act Like it!","Aspiration","BaseMod","Better Altar","Better Match","Better Note","Better Sensory Stone","Better Skull","Better Third Choice","BetterRewards","Card Forge","Custom Start","DNKmod","Defuse TimeMaze Blight","Dota2Spire","Energized Spire","Friendly Minions","GifTheSpireLib","Hubris","Infinite Spire","Jedi Mod","Minty Spire (QoL Compilation)","MostiFishMod","Permanent Neow","Poor People Problems","Ruina","Shop Mod","Spicy Shops","StSLib","The Blue Laboratory","The Cursed","??????REMEMod"],"gold_per_floor":[1220,1235,25,25,25,64,90,119,145,198,222,265,49,82,82,220,220,308,308,332,366,316,360,360,405,405,405,444,124,144,144,144,270,270,300,323,323,351,371,420,420,420,446,446,484,538,6,35,35,65,65,65,3,52,82],"floor_reached":56,"language":"ENG","playtime":17593,"items_purged":["Decay"],"score":1407,"play_id":"20ebe401-90c3-4499-9e6d-1f48c0516a74","local_time":"20210224000208","is_ascension_mode":true,"campfire_choices":[{"data":"TheCursedMod:Neurasthenia","floor":15,"key":"SMITH"},{"data":"TheCursedMod:HellsGateOpen","floor":24,"key":"SMITH"},{"data":"TheCursedMod:HellfireBreathing","floor":31,"key":"SMITH"},{"data":"TheCursedMod:ForbiddenAlchemy","floor":32,"key":"SMITH"},{"floor":42,"key":"REST"},{"data":"Offering","floor":44,"key":"SMITH"},{"floor":49,"key":"RECALL"},{"data":"TheCursedMod:ManaCirculation","floor":52,"key":"SMITH"}],"circlet_count":0,"master_deck":["TheCursedMod:CursedWand","TheCursedMod:CleanUpWorkshop","TheCursedMod:CursedAmulet","TheCursedMod:RapidMovement","TheCursedMod:Grudge","TheCursedMod:AshesToAshes","TheCursedMod:DemonicPact+1","TheCursedMod:LuckyCharm","TheCursedMod:SpitefulPlan+1","TheCursedMod:CollectTribute","Offering+1","TheCursedMod:SpitefulPray","TheCursedMod:FleshFromBone","TheCursedMod:HellsGateOpen+1","MostiFishMod:SupremeArchaeology+1","jedi:RedIncense","TheCursedMod:StingEye","hubris:Greed","infinitespire:Collect+1","TheCursedMod:CursedStaff","TheCursedMod:AntiAging","TheCursedMod:Wield","TheCursedMod:ForbiddenAlchemy+1","TheCursedMod:SurpriseAttack","TheCursedMod:Neurasthenia+1","TheCursedMod:CircleOfCorruption","TheCursedMod:VoidForm","TheCursedMod:HellfireBreathing+1","TheCursedMod:CursedBoomerang","Clumsy","TheCursedMod:CircleOfAbyss","TheCursedMod:CursedShiv","ruina:HomingInstinct","TheCursedMod:ManaCirculation+1","TheCursedMod:Torture+1","TheCursedMod:ReleasedStrength","TheCursedMod:DarkBarrier","TheCursedMod:ReleasedKnowledge+1","TheCursedMod:CursedSpellbook+1","TheCursedMod:CircleOfFocus+1","Parasite","TheCursedMod:HellfireBreathing+1"],"relics":["TheCursedMod:CrystalBall","REME_ComplimentaryCards","DaveBox","DianPoetry","SynthV:TestCard","Frozen Eye","Eternal Feather","hubris:FunFungus","infinitespire:Satchel","Golden Idol","Toy Ornithopter","Bag of Marbles","Dota2Spire:LinkenSphere","hubris:SphereOfDissonance","Medical Kit","SacredBark","jedi:crownofsimplicity","jedi:arcanewood","ruina:FalsePresent","Dota2Spire:UrnOfShadows","TheCursedMod:Tack","Dota2Spire:EtherealBlade","War Paint","Gambling Chip","Letter Opener","energizedSpire:SpiderWeb","infinitespire:BottledMercury","jedi:cryingmask","Regal Pillow","Dota2Spire:ShadowBlade","Dota2Spire:HandOfMidas","ClockworkSouvenir","Turnip","Oddly Smooth Stone","Dota2Spire:BattleFury"],"acts_visited":["Exordium","Exordium","TheBeyond","TheEnding"],"potions_floor_usage":[11,11,11,11,11,11,16,16,16,16,18,18,18,18,20,20,20,20,20,20,21,21,21,21,21,23,25,25,25,25,28,28,28,28,28,33,33,33,33,33,33,33,33,33,35,35,36,36,36,36,38,38,38,38,38,39,39,39,40,40,40,40,45,46,50,50,50,50,50,50,50,50,50,54,55,55,55,55,55],"damage_taken":[{"damage":0,"enemies":"Cultist","floor":1,"turns":3},{"damage":7,"enemies":"Jaw Worm","floor":2,"turns":2},{"damage":6,"enemies":"Lagavulin","floor":6,"turns":3},{"damage":0,"enemies":"Small Slimes","floor":7,"turns":3},{"damage":0,"enemies":"3 Louse","floor":8,"turns":2},{"damage":6,"enemies":"Gremlin Nob","floor":10,"turns":2},{"damage":6,"enemies":"Red Slaver","floor":11,"turns":2},{"damage":15,"enemies":"3 Sentries","floor":12,"turns":3},{"damage":0,"enemies":"Large Slime","floor":14,"turns":1},{"damage":6,"enemies":"The Guardian","floor":16,"turns":3},{"damage":6,"enemies":"ruina:2_Scarecrows","floor":18,"turns":2},{"damage":6,"enemies":"ruina:Nosferatu","floor":20,"turns":2},{"damage":0,"enemies":"ruina:KnightOfDespair","floor":21,"turns":2},{"damage":8,"enemies":"ruina:ServantOfWrath","floor":23,"turns":3},{"damage":8,"enemies":"ruina:Mountain","floor":25,"turns":4},{"damage":6,"enemies":"ruina:RoadHome","floor":28,"turns":2},{"damage":6,"enemies":"ruina:Woodsman","floor":30,"turns":2},{"damage":8,"enemies":"ruina:Ozma","floor":33,"turns":3},{"damage":6,"enemies":"3 Darklings","floor":35,"turns":2},{"damage":0,"enemies":"Orb Walker","floor":36,"turns":3},{"damage":10,"enemies":"Sphere and 2 Shapes","floor":38,"turns":3},{"damage":10,"enemies":"Transient","floor":39,"turns":5},{"damage":6,"enemies":"Giant Head","floor":40,"turns":3},{"damage":18,"enemies":"Nemesis","floor":45,"turns":3},{"damage":18,"enemies":"Writhing Mass","floor":46,"turns":4},{"damage":0,"enemies":"Jaw Worm Horde","floor":48,"turns":2},{"damage":9,"enemies":"Time Eater","floor":50,"turns":6},{"damage":34,"enemies":"Shield and Spear","floor":54,"turns":4},{"damage":21,"enemies":"The Heart","floor":55,"turns":4}],"seed_played":"-977761068280892848","potions_obtained":[{"floor":2,"key":"jedi:wingpotion"},{"floor":7,"key":"SpeedPotion"},{"floor":10,"key":"FearPotion"},{"floor":12,"key":"Fire Potion"},{"floor":21,"key":"LiquidMemories"},{"floor":22,"key":"Weak Potion"},{"floor":25,"key":"Dexterity Potion"},{"floor":33,"key":"Fire Potion"},{"floor":35,"key":"Dota2Spire:Clarity"},{"floor":38,"key":"Fire Potion"},{"floor":39,"key":"GamblersBrew"},{"floor":45,"key":"ColorlessPotion"},{"floor":54,"key":"blueLaboratory:FrostheartPotion"}],"is_trial":false,"path_per_floor":["M","M","$","?","?","E","M","M","T","E","M","E","$","M","R","B",null,"M","?","M","M","?","E","R","E","T","?","E","$","M","R","R","B",null,"M","M","?","M","M","E","?","R","T","R","E","M","$","M","R","B",null,"R","$","E","B",null],"character_chosen":"THE_CURSED","items_purchased":["Frozen Eye","Eternal Feather","hubris:FunFungus","infinitespire:Satchel","TheCursedMod:HellsGateOpen","MostiFishMod:SupremeArchaeology","jedi:RedIncense","TheCursedMod:StingEye","Medical Kit","TheCursedMod:CircleOfCorruption","Gambling Chip","Letter Opener","ClockworkSouvenir","Turnip","Oddly Smooth Stone"],"campfire_rested":1,"item_purchase_floors":[3,3,3,3,3,3,3,3,13,13,29,29,47,47,53],"current_hp_per_floor":[100,93,93,93,92,86,91,93,93,90,98,87,87,87,100,102,102,104,42,74,103,99,98,106,102,102,100,94,94,88,88,100,102,102,103,106,106,102,108,104,28,76,76,100,96,94,94,96,114,114,114,114,114,90,99],"gold":82,"neow_bonus":"UPGRADE_CARD","is_daily":false,"chose_seed":false,"campfire_upgraded":6,"win_rate":0.0,"timestamp":1614121328,"path_taken":["M","?","$","?","?","E","M","M","T","E","M","E","$","M","R","BOSS","M","?","?","M","?","E","R","E","T","?","E","?","M","?","R","BOSS","M","M","?","M","M","E","?","?","T","R","E","?","$","M","R","BOSS","R","$","E","BOSS"],"items_purchased_type":["Relic","Relic","Relic","Relic","Card","Card","Card","Card","Relic","Card","Relic","Relic","Relic","Relic","Relic"],"build_version":"2020-12-22","purchased_purges":1,"victory":true,"max_hp_per_floor":[100,100,100,100,92,92,92,94,94,96,98,100,100,100,100,102,102,104,104,106,109,104,106,106,108,108,100,100,100,100,100,100,102,102,104,106,106,108,110,110,110,110,110,110,110,112,112,114,114,114,114,114,114,114,118],"card_choices":[{"not_picked":["TheCursedMod:VitalStrike","TheCursedMod:SoulReap"],"picked":"TheCursedMod:SpitefulPray","floor":1},{"not_picked":["TheCursedMod:RavingStaff","TheCursedMod:CircleOfWindfury","TheCursedMod:EmpowerCircles","TheCursedMod:RapidMovement"],"picked":"TheCursedMod:FleshFromBone","floor":2},{"not_picked":["infinitespire:DeathsTouch","infinitespire:Oblivion"],"picked":"infinitespire:Collect","floor":4},{"not_picked":["TheCursedMod:Stigma","TheCursedMod:Stretching","TheCursedMod:CursedArmor","TheCursedMod:CircleOfFlame"],"picked":"TheCursedMod:CursedStaff","floor":6},{"not_picked":["TheCursedMod:Grudge","TheCursedMod:BloodBarrier","TheCursedMod:CursedBlade","TheCursedMod:SpitefulPray"],"picked":"TheCursedMod:AntiAging","floor":7},{"not_picked":["TheCursedMod:RavingStaff","TheCursedMod:TacticalStrike","TheCursedMod:RapidMovement","TheCursedMod:WearCloak"],"picked":"TheCursedMod:Wield","floor":8},{"not_picked":["TheCursedMod:RapidMovement","TheCursedMod:FleshFromBone","TheCursedMod:ManaBullet","TheCursedMod:CursedBlade"],"picked":"TheCursedMod:ForbiddenAlchemy","floor":10},{"not_picked":["TheCursedMod:SoulCrush","TheCursedMod:VitalStrike","TheCursedMod:CursedAmulet","TheCursedMod:ManaBullet"],"picked":"TheCursedMod:SurpriseAttack","floor":11},{"not_picked":["TheCursedMod:HellsGateOpen","TheCursedMod:RapidMovement","TheCursedMod:EmpowerCircles","TheCursedMod:ShockAndAwe"],"picked":"TheCursedMod:Neurasthenia","floor":12},{"not_picked":["TheCursedMod:CursedArmor","TheCursedMod:SpreadPlague","TheCursedMod:CircleOfFlame","TheCursedMod:Stretching","TheCursedMod:SaltUponWound"],"picked":"SKIP","floor":14},{"not_picked":["TheCursedMod:AntiAging","TheCursedMod:UltimatePain","TheCursedMod:Neurasthenia","TheCursedMod:DarkBarrier"],"picked":"TheCursedMod:VoidForm","floor":16},{"not_picked":["TheCursedMod:TacticalStrike","TheCursedMod:CircleOfFlame","TheCursedMod:Torture","TheCursedMod:RapidMovement+1","TheCursedMod:TroublousMinions"],"picked":"SKIP","floor":18},{"not_picked":["TheCursedMod:Obscuration","TheCursedMod:ManaBullet+1","TheCursedMod:LuckyCharm+1","TheCursedMod:Stigma+1"],"picked":"TheCursedMod:HellfireBreathing","floor":20},{"not_picked":["TheCursedMod:WearCloak","TheCursedMod:PrepareRite","TheCursedMod:CircleOfAmplification","TheCursedMod:Obscuration"],"picked":"TheCursedMod:CursedBoomerang","floor":21},{"not_picked":["TheCursedMod:RavingStaff","TheCursedMod:CircleOfFocus","TheCursedMod:FleshFromBone","TheCursedMod:CircleOfFlame+1"],"picked":"TheCursedMod:CircleOfAbyss","floor":23},{"not_picked":["TheCursedMod:Hemoplague","TheCursedMod:CircleOfFlame+1","TheCursedMod:SurpriseAttack","TheCursedMod:WearCloak"],"picked":"TheCursedMod:CursedShiv","floor":25},{"not_picked":["ruina:FadedMemories","ruina:Mimicry","ruina:Smile","ruina:LoveAndHate"],"picked":"ruina:HomingInstinct","floor":27},{"not_picked":["TheCursedMod:CursedShiv","TheCursedMod:SaltUponWound+1","TheCursedMod:Torture","TheCursedMod:OutForBlood","TheCursedMod:SmokeScreen"],"picked":"SKIP","floor":28},{"not_picked":["TheCursedMod:Grudge+1","TheCursedMod:PrepareRite+1","TheCursedMod:SpreadPlague","TheCursedMod:Torture","TheCursedMod:AshesToAshes"],"picked":"SKIP","floor":30},{"not_picked":["TheCursedMod:CursedRelics","TheCursedMod:ParallelWorld","TheCursedMod:NeowsMight","TheCursedMod:AntiAging"],"picked":"TheCursedMod:ManaCirculation","floor":33},{"not_picked":["TheCursedMod:CursedShiv","TheCursedMod:Wield","TheCursedMod:CursedAmulet","TheCursedMod:FleshFromBone"],"picked":"TheCursedMod:Torture+1","floor":35},{"not_picked":["TheCursedMod:RavingStaff+1","TheCursedMod:CursedMace+1","TheCursedMod:Obscuration+1","TheCursedMod:WearCloak+1"],"picked":"TheCursedMod:ReleasedStrength","floor":36},{"not_picked":["TheCursedMod:CursedArmor","TheCursedMod:CircleOfFlame+1","TheCursedMod:RapidMovement+1","TheCursedMod:Mangle"],"picked":"TheCursedMod:DarkBarrier","floor":38},{"not_picked":["TheCursedMod:BlessingInDisguise","TheCursedMod:SpitefulStrike","TheCursedMod:CursedBoomerang+1","TheCursedMod:SoulCrush+1"],"picked":"TheCursedMod:ReleasedKnowledge+1","floor":39},{"not_picked":["TheCursedMod:WearCloak+1","TheCursedMod:TroublousMinions+1","TheCursedMod:ManaBullet+1","TheCursedMod:SpitefulPray+1"],"picked":"TheCursedMod:CursedSpellbook+1","floor":40},{"not_picked":["TheCursedMod:CursedMace+1","TheCursedMod:DemonSword","TheCursedMod:FuryStrike","TheCursedMod:SpitefulStrike+1","TheCursedMod:CursedShiv+1"],"picked":"SKIP","floor":45},{"not_picked":["TheCursedMod:CursedBlade+1","TheCursedMod:WearCloak+1","TheCursedMod:RavingStaff","TheCursedMod:CircleOfBlood+1"],"picked":"TheCursedMod:CircleOfFocus+1","floor":46},{"not_picked":["TheCursedMod:BloodBarrier","TheCursedMod:TroublousMinions","TheCursedMod:SurpriseAttack","TheCursedMod:SpitefulStrike","TheCursedMod:RapidMovement+1"],"picked":"SKIP","floor":48},{"not_picked":["TheCursedMod:TacticalStrike","TheCursedMod:SpitefulStrike","TheCursedMod:CursedAmulet","TheCursedMod:SaltUponWound+1"],"picked":"TheCursedMod:HellfireBreathing+1","floor":54}],"player_experience":288287,"relics_obtained":[{"floor":1,"key":"SynthV:TestCard"},{"floor":6,"key":"Toy Ornithopter"},{"floor":9,"key":"Bag of Marbles"},{"floor":10,"key":"Dota2Spire:LinkenSphere"},{"floor":12,"key":"hubris:SphereOfDissonance"},{"floor":23,"key":"Dota2Spire:UrnOfShadows"},{"floor":25,"key":"TheCursedMod:Tack"},{"floor":26,"key":"Dota2Spire:EtherealBlade"},{"floor":28,"key":"War Paint"},{"floor":40,"key":"infinitespire:BottledMercury"},{"floor":45,"key":"Dota2Spire:HandOfMidas"},{"floor":54,"key":"Dota2Spire:BattleFury"}],"event_choices":[{"damage_healed":0,"gold_gain":0,"player_choice":"Lose Max HP","damage_taken":0,"relics_obtained":["Golden Idol"],"max_hp_gain":0,"max_hp_loss":8,"event_name":"Golden Idol","floor":5,"gold_loss":0},{"damage_healed":0,"gold_gain":0,"player_choice":"RE RE UP ","damage_taken":68,"relics_obtained":["jedi:crownofsimplicity","jedi:arcanewood"],"max_hp_gain":0,"max_hp_loss":0,"event_name":"betterSkull:BetterSkull","floor":19,"gold_loss":0,"cards_upgraded":["TheCursedMod:SpitefulPlan"]},{"damage_healed":0,"gold_gain":0,"player_choice":"Ignored","damage_taken":0,"max_hp_gain":0,"max_hp_loss":0,"event_name":"Tomb of Lord Red Mask","floor":37,"gold_loss":0},{"damage_healed":0,"gold_gain":0,"player_choice":"RE RE RE ","damage_taken":82,"relics_obtained":["jedi:cryingmask","Regal Pillow","Dota2Spire:ShadowBlade"],"max_hp_gain":0,"max_hp_loss":0,"event_name":"betterSkull:BetterSkull","floor":41,"gold_loss":0,"cards_upgraded":[]}],"is_beta":false,"boss_relics":[{"not_picked":["TheCursedMod:OminousMark","jedi:hotpepper"],"picked":"SacredBark"},{"not_picked":["EE1DDrone","energizedSpire:StickyHand"],"picked":"energizedSpire:SpiderWeb"}],"items_purged_floors":[47],"is_endless":false,"potions_floor_spawned":[2,7,10,12,18,21,25,33,35,38,39,45,48,54],"ascension_level":1}}