{"host":"uzp1tn8qxn9571p9","time":1614076594,"event":{"mods":["Aspiration","BaseMod","Better Third Choice","Better Vampires","Bossed Relics","Colored Map","Colored Powertips","Curses Come First","Hermit","Marisa£®ÏF”Í°°ƒß¿Ì…≥£©","Minty Spire (QoL Compilation)","StSLib","The Jungle","The Marked","The Runesmith"],"gold_per_floor":[117,117,135,135,11,58,92,157,157,198,198,229,229,279,279,432,432,496,496,496,247,15,91,91,166,166,166,166,230,230,310,310,456,456,516,516,516,81,124,207,207,309,333,333,371,371,451,451,451,451,451,451,50,132,132],"floor_reached":56,"language":"ZHS","playtime":3329,"items_purged":["Strike_MRS","Strike_MRS","Burn"],"score":1500,"play_id":"71dfed89-5e21-4bad-adb0-7dd5f8139e0d","local_time":"20210223183634","is_ascension_mode":true,"campfire_choices":[{"data":"WitchOfGreed","floor":13.0,"key":"SMITH"},{"data":"WitchOfGreed","floor":15.0,"key":"SMITH"},{"data":"EscapeVelocity","floor":24.0,"key":"SMITH"},{"data":"UpSweep","floor":28.0,"key":"SMITH"},{"data":"GasGiant","floor":30.0,"key":"SMITH"},{"data":"MasterSpark","floor":32.0,"key":"SMITH"},{"data":"Madness","floor":41.0,"key":"SMITH"},{"data":"Madness","floor":44.0,"key":"SMITH"},{"data":"ShootingEcho","floor":46.0,"key":"SMITH"},{"floor":49.0,"key":"RECALL"},{"data":"ShootingEcho","floor":52.0,"key":"SMITH"}],"circlet_count":0,"master_deck":["Defend_MRS","Defend_MRS","Defend_MRS","Defend_MRS","MasterSpark+1","UpSweep+1","WitchLeyline","GasGiant+1","WitchOfGreed+1","WitchOfGreed+1","ShootingEcho+1","SuperPerseids","ShootingEcho+1","WitchLeyline","EscapeVelocity+1","SuperPerseids","ManaConvection+1","Acceleration+1","MysteriousBeam+1","Madness+1","Madness+1","ShootingEcho+1","CollectingQuirk"],"relics":["MiniHakkero","Boot","Pantograph","aspiration:BabyByrd","Singing Bowl","aspiration:ChemicalBlood","Bottled Lightning","Anchor","SlaversCollar","aspiration:RitualStick","Lee\u0027s Waffle","aspiration:Lifesprig","Happy Flower","Torii","HandmadeGrimoire","Omamori","Empty Cage","Bag of Preparation","Sling","aspiration:Nostalgia","Ring of the Snake","CatCart","Orichalcum","Regal Pillow","aspiration:AnachronicSnailShell","Strawberry"],"acts_visited":["Exordium","TheCity","TheBeyond","TheEnding"],"potions_floor_usage":[54,55,55,55,55,55,55,55,55],"damage_taken":[{"damage":7.0,"enemies":"Jaw Worm","floor":1.0,"turns":3.0},{"damage":0.0,"enemies":"2 Louse","floor":3.0,"turns":2.0},{"damage":26.0,"enemies":"3 Sentries","floor":6.0,"turns":8.0},{"damage":0.0,"enemies":"Small Slimes","floor":7.0,"turns":3.0},{"damage":20.0,"enemies":"Lagavulin","floor":8.0,"turns":8.0},{"damage":14.0,"enemies":"Gremlin Nob","floor":10.0,"turns":3.0},{"damage":0.0,"enemies":"3 Louse","floor":12.0,"turns":4.0},{"damage":0.0,"enemies":"Large Slime","floor":14.0,"turns":5.0},{"damage":23.0,"enemies":"Hexaghost","floor":16.0,"turns":9.0},{"damage":28.0,"enemies":"Shell Parasite","floor":18.0,"turns":5.0},{"damage":36.0,"enemies":"Slavers","floor":23.0,"turns":5.0},{"damage":11.0,"enemies":"Gremlin Leader","floor":25.0,"turns":4.0},{"damage":1.0,"enemies":"3 Byrds","floor":29.0,"turns":4.0},{"damage":29.0,"enemies":"Book of Stabbing","floor":31.0,"turns":4.0},{"damage":19.0,"enemies":"Champ","floor":33.0,"turns":5.0},{"damage":31.0,"enemies":"3 Darklings","floor":35.0,"turns":4.0},{"damage":1.0,"enemies":"3 Shapes","floor":39.0,"turns":3.0},{"damage":0.0,"enemies":"Giant Head","floor":40.0,"turns":4.0},{"damage":0.0,"enemies":"Orin","floor":42.0,"turns":3.0},{"damage":0.0,"enemies":"Spire Growth","floor":45.0,"turns":2.0},{"damage":18.0,"enemies":"Nemesis","floor":47.0,"turns":3.0},{"damage":33.0,"enemies":"Donu and Deca","floor":50.0,"turns":5.0},{"damage":11,"enemies":"Shield and Spear","floor":54,"turns":3},{"damage":74,"enemies":"The Heart","floor":55,"turns":5}],"seed_played":"8624538105774974999","potions_obtained":[{"floor":1.0,"key":"Strength Potion"},{"floor":6.0,"key":"BlessingOfTheForge"},{"floor":6.0,"key":"Fire Potion"},{"floor":8.0,"key":"Ancient Potion"},{"floor":8.0,"key":"EntropicBrew"},{"floor":10.0,"key":"DuplicationPotion"},{"floor":12.0,"key":"Energy Potion"},{"floor":14.0,"key":"BottledSpark"},{"floor":16.0,"key":"Dexterity Potion"},{"floor":23.0,"key":"Explosive Potion"},{"floor":23.0,"key":"SteroidPotion"},{"floor":25.0,"key":"Fruit Juice"},{"floor":29.0,"key":"LiquidBronze"},{"floor":45.0,"key":"EssenceOfSteel"},{"floor":47.0,"key":"Strength Potion"},{"floor":47.0,"key":"Fruit Juice"},{"floor":54,"key":"BottledSpark"},{"floor":55,"key":"Ancient Potion"},{"floor":55,"key":"PowerPotion"}],"is_trial":false,"path_per_floor":["M","?","M","?","$","E","M","E","T","E","?","M","R","M","R","B",null,"M","?","?","$","$","E","R","E","T","?","R","M","R","E","R","B",null,"M","?","?","$","M","E","R","?","T","R","M","R","E","T","R","B",null,"R","$","E","B",null],"character_chosen":"MARISA","items_purchased":["WitchOfGreed","Lee\u0027s Waffle","SuperPerseids","aspiration:Lifesprig","Bag of Preparation","Sling","aspiration:AnachronicSnailShell","FairyPotion"],"campfire_rested":0,"item_purchase_floors":[5,21,22,22,38,38,53,53],"current_hp_per_floor":[75,59,59,59,59,35,35,15,15,1,1,1,1,1,1,3,84,58,41,24,98,98,64,64,58,58,58,58,57,57,28,28,36,107,78,64,64,64,63,65,65,67,67,67,69,69,58,58,58,50,122,122,122,118,60],"gold":132,"neow_bonus":"TEN_PERCENT_HP_BONUS","is_daily":false,"chose_seed":false,"campfire_upgraded":10,"win_rate":0.0,"timestamp":1614076594,"path_taken":["M","?","M","?","$","E","M","E","T","E","?","?","R","M","R","BOSS","M","?","?","?","$","E","R","E","T","?","R","M","R","E","R","BOSS","M","?","?","$","M","E","R","?","T","R","M","R","E","?","R","BOSS","R","$","E","BOSS"],"items_purchased_type":["Card","Relic","Card","Relic","Relic","Relic","Relic","Potion"],"build_version":"2020-12-22","purchased_purges":3,"victory":true,"max_hp_per_floor":[82,82,82,82,82,84,84,84,84,84,84,84,84,84,84,84,84,86,86,91,98,98,100,100,105,105,105,105,105,105,105,105,107,107,109,109,109,109,109,111,111,113,113,113,115,115,122,122,122,122,122,122,122,129,129],"card_choices":[{"not_picked":["MeteoricShower","Orbital"],"picked":"WitchLeyline","floor":1.0},{"not_picked":["AsteroidBelt","IllusionStar"],"picked":"GasGiant","floor":3.0},{"not_picked":["Acceleration","MachineGunSpark","DragonMeteor"],"picked":"Singing Bowl","floor":6.0},{"not_picked":["DC","MysteriousBeam"],"picked":"WitchOfGreed","floor":7.0},{"not_picked":["GalacticHalo","UnstableBomb"],"picked":"ShootingEcho","floor":8.0},{"not_picked":["AsteroidBelt","Acceleration"],"picked":"SuperPerseids","floor":10.0},{"not_picked":["SatelliteIllusion","StarBarrage"],"picked":"ShootingEcho","floor":12.0},{"not_picked":["DoubleSpark","GalacticHalo"],"picked":"WitchLeyline","floor":14.0},{"not_picked":["BlazingStar","JA"],"picked":"EscapeVelocity","floor":16.0},{"not_picked":["FairyDestructionRay","ChargingUp","DoubleSpark"],"picked":"Singing Bowl","floor":18.0},{"not_picked":["SatelliteIllusion","MysteriousBeam","Acceleration"],"picked":"Singing Bowl","floor":23.0},{"not_picked":["SprinkleStarSeal","DoubleSpark"],"picked":"ManaConvection+1","floor":25.0},{"not_picked":["MysteriousBeam","MilkyWay"],"picked":"Acceleration+1","floor":29.0},{"not_picked":["FairyDestructionRay","IllusionStar+1"],"picked":"MysteriousBeam+1","floor":31.0},{"not_picked":["CasketOfStar","JA","TreasureHunter"],"picked":"Singing Bowl","floor":33.0},{"not_picked":["GravityBeat","SporeBomb","6A"],"picked":"Singing Bowl","floor":35.0},{"not_picked":["MachineGunSpark","6A+1"],"picked":"ShootingEcho+1","floor":39.0},{"not_picked":["LuminesStrike","IllusionStar","DC+1"],"picked":"Singing Bowl","floor":40.0},{"not_picked":["DC+1","SporeBomb","PropBag+1"],"picked":"Singing Bowl","floor":42.0},{"not_picked":["DarkMatter+1","JA","6A"],"picked":"Singing Bowl","floor":45.0},{"not_picked":["Robbery+1","UnstableBomb","6A"],"picked":"Singing Bowl","floor":47.0},{"not_picked":["UnstableBomb+1","AsteroidBelt+1"],"picked":"CollectingQuirk","floor":54}],"player_experience":446760,"relics_obtained":[{"floor":6.0,"key":"Singing Bowl"},{"floor":8.0,"key":"aspiration:ChemicalBlood"},{"floor":9.0,"key":"Bottled Lightning"},{"floor":10.0,"key":"Anchor"},{"floor":23.0,"key":"Happy Flower"},{"floor":25.0,"key":"Torii"},{"floor":26.0,"key":"HandmadeGrimoire"},{"floor":31.0,"key":"Omamori"},{"floor":40.0,"key":"aspiration:Nostalgia"},{"floor":42.0,"key":"CatCart"},{"floor":47.0,"key":"Orichalcum"},{"floor":48.0,"key":"Regal Pillow"},{"floor":54,"key":"Strawberry"}],"event_choices":[{"damage_healed":0.0,"max_hp_gain":0.0,"max_hp_loss":0.0,"gold_gain":1.0,"event_name":"betterThird:BetterScrap","player_choice":"Relic Relic ","floor":2.0,"gold_loss":0.0,"damage_taken":16.0,"cards_obtained":["Disarm"]},{"damage_healed":1.0,"max_hp_gain":0.0,"max_hp_loss":84.0,"gold_gain":0.0,"event_name":"betterThird:BetterShining","player_choice":"Embrace Burn","floor":11.0,"gold_loss":0.0,"damage_taken":0.0},{"damage_healed":0.0,"max_hp_gain":5.0,"max_hp_loss":0.0,"gold_gain":0.0,"event_name":"Forgotten Altar","player_choice":"Shed Blood","floor":20.0,"gold_loss":0.0,"damage_taken":22.0},{"damage_healed":0.0,"max_hp_gain":0.0,"max_hp_loss":0.0,"gold_gain":0.0,"event_name":"Vampires","player_choice":"Ignored","floor":27.0,"gold_loss":0.0,"damage_taken":0.0},{"damage_healed":0.0,"max_hp_gain":0.0,"max_hp_loss":0.0,"gold_gain":0.0,"event_name":"Winding Halls","player_choice":"Embrace Madness","floor":36.0,"gold_loss":0.0,"damage_taken":14.0,"cards_obtained":["Madness","Madness"]},{"damage_healed":0.0,"max_hp_gain":0.0,"max_hp_loss":0.0,"gold_gain":0.0,"event_name":"Tomb of Lord Red Mask","player_choice":"Ignored","floor":37.0,"gold_loss":0.0,"damage_taken":0.0},{"damage_healed":0.0,"max_hp_gain":0.0,"max_hp_loss":0.0,"gold_gain":0.0,"event_name":"OrinTheCat","player_choice":"Fight","floor":42.0,"gold_loss":0.0,"damage_taken":0.0}],"is_beta":false,"boss_relics":[{"not_picked":["BewitchedHakkero","aspiration:RunicSpoon"],"picked":"SlaversCollar"},{"not_picked":["aspiration:RunesmithSkillbook","Runic Dome"],"picked":"Empty Cage"}],"items_purged_floors":[5,21,38],"is_endless":false,"potions_floor_spawned":[1,6,10,12,14,23,25,29,39,40,45,47,54],"ascension_level":2}}