{"host":"insagfzijja1377g","time":1614091202,"event":{"mods":["BaseMod","Bestiary","Highlight Path","Minty Spire (QoL Compilation)","Relic Stats","Slay the Relics Exporter"],"gold_per_floor":[109,59,59,77,0,0,10,44,96,96,96,96,136,136,136,265,265,283,267,267,267,124,124,144,144,144,188,188,206,247,262,262,387,387,401,734,734,746,301,301,333,353,353,353,353,373,373,402,402,402,402,402,72,98,98],"floor_reached":56,"language":"ENG","playtime":3655,"items_purged":["Defend_P"],"score":1503,"play_id":"f0b14247-608d-471b-a369-cbdb72e7aeb2","local_time":"20210223084002","is_ascension_mode":true,"campfire_choices":[{"data":"FollowUp","floor":6.0,"key":"SMITH"},{"data":"SpiritShield","floor":11.0,"key":"SMITH"},{"data":"TalkToTheHand","floor":15,"key":"SMITH"},{"data":"BowlingBash","floor":23,"key":"SMITH"},{"data":"BowlingBash","floor":25,"key":"SMITH"},{"data":"Nirvana","floor":28,"key":"SMITH"},{"data":"EmptyFist","floor":32,"key":"SMITH"},{"data":"Tantrum","floor":40,"key":"SMITH"},{"floor":44,"key":"RECALL"},{"data":"Nirvana","floor":49,"key":"SMITH"},{"data":"Scrawl","floor":52,"key":"SMITH"}],"circlet_count":0,"master_deck":["Strike_P","Strike_P","Strike_P","Defend_P+1","Eruption","Vigilance","Worship+1","SpiritShield+1","BowlingBash+1","FollowUp+1","Vault","EmptyFist+1","TalkToTheHand+1","TalkToTheHand+1","Scrawl+1","ThirdEye","Nirvana+1","ThirdEye","ClearTheMind+1","Vault","BowlingBash+1","Crescendo","CutThroughFate","Tantrum+1","Protect+1","Adaptation","Devotion","InnerPeace","Master of Strategy","Consecrate+1","Indignation","Nirvana+1","SashWhip+1","FlurryOfBlows+1","Prostrate+1","Madness","Madness","Scrawl+1","LikeWater"],"relics":["PureWater","Oddly Smooth Stone","Happy Flower","Eternal Feather","Mummified Hand","VioletLotus","Pantograph","Orrery","Centennial Puzzle","Toy Ornithopter","Coffee Dripper","Potion Belt","Dead Branch","War Paint","Turnip","OrangePellets","Strawberry"],"acts_visited":["Exordium","TheCity","TheBeyond","TheEnding"],"potions_floor_usage":[27,42,50,55,55],"damage_taken":[{"damage":0.0,"enemies":"Cultist","floor":1.0,"turns":3.0},{"damage":2.0,"enemies":"2 Louse","floor":4.0,"turns":3.0},{"damage":2.0,"enemies":"Jaw Worm","floor":7.0,"turns":4.0},{"damage":6.0,"enemies":"Gremlin Nob","floor":8.0,"turns":4.0},{"damage":4,"enemies":"3 Sentries","floor":13,"turns":8},{"damage":8,"enemies":"The Guardian","floor":16,"turns":9},{"damage":13,"enemies":"Chosen","floor":18,"turns":7},{"damage":1,"enemies":"2 Thieves","floor":19,"turns":4},{"damage":9,"enemies":"Shelled Parasite and Fungi","floor":24,"turns":7},{"damage":0,"enemies":"Gremlin Leader","floor":27,"turns":6},{"damage":0,"enemies":"Snake Plant","floor":29,"turns":4},{"damage":5,"enemies":"Book of Stabbing","floor":30,"turns":5},{"damage":2,"enemies":"Cultist and Chosen","floor":31,"turns":7},{"damage":39,"enemies":"Automaton","floor":33,"turns":11},{"damage":0,"enemies":"3 Shapes","floor":35,"turns":6},{"damage":0,"enemies":"Orb Walker","floor":38,"turns":4},{"damage":0,"enemies":"Giant Head","floor":41,"turns":7},{"damage":0,"enemies":"Jaw Worm Horde","floor":42,"turns":6},{"damage":15,"enemies":"Writhing Mass","floor":46,"turns":6},{"damage":0,"enemies":"Nemesis","floor":48,"turns":6},{"damage":39,"enemies":"Donu and Deca","floor":50,"turns":8},{"damage":10,"enemies":"Shield and Spear","floor":54,"turns":7},{"damage":6,"enemies":"The Heart","floor":55,"turns":8}],"seed_played":"521744811502163705","potions_obtained":[{"floor":1.0,"key":"GamblersBrew"},{"floor":24,"key":"Block Potion"},{"floor":30,"key":"Block Potion"},{"floor":31,"key":"LiquidBronze"},{"floor":38,"key":"Swift Potion"},{"floor":41,"key":"DistilledChaos"},{"floor":54,"key":"DuplicationPotion"}],"is_trial":false,"path_per_floor":["M","?","?","M","$","R","M","E","T","?","R","?","E","T","R","B",null,"M","M","?","T","$","R","M","R","T","E","R","M","E","M","R","B",null,"M","?","?","M","$","R","E","M","T","R","?","M","?","E","R","B",null,"R","$","E","B",null],"character_chosen":"WATCHER","items_purchased":["Vault","Orrery","Potion Belt","Ambrosia","Indignation","Nirvana","OrangePellets","SpeedPotion","FearPotion","LikeWater"],"campfire_rested":0,"item_purchase_floors":[5,22,39,39,39,39,53,53,53,53],"current_hp_per_floor":[72,72,72,70,70,70,68,62,62,62,62,44,40,40,49,41,72,59,58,58,58,58,70,61,72,72,72,72,72,67,65,72,33,72,72,72,62,62,62,72,72,72,72,72,72,57,48,48,69,38,72,72,72,69,78],"gold":98,"neow_bonus":"TRANSFORM_TWO_CARDS","is_daily":false,"chose_seed":false,"campfire_upgraded":10,"win_rate":0.0,"timestamp":1614091202,"path_taken":["M","?","?","?","$","R","M","E","T","?","R","?","E","?","R","BOSS","M","M","?","?","?","R","M","R","T","E","R","M","E","?","R","BOSS","M","?","?","M","$","R","E","M","T","R","?","?","?","E","R","BOSS","R","$","E","BOSS"],"items_purchased_type":["Card","Relic","Relic","Potion","Card","Card","Relic","Potion","Potion","Card"],"build_version":"2020-12-22","purchased_purges":1,"victory":true,"max_hp_per_floor":[72,72,72,72,72,72,72,72,72,72,72,72,72,72,72,72,72,72,72,72,72,72,72,72,72,72,72,72,72,72,72,72,72,72,72,72,72,72,72,72,72,72,72,72,72,72,72,72,72,72,72,72,72,79,79],"relic_stats":{"Happy Flower":[42],"counters":[23,140],"Dead Branch":[58],"Eternal Feather":70,"War Paint":["Scrawl","Defend_P"],"OrangePellets":[4],"Centennial Puzzle":[21],"Mummified Hand":[62],"Pantograph":13,"VioletLotus":[26],"Turnip":[2],"obtain_stats":[{"Potion Belt":39,"Happy Flower":9,"Golden Idol":12,"Dead Branch":41,"Oddly Smooth Stone":8,"Eternal Feather":13,"War Paint":43,"OrangePellets":53,"Centennial Puzzle":27,"Mummified Hand":14,"Pantograph":21,"Strawberry":54,"Orrery":22,"VioletLotus":17,"Turnip":48,"Coffee Dripper":34,"PureWater":0,"Toy Ornithopter":30},{"Potion Belt":16,"Happy Flower":4,"Golden Idol":4,"Dead Branch":17,"Oddly Smooth Stone":4,"Eternal Feather":5,"War Paint":18,"OrangePellets":21,"Centennial Puzzle":10,"Mummified Hand":5,"Pantograph":8,"Strawberry":22,"Orrery":8,"VioletLotus":6,"Turnip":20,"Coffee Dripper":14,"PureWater":0,"Toy Ornithopter":12},{"Potion Belt":92,"Happy Flower":14,"Golden Idol":14,"Dead Branch":99,"Oddly Smooth Stone":14,"Eternal Feather":22,"War Paint":105,"OrangePellets":125,"Centennial Puzzle":55,"Mummified Hand":22,"Pantograph":42,"Strawberry":132,"Orrery":42,"VioletLotus":31,"Turnip":117,"Coffee Dripper":82,"PureWater":0,"Toy Ornithopter":64}],"Toy Ornithopter":10},"card_choices":[{"not_picked":["Conclude","MentalFortress"],"picked":"BowlingBash","floor":1.0},{"not_picked":["Protect","Pray"],"picked":"FollowUp","floor":4.0},{"not_picked":["JustLucky","EmptyBody"],"picked":"EmptyFist","floor":7.0},{"not_picked":["Vault","Collect"],"picked":"TalkToTheHand","floor":8.0},{"not_picked":["DeceiveReality","FlurryOfBlows"],"picked":"TalkToTheHand","floor":13},{"not_picked":["Blasphemy","Judgement"],"picked":"Scrawl","floor":16},{"not_picked":["EmptyFist+1","Crescendo"],"picked":"ThirdEye","floor":18},{"not_picked":["Protect","ClearTheMind"],"picked":"Nirvana","floor":19},{"not_picked":["PathToVictory","FollowUp"],"picked":"ThirdEye","floor":22},{"not_picked":["TalkToTheHand","InnerPeace+1"],"picked":"ClearTheMind+1","floor":22},{"not_picked":["SignatureMove","Prostrate"],"picked":"Vault","floor":22},{"not_picked":["Evaluate","Pray"],"picked":"BowlingBash","floor":22},{"not_picked":["Nirvana","CrushJoints"],"picked":"Crescendo","floor":22},{"not_picked":["EmptyBody","BowlingBash","ThirdEye"],"picked":"SKIP","floor":24},{"not_picked":["WheelKick+1","BowlingBash"],"picked":"CutThroughFate","floor":27},{"not_picked":["JustLucky+1","Collect"],"picked":"Tantrum","floor":29},{"not_picked":["SashWhip","Consecrate"],"picked":"Protect+1","floor":30},{"not_picked":["ForeignInfluence","ClearTheMind"],"picked":"Adaptation","floor":31},{"not_picked":["ConjureBlade","Omniscience"],"picked":"Devotion","floor":33},{"not_picked":["Evaluate+1","ThirdEye"],"picked":"InnerPeace","floor":35},{"not_picked":["Mind Blast","Trip"],"picked":"Master of Strategy","floor":37},{"not_picked":["ReachHeaven+1","BowlingBash"],"picked":"Consecrate+1","floor":38},{"not_picked":["ThirdEye+1","EmptyFist"],"picked":"SashWhip+1","floor":41},{"not_picked":["CrushJoints","Conclude+1"],"picked":"FlurryOfBlows+1","floor":42},{"not_picked":["Halt","ReachHeaven+1"],"picked":"Prostrate+1","floor":46},{"not_picked":["EmptyFist+1","ThirdEye"],"picked":"Scrawl","floor":48},{"not_picked":["EmptyBody","BowlingBash+1","Judgement"],"picked":"SKIP","floor":54}],"player_experience":2198823,"relics_obtained":[{"floor":8.0,"key":"Oddly Smooth Stone"},{"floor":9.0,"key":"Happy Flower"},{"floor":13,"key":"Eternal Feather"},{"floor":14,"key":"Mummified Hand"},{"floor":21,"key":"Pantograph"},{"floor":27,"key":"Centennial Puzzle"},{"floor":30,"key":"Toy Ornithopter"},{"floor":41,"key":"Dead Branch"},{"floor":43,"key":"War Paint"},{"floor":48,"key":"Turnip"},{"floor":54,"key":"Strawberry"}],"event_choices":[{"cards_removed":["Decay"],"damage_healed":0.0,"max_hp_gain":0.0,"max_hp_loss":0.0,"gold_gain":0.0,"event_name":"The Cleric","player_choice":"Card Removal","floor":2.0,"gold_loss":50.0,"damage_taken":0.0},{"damage_healed":0.0,"max_hp_gain":0.0,"max_hp_loss":0.0,"gold_gain":0.0,"event_name":"Upgrade Shrine","player_choice":"Upgraded","floor":3.0,"gold_loss":0.0,"damage_taken":0.0,"cards_upgraded":["Worship"]},{"damage_healed":0.0,"max_hp_gain":0.0,"max_hp_loss":0.0,"gold_gain":0.0,"event_name":"Living Wall","player_choice":"Grow","floor":10.0,"gold_loss":0.0,"damage_taken":0.0,"cards_upgraded":["TalkToTheHand"]},{"damage_healed":0.0,"max_hp_gain":0.0,"max_hp_loss":0.0,"gold_gain":0.0,"event_name":"Golden Idol","player_choice":"Take Damage","floor":12.0,"gold_loss":0.0,"damage_taken":18.0,"relics_obtained":["Golden Idol"]},{"damage_healed":0,"gold_gain":0,"player_choice":"Ignored","damage_taken":0,"max_hp_gain":0,"max_hp_loss":0,"event_name":"Ghosts","floor":20,"gold_loss":0},{"damage_healed":0,"gold_gain":333,"player_choice":"Gave Idol","damage_taken":0,"max_hp_gain":0,"max_hp_loss":0,"event_name":"The Moai Head","floor":36,"relics_lost":["Golden Idol"],"gold_loss":0},{"damage_healed":0,"gold_gain":0,"player_choice":"Memory 3","damage_taken":10,"max_hp_gain":0,"max_hp_loss":0,"event_name":"SensoryStone","floor":37,"gold_loss":0},{"cards_removed":["Defend_P"],"damage_healed":0,"gold_gain":0,"player_choice":"Offered Basic","damage_taken":0,"max_hp_gain":0,"max_hp_loss":0,"event_name":"Bonfire Elementals","floor":45,"gold_loss":0},{"damage_healed":0,"gold_gain":0,"player_choice":"Embrace Madness","damage_taken":9,"max_hp_gain":0,"max_hp_loss":0,"event_name":"Winding Halls","floor":47,"gold_loss":0,"cards_obtained":["Madness","Madness"]}],"is_beta":false,"boss_relics":[{"not_picked":["Sozu","Ectoplasm"],"picked":"VioletLotus"},{"not_picked":["Calling Bell","Astrolabe"],"picked":"Coffee Dripper"}],"items_purged_floors":[39],"is_endless":false,"potions_floor_spawned":[1,24,30,31,33,35,38,41,54],"ascension_level":3}}