{"host":"iv24d026eac8pm4e","time":1614118518,"event":{"mods":["BaseMod","Minty Spire (QoL Compilation)"],"gold_per_floor":[114,35,6,6,6,37,37,65,88,104,104,119,139,173,173,250,250,264,281,299,16,16,16,29,29,53,67,67,67],"floor_reached":28,"language":"ENG","playtime":1224,"items_purged":[],"score":576,"play_id":"8a5ec510-b0ce-42c9-bdef-c761697d807c","local_time":"20210223141518","is_ascension_mode":true,"campfire_choices":[{"data":"Deadly Poison","floor":7,"key":"SMITH"},{"data":"Bouncing Flask","floor":11,"key":"SMITH"},{"data":"Wraith Form v2","floor":15,"key":"SMITH"},{"data":"Concentrate","floor":23,"key":"SMITH"},{"data":"Adrenaline","floor":25,"key":"SMITH"}],"circlet_count":0,"master_deck":["AscendersBane","Strike_G","Strike_G","Strike_G","Defend_G+1","Defend_G","Defend_G","Defend_G+1","Defend_G","Survivor","Neutralize","Blur","Deadly Poison+1","Blade Dance","Dash","Dash","Bouncing Flask+1","Dodge and Roll","Blade Dance","Wraith Form v2+1","Adrenaline+1","Concentrate+1","Acrobatics","Tactician","Writhe"],"relics":["Ring of the Snake","NeowsBlessing","Gremlin Horn","Smiling Mask","War Paint","Meat on the Bone","Cursed Key","Kunai","Pen Nib"],"acts_visited":["Exordium","TheCity"],"potions_floor_usage":[14,14,16,20,28],"damage_taken":[{"damage":0,"enemies":"2 Louse","floor":1,"turns":1},{"damage":0,"enemies":"3 Sentries","floor":6,"turns":1},{"damage":0,"enemies":"Gremlin Nob","floor":8,"turns":1},{"damage":0,"enemies":"Cultist","floor":10,"turns":4},{"damage":0,"enemies":"Small Slimes","floor":12,"turns":3},{"damage":0,"enemies":"3 Louse","floor":13,"turns":3},{"damage":14,"enemies":"3 Sentries","floor":14,"turns":9},{"damage":35,"enemies":"Hexaghost","floor":16,"turns":12},{"damage":16,"enemies":"Shell Parasite","floor":18,"turns":6},{"damage":6,"enemies":"Spheric Guardian","floor":19,"turns":5},{"damage":6,"enemies":"Snecko","floor":20,"turns":6},{"damage":6,"enemies":"3 Cultists","floor":24,"turns":7},{"damage":15,"enemies":"Sentry and Sphere","floor":27,"turns":8},{"damage":42,"enemies":"Book of Stabbing","floor":28,"turns":5}],"seed_played":"3659651739651932201","potions_obtained":[{"floor":8,"key":"Regen Potion"},{"floor":12,"key":"Energy Potion"},{"floor":14,"key":"Block Potion"},{"floor":16,"key":"SneckoOil"},{"floor":20,"key":"Explosive Potion"},{"floor":27,"key":"SkillPotion"}],"is_trial":false,"path_per_floor":["M","?","$","?","?","E","R","E","T","M","R","M","M","E","R","B",null,"M","M","M","$","?","R","M","R","T","M","E"],"character_chosen":"THE_SILENT","items_purchased":["Deadly Poison","Kunai"],"campfire_rested":0,"item_purchase_floors":[3,21],"current_hp_per_floor":[59,59,59,64,64,64,64,64,64,64,64,64,64,63,63,40,63,47,41,47,47,47,47,41,41,41,38,0,0],"gold":67,"neow_bonus":"THREE_ENEMY_KILL","is_daily":false,"chose_seed":false,"campfire_upgraded":5,"win_rate":0.0,"timestamp":1614118518,"path_taken":["M","?","?","?","?","E","R","E","T","M","R","M","M","E","R","BOSS","M","M","M","$","?","R","M","R","T","M","E"],"items_purchased_type":["Card","Relic"],"build_version":"2020-12-22","purchased_purges":0,"victory":false,"max_hp_per_floor":[66,66,66,71,71,71,71,71,71,71,71,71,71,71,71,71,71,71,71,71,71,71,71,71,71,71,71,71,71],"card_choices":[{"not_picked":["Deflect","Tactician"],"picked":"Blur","floor":1},{"not_picked":["Cloak And Dagger","Backflip"],"picked":"Dash","floor":6},{"not_picked":["Outmaneuver","Infinite Blades"],"picked":"Dash","floor":8},{"not_picked":["Quick Slash","Heel Hook"],"picked":"Bouncing Flask","floor":10},{"not_picked":["Outmaneuver","Escape Plan"],"picked":"Dodge and Roll","floor":12},{"not_picked":["Quick Slash","Dagger Throw"],"picked":"Blade Dance","floor":13},{"not_picked":["Blade Dance","Dagger Throw"],"picked":"Wraith Form v2","floor":14},{"not_picked":["Venomology","Phantasmal Killer"],"picked":"Adrenaline","floor":16},{"not_picked":["Dagger Spray","Slice","Eviscerate"],"picked":"SKIP","floor":18},{"not_picked":["Prepared","Poisoned Stab+1"],"picked":"Concentrate","floor":19},{"not_picked":["Blade Dance","Underhanded Strike"],"picked":"Acrobatics","floor":20},{"not_picked":["Calculated Gamble","Deflect+1"],"picked":"Tactician","floor":24},{"not_picked":["Underhanded Strike","Poisoned Stab","Endless Agony"],"picked":"SKIP","floor":27}],"player_experience":2611665,"relics_obtained":[{"floor":6,"key":"Smiling Mask"},{"floor":8,"key":"War Paint"},{"floor":14,"key":"Meat on the Bone"},{"floor":26,"key":"Pen Nib"}],"event_choices":[{"damage_healed":0,"gold_gain":0,"player_choice":"Paid Gold","damage_taken":0,"relics_obtained":["Gremlin Horn"],"max_hp_gain":0,"max_hp_loss":0,"event_name":"WeMeetAgain","floor":2,"gold_loss":79},{"damage_healed":0,"gold_gain":0,"player_choice":"Donut","damage_taken":0,"max_hp_gain":5,"max_hp_loss":0,"event_name":"Big Fish","floor":4,"gold_loss":0},{"damage_healed":0,"gold_gain":0,"cards_transformed":["Strike_G"],"player_choice":"Change","damage_taken":0,"max_hp_gain":0,"max_hp_loss":0,"event_name":"Living Wall","floor":5,"gold_loss":0,"cards_obtained":["Blade Dance"]},{"cards_removed":["Strike_G"],"damage_healed":0,"gold_gain":0,"player_choice":"Offered Basic","damage_taken":0,"max_hp_gain":0,"max_hp_loss":0,"event_name":"Bonfire Elementals","floor":22,"gold_loss":0}],"is_beta":false,"boss_relics":[{"not_picked":["HoveringKite","Ectoplasm"],"picked":"Cursed Key"}],"items_purged_floors":[],"is_endless":false,"potions_floor_spawned":[8,12,14,16,20,27],"killed_by":"Book of Stabbing","ascension_level":20}}