{"host":"bsgp9wgausrmthh2","time":1614111202,"event":{"mods":["AchievementEnabler","BaseMod","Colored Map","Downfall","Minty Spire (QoL Compilation)","StSLib"],"gold_per_floor":[109,184,197,216,216,216,244,263,263,263,263,363,381,393,393,494,494,494,301,301,301,226,226,226,226,226,226,226,226,226,226,226,226,226],"floor_reached":33,"language":"ENG","playtime":1992,"items_purged":[],"score":249,"play_id":"74bdbd19-14db-4d79-8e2c-40e1a5ca173f","local_time":"20210223151322","is_ascension_mode":false,"campfire_choices":[{"floor":6,"key":"RECALL"},{"floor":10,"key":"REST"},{"data":"Go for the Eyes","floor":15,"key":"SMITH"},{"data":"J.A.X.","floor":23,"key":"SMITH"},{"data":"Loop","floor":29,"key":"SMITH"},{"floor":32,"key":"REST"}],"circlet_count":0,"master_deck":["Strike_B","Strike_B","Strike_B","Defend_B","Defend_B","Defend_B","Defend_B","Zap","Dualcast","Compile Driver","Go for the Eyes+1","Machine Learning","Conserve Battery","Turbo","Redo","Steam","Core Surge","Cold Snap+1","Loop+1","Leap","Stack","Sweeping Beam","J.A.X.+1","Beam Cell+1","BootSequence","Turbo+1","Beam Cell","Gash+1","Rebound+1","Skim","Coolheaded+1"],"relics":["Cracked Core","NeowsBlessing","Oddly Smooth Stone","Eternal Feather","Ectoplasm","Prayer Wheel"],"acts_visited":["Exordium","TheCity"],"potions_floor_usage":[8],"damage_taken":[{"damage":0,"enemies":"Cultist","floor":1,"turns":1},{"damage":0,"enemies":"Small Slimes","floor":3,"turns":1},{"damage":0,"enemies":"2 Louse","floor":4,"turns":1},{"damage":40,"enemies":"Lagavulin","floor":7,"turns":6},{"damage":15,"enemies":"Exordium Thugs","floor":8,"turns":5},{"damage":0,"enemies":"Blue Slaver","floor":13,"turns":3},{"damage":0,"enemies":"Large Slime","floor":14,"turns":5},{"damage":30,"enemies":"The Guardian","floor":16,"turns":13},{"damage":7,"enemies":"Shell Parasite","floor":18,"turns":8},{"damage":3,"enemies":"Spheric Guardian","floor":24,"turns":3},{"damage":11,"enemies":"3 Cultists","floor":25,"turns":6},{"damage":21,"enemies":"Centurion and Healer","floor":28,"turns":8},{"damage":3,"enemies":"Shelled Parasite and Fungi","floor":30,"turns":6},{"damage":31,"enemies":"Snake Plant","floor":31,"turns":5},{"damage":70,"enemies":"Champ","floor":33,"turns":10}],"seed_played":"6729249541796528080","potions_obtained":[{"floor":4,"key":"SteroidPotion"},{"floor":7,"key":"SmokeBomb"},{"floor":8,"key":"Fruit Juice"},{"floor":16,"key":"SpeedPotion"}],"is_trial":false,"path_per_floor":["M","?","M","M","?","R","E","M","T","R","?","?","M","M","R","B",null,"M","$","?","?","?","R","M","M","T","?","M","R","M","M","R","B"],"character_chosen":"DEFECT","items_purchased":["Loop","Leap","Stack","Sweeping Beam"],"campfire_rested":2,"item_purchase_floors":[19,19,19,19],"current_hp_per_floor":[75,64,64,64,64,64,24,14,14,47,47,47,47,47,56,26,80,73,73,73,73,73,80,77,66,66,66,45,60,57,26,68,0,0],"gold":226,"neow_bonus":"THREE_ENEMY_KILL","is_daily":false,"chose_seed":false,"campfire_upgraded":3,"win_rate":0.0,"timestamp":1614111202,"path_taken":["M","?","M","M","?","R","E","M","T","R","?","?","M","M","R","BOSS","M","$","?","?","?","R","M","M","T","?","M","R","?","M","R","BOSS"],"items_purchased_type":["Card","Card","Card","Card"],"build_version":"2020-12-22","purchased_purges":0,"victory":false,"max_hp_per_floor":[75,75,75,75,75,75,75,80,80,80,80,80,80,80,80,80,80,80,80,80,80,80,80,80,80,80,80,80,80,80,80,80,80,80],"card_choices":[{"not_picked":["Ball Lightning","Barrage"],"picked":"Compile Driver","floor":1},{"not_picked":["Melter","Turbo"],"picked":"Go for the Eyes","floor":3},{"not_picked":["Heatsinks","Reprogram"],"picked":"Machine Learning","floor":4},{"not_picked":["Hologram","Blizzard"],"picked":"Conserve Battery","floor":7},{"not_picked":["Doom and Gloom","Hologram"],"picked":"Turbo","floor":8},{"not_picked":["All For One","Go for the Eyes"],"picked":"Redo","floor":13},{"not_picked":["Compile Driver","Barrage"],"picked":"Steam","floor":14},{"not_picked":["Biased Cognition","Fission"],"picked":"Core Surge","floor":16},{"not_picked":["Compile Driver","Hologram"],"picked":"Cold Snap+1","floor":18},{"not_picked":["Redo+1","Barrage"],"picked":"Beam Cell","floor":24},{"not_picked":["Glacier","Blizzard+1"],"picked":"BootSequence","floor":25},{"not_picked":["Redo","Cold Snap+1"],"picked":"Turbo+1","floor":28},{"not_picked":["Tempest","Cold Snap"],"picked":"Beam Cell","floor":28},{"not_picked":["Leap+1","Hyperbeam"],"picked":"Gash+1","floor":30},{"not_picked":["Redo+1","Consume"],"picked":"Rebound+1","floor":30},{"not_picked":["Stack","Lockon"],"picked":"Skim","floor":31},{"not_picked":["Hologram","Scrape+1"],"picked":"Coolheaded+1","floor":31}],"player_experience":349579,"relics_obtained":[{"floor":7,"key":"Oddly Smooth Stone"},{"floor":9,"key":"Eternal Feather"},{"floor":26,"key":"Prayer Wheel"}],"event_choices":[{"damage_healed":0,"gold_gain":75,"player_choice":"Gather Gold","damage_taken":11,"max_hp_gain":0,"max_hp_loss":0,"event_name":"World of Goop","floor":2,"gold_loss":0},{"damage_healed":0,"gold_gain":0,"player_choice":"Ignored","damage_taken":0,"max_hp_gain":0,"max_hp_loss":0,"event_name":"Liars Game","floor":5,"gold_loss":0},{"damage_healed":0,"gold_gain":0,"player_choice":"Ignored","damage_taken":0,"max_hp_gain":0,"max_hp_loss":0,"event_name":"Golden Wing","floor":11,"gold_loss":0},{"damage_healed":0,"gold_gain":100,"player_choice":"Pray","damage_taken":0,"max_hp_gain":0,"max_hp_loss":0,"event_name":"Golden Shrine","floor":12,"gold_loss":0},{"damage_healed":0,"gold_gain":0,"player_choice":"Obtain J.A.X.","damage_taken":0,"max_hp_gain":0,"max_hp_loss":0,"event_name":"Drug Dealer","floor":21,"gold_loss":0,"cards_obtained":["J.A.X."]},{"cards_removed":["Strike_B"],"damage_healed":0,"gold_gain":0,"player_choice":"Gave Gold","damage_taken":0,"max_hp_gain":0,"max_hp_loss":0,"event_name":"Beggar","floor":22,"gold_loss":75},{"damage_healed":0,"gold_gain":0,"player_choice":"Upgraded","damage_taken":0,"max_hp_gain":0,"max_hp_loss":0,"event_name":"Upgrade Shrine","floor":27,"gold_loss":0,"cards_upgraded":["Beam Cell"]}],"is_beta":false,"boss_relics":[{"not_picked":["Pandora\u0027s Box","Fusion Hammer"],"picked":"Ectoplasm"}],"items_purged_floors":[],"is_endless":false,"potions_floor_spawned":[4,7,8,16,28,31],"killed_by":"Champ","ascension_level":0}}