{"host":"i45hfqkcke4zequp","time":1614082334,"event":{"mods":["AchievementEnabler","BaseMod","BetterRewards","Minty Spire (QoL Compilation)","Permanent Neow","Shop Mod","SuperFastMode"],"gold_per_floor":[109,128,142,142,317,317,347,347,347,376,376,446,446,458,458,556,556,575,592,592,524,434,434,446,459,459,459,459],"floor_reached":27,"language":"KOR","playtime":2441,"items_purged":[],"score":505,"play_id":"708a3097-0031-49f7-bbd4-57714f9e02b8","local_time":"20210223211214","is_ascension_mode":true,"campfire_choices":[{"floor":6.0,"key":"REST"},{"floor":8,"key":"REST"},{"floor":11,"key":"REST"},{"data":"Crescendo","floor":15,"key":"SMITH"},{"floor":23,"key":"REST"}],"circlet_count":0,"master_deck":["Strike_P","Strike_P","Strike_P","Strike_P","Defend_P","Defend_P","Defend_P","Defend_P","Eruption","Vigilance","FlyingSleeves","FlurryOfBlows","CrushJoints","ReachHeaven","EmptyBody","JustLucky","Crescendo+1","Omniscience","CarveReality","EmptyBody","FlurryOfBlows+1","Nirvana+1","Wireheading+1","ThirdEye+1"],"relics":["PureWater","Frozen Egg 2","Bird Faced Urn","Gambling Chip","Odd Mushroom","Mummified Hand","Pocketwatch","InkBottle","White Beast Statue","Fusion Hammer","Mango"],"acts_visited":["Exordium","TheCity"],"potions_floor_usage":[10,10,16,25,27,27],"damage_taken":[{"damage":0.0,"enemies":"Cultist","floor":1.0,"turns":2.0},{"damage":5.0,"enemies":"2 Louse","floor":2.0,"turns":2.0},{"damage":0.0,"enemies":"Small Slimes","floor":3.0,"turns":2.0},{"damage":13,"enemies":"The Mushroom Lair","floor":7,"turns":4},{"damage":24,"enemies":"3 Sentries","floor":10,"turns":8},{"damage":1,"enemies":"Looter","floor":14,"turns":2},{"damage":0,"enemies":"Slime Boss","floor":16,"turns":5},{"damage":20,"enemies":"3 Byrds","floor":18,"turns":7},{"damage":0,"enemies":"Spheric Guardian","floor":19,"turns":2},{"damage":21,"enemies":"Snake Plant","floor":24,"turns":4},{"damage":0,"enemies":"Snecko","floor":25,"turns":2},{"damage":2,"enemies":"Gremlin Leader","floor":27,"turns":4}],"seed_played":"-7370122271140390235","potions_obtained":[{"floor":1.0,"key":"LiquidBronze"},{"floor":3.0,"key":"Dexterity Potion"},{"floor":14,"key":"Swift Potion"},{"floor":16,"key":"Dexterity Potion"},{"floor":18,"key":"LiquidMemories"},{"floor":19,"key":"Ancient Potion"},{"floor":24,"key":"LiquidMemories"},{"floor":25,"key":"Energy Potion"}],"is_trial":false,"path_per_floor":["M","M","M","?","?","R","?","R","T","E","R","T","T","M","R","B",null,"M","M","?","$","?","R","M","M","T","E"],"character_chosen":"WATCHER","items_purchased":["Frozen Egg 2","FlyingSleeves","Nirvana+1"],"campfire_rested":4,"item_purchase_floors":[0,0,21],"current_hp_per_floor":[33,28,28,28,28,49,36,57,57,33,54,54,54,53,53,53,67,47,47,47,47,47,68,49,51,65,65,65],"gold":459,"neow_bonus":"","is_daily":false,"chose_seed":false,"campfire_upgraded":1,"win_rate":0.0,"timestamp":1614082334,"path_taken":["M","?","M","?","?","R","?","R","T","E","R","?","?","M","R","BOSS","M","M","?","$","?","R","M","?","T","E"],"items_purchased_type":["Relic","Card","Card"],"build_version":"2020-12-22","purchased_purges":0,"victory":false,"max_hp_per_floor":[72,72,72,72,72,72,72,72,72,72,72,72,72,72,72,72,72,72,72,72,72,72,72,72,72,86,86,86],"card_choices":[{"not_picked":["Indignation","Sanctity"],"picked":"FlurryOfBlows","floor":1.0},{"not_picked":["FlyingSleeves","ThirdEye"],"picked":"CrushJoints","floor":2.0},{"not_picked":["Evaluate","CrushJoints"],"picked":"ReachHeaven","floor":3.0},{"not_picked":["EmptyFist","Wallop"],"picked":"EmptyBody","floor":7},{"not_picked":["FlyingSleeves","CutThroughFate"],"picked":"JustLucky","floor":10},{"not_picked":["Judgement","Perseverance"],"picked":"Crescendo","floor":14},{"not_picked":["Scrawl","Judgement"],"picked":"Omniscience","floor":16},{"not_picked":["Swivel","EmptyBody+1"],"picked":"CarveReality","floor":18},{"not_picked":["Crescendo","Meditate"],"picked":"EmptyBody","floor":19},{"not_picked":["FlurryOfBlows","EmptyMind"],"picked":"Wireheading+1","floor":24},{"not_picked":["WheelKick","Consecrate"],"picked":"ThirdEye+1","floor":25}],"player_experience":598280,"relics_obtained":[{"floor":7,"key":"Odd Mushroom"},{"floor":9,"key":"Mummified Hand"},{"floor":10,"key":"Pocketwatch"},{"floor":12,"key":"InkBottle"},{"floor":13,"key":"White Beast Statue"},{"floor":26,"key":"Mango"}],"event_choices":[{"damage_healed":0.0,"max_hp_gain":0.0,"max_hp_loss":0.0,"gold_gain":0.0,"event_name":"Scrap Ooze","player_choice":"Fled","floor":4.0,"gold_loss":0.0,"damage_taken":0.0},{"damage_healed":0.0,"max_hp_gain":0.0,"max_hp_loss":0.0,"gold_gain":175.0,"event_name":"Liars Game","player_choice":"AGREE","floor":5.0,"gold_loss":0.0,"damage_taken":0.0,"cards_obtained":["Doubt"]},{"damage_healed":0,"gold_gain":0,"player_choice":"Fought Mushrooms","damage_taken":0,"max_hp_gain":0,"max_hp_loss":0,"event_name":"Mushrooms","floor":7,"gold_loss":0},{"damage_healed":0,"gold_gain":0,"player_choice":"Read","damage_taken":0,"max_hp_gain":0,"max_hp_loss":0,"event_name":"The Library","floor":20,"gold_loss":0,"cards_obtained":["FlurryOfBlows"]},{"cards_removed":["Doubt"],"damage_healed":0,"gold_gain":0,"player_choice":"Upgrade and Remove","damage_taken":0,"max_hp_gain":0,"max_hp_loss":0,"event_name":"Designer","floor":22,"gold_loss":90,"cards_upgraded":["FlurryOfBlows"]}],"is_beta":false,"boss_relics":[{"not_picked":["Pandora\u0027s Box","Ectoplasm"],"picked":"Fusion Hammer"}],"items_purged_floors":[],"is_endless":false,"potions_floor_spawned":[1,3,14,16,18,19,24,25],"killed_by":"Gremlin Leader","ascension_level":8}}