{"host":"y89x8uui45kcjy42","time":1614088572,"event":{"mods":["2.2 Compatiblity","BaseMod","CapriCore","Colored Map","Colored Powertips","Custom Start","Friendly Minions","Keyboard Shortcuts","Minty Spire (QoL Compilation)","Relic Stats","Slay the Relics Exporter","StSLib","SuperFastMode","Uncapped"],"gold_per_floor":[118,134,134,134,145,145,145,174,224,224,87,87,87,87,87,163,163,177,19,29,29,29,29,47,116,139,139,139,139,189,189,189,267,267,285,295,310,310,310,310,310,330,353,353,353,386,219,270,270,270,270,270,270,142,170,170],"floor_reached":57,"language":"KOR","playtime":1345,"items_purged":["Deadly Poison+1"],"score":3065,"play_id":"11cef126-ddba-4980-867b-a696e5a15578","local_time":"20210223225612","is_ascension_mode":true,"campfire_choices":[{"data":"Catalyst","floor":6.0,"key":"SMITH"},{"data":"Acrobatics","floor":7.0,"key":"SMITH"},{"data":"Deadly Poison","floor":10.0,"key":"SMITH"},{"data":"Caltrops","floor":12.0,"key":"SMITH"},{"data":"Backflip","floor":13.0,"key":"SMITH"},{"data":"Survivor","floor":15.0,"key":"SMITH"},{"data":"A Thousand Cuts","floor":23.0,"key":"SMITH"},{"data":"Blade Dance","floor":28.0,"key":"SMITH"},{"data":"Die Die Die","floor":29.0,"key":"SMITH"},{"floor":32.0,"key":"RECALL"},{"floor":40.0,"key":"REST"},{"floor":44.0,"key":"REST"},{"floor":49.0,"key":"REST"},{"floor":53.0,"key":"REST"}],"circlet_count":0,"master_deck":["Survivor+1","Neutralize+1","Noxious Fumes+1","Quick Slash+1","Acrobatics+1","Catalyst+1","Backflip+1","Caltrops+1","Envenom+1","A Thousand Cuts+1","Die Die Die+1","Blade Dance+1","Adrenaline+1","After Image+1","After Image+1","Blur+1","Accuracy+1","Infinite Blades+1"],"relics":["Ring of the Serpent","Snake Skull","Paper Crane","Torii","Ninja Scroll","WristBlade","SlaversCollar","Potion Belt","Juzu Bracelet","MutagenicStrength","WingedGreaves","SacredBark","Potion Belt","Mummified Hand","Ornamental Fan","Lantern","OrangePellets","Calipers","Art of War"],"acts_visited":["Exordium","TheCity","TheBeyond","TheEnding"],"potions_floor_usage":[56,56,56,56,56],"damage_taken":[{"damage":9.0,"enemies":"Small Slimes","floor":1.0,"turns":3.0},{"damage":6.0,"enemies":"Cultist","floor":2.0,"turns":4.0},{"damage":0.0,"enemies":"2 Louse","floor":5.0,"turns":2.0},{"damage":4.0,"enemies":"Lagavulin","floor":8.0,"turns":5.0},{"damage":5.0,"enemies":"Hexaghost","floor":16.0,"turns":4.0},{"damage":33.0,"enemies":"Spheric Guardian","floor":18.0,"turns":4.0},{"damage":6.0,"enemies":"3 Byrds","floor":20.0,"turns":2.0},{"damage":13.0,"enemies":"3 Cultists","floor":24.0,"turns":3.0},{"damage":0.0,"enemies":"Automaton","floor":33.0,"turns":4.0},{"damage":1.0,"enemies":"Orb Walker","floor":35.0,"turns":3.0},{"damage":38.0,"enemies":"3 Shapes","floor":36.0,"turns":2.0},{"damage":0.0,"enemies":"3 Darklings","floor":37.0,"turns":2.0},{"damage":0.0,"enemies":"Maw","floor":42.0,"turns":3.0},{"damage":0.0,"enemies":"Giant Head","floor":46.0,"turns":3.0},{"damage":0.0,"enemies":"2 Orb Walkers","floor":48.0,"turns":2.0},{"damage":0.0,"enemies":"Awakened One","floor":50.0,"turns":6.0},{"damage":0.0,"enemies":"Donu and Deca","floor":51.0,"turns":4.0},{"damage":0.0,"enemies":"Shield and Spear","floor":55.0,"turns":3.0},{"damage":16,"enemies":"The Heart","floor":56,"turns":5}],"seed_played":"4370263693103780481","potions_obtained":[{"floor":1.0,"key":"LiquidMemories"},{"floor":16.0,"key":"DistilledChaos"},{"floor":18.0,"key":"Energy Potion"},{"floor":20.0,"key":"SteroidPotion"},{"floor":33.0,"key":"CunningPotion"},{"floor":35.0,"key":"Block Potion"},{"floor":37.0,"key":"Poison Potion"},{"floor":45.0,"key":"GhostInAJar"}],"is_trial":false,"path_per_floor":["M","M","?","?","M","R","R","E","T","R","$","R","R","?","R","B",null,"M","$","M","?","?","R","M","T","T","?","R","R","?","?","R","B",null,"M","M","M","?","?","R","?","M","T","R","?","E","$","?","R","B","B",null,"R","$","E","B",null],"character_chosen":"THE_SILENT","items_purchased":["Backflip","Caltrops","Die Die Die","Lantern","Strength Potion"],"campfire_rested":4,"item_purchase_floors":[11,11,19,47,54],"current_hp_per_floor":[56,50,50,50,50,50,50,46,46,46,46,46,46,82,82,77,81,48,48,42,18,18,18,87,87,87,87,87,87,87,87,87,87,87,86,48,48,48,48,72,72,72,72,83,83,83,83,83,83,83,83,83,83,83,83,67],"gold":170,"neow_bonus":"TEN_PERCENT_HP_BONUS","is_daily":false,"chose_seed":false,"campfire_upgraded":9,"win_rate":0.0,"timestamp":1614088572,"path_taken":["M","M","?","?","?","R","R","E","T","R","?","R","R","?","R","BOSS","M","$","M","?","?","R","M","?","T","?","R","R","?","?","R","R","BOSS","M","M","M","?","?","R","?","M","T","R","?","E","$","?","R","BOSS","BOSS","R","$","E","BOSS"],"items_purchased_type":["Card","Card","Card","Relic","Potion"],"build_version":"2020-12-22","purchased_purges":1,"victory":true,"max_hp_per_floor":[72,72,72,72,72,72,72,72,72,72,72,72,72,82,82,82,82,82,82,82,87,87,87,87,87,87,87,87,87,87,87,87,87,87,87,87,87,87,83,83,83,83,83,83,83,83,83,83,83,83,83,83,83,83,83,83],"relic_stats":{"OrangePellets":[8],"Torii":11,"counters":[19,64],"Mummified Hand":[58],"Ornamental Fan":[136],"Snake Skull":[245],"Juzu Bracelet":4,"Art of War":[0],"obtain_stats":[{"Potion Belt":18,"Lantern":47,"Calipers":50,"Torii":11,"SacredBark":34,"Snake Skull":0,"Juzu Bracelet":26,"Paper Crane":4,"SlaversCollar":17,"OrangePellets":47,"WristBlade":17,"Ninja Scroll":11,"Mummified Hand":35,"Ornamental Fan":46,"MutagenicStrength":27,"WingedGreaves":5,"Art of War":55,"Ring of the Serpent":17,"Ring of the Snake":0},{"Potion Belt":6,"Lantern":14,"Calipers":16,"Torii":4,"SacredBark":9,"Snake Skull":0,"Juzu Bracelet":8,"Paper Crane":2,"SlaversCollar":5,"OrangePellets":14,"WristBlade":5,"Ninja Scroll":4,"Mummified Hand":10,"Ornamental Fan":14,"MutagenicStrength":8,"WingedGreaves":3,"Art of War":18,"Ring of the Serpent":5,"Ring of the Snake":0},{"Potion Belt":22,"Lantern":44,"Calipers":49,"Torii":14,"SacredBark":31,"Snake Skull":0,"Juzu Bracelet":27,"Paper Crane":7,"SlaversCollar":18,"OrangePellets":44,"WristBlade":18,"Ninja Scroll":14,"Mummified Hand":33,"Ornamental Fan":44,"MutagenicStrength":27,"WingedGreaves":9,"Art of War":59,"Ring of the Serpent":18,"Ring of the Snake":0}]},"card_choices":[{"not_picked":["Accuracy","Dagger Spray"],"picked":"Quick Slash","floor":1.0},{"not_picked":["Blur","Finisher"],"picked":"Acrobatics","floor":2.0},{"not_picked":["Dagger Spray","Cloak And Dagger"],"picked":"Catalyst","floor":5.0},{"not_picked":["Night Terror","Predator"],"picked":"Deadly Poison","floor":8.0},{"not_picked":["Bullet Time","After Image"],"picked":"A Thousand Cuts","floor":16.0},{"not_picked":["Quick Slash","Prepared","Acrobatics+1"],"picked":"SKIP","floor":18.0},{"not_picked":["Quick Slash","Riddle With Holes"],"picked":"Blade Dance","floor":20.0},{"not_picked":["Eviscerate","Poisoned Stab","Acrobatics"],"picked":"SKIP","floor":24.0},{"not_picked":["After Image","Wraith Form v2"],"picked":"Adrenaline","floor":33.0},{"not_picked":["Heel Hook","Setup","Underhanded Strike"],"picked":"SKIP","floor":35.0},{"not_picked":["Predator+1","Slice","Blade Dance+1"],"picked":"SKIP","floor":36.0},{"not_picked":["Deadly Poison","Eviscerate"],"picked":"Blur+1","floor":37.0},{"not_picked":["Underhanded Strike","Acrobatics","Sucker Punch"],"picked":"SKIP","floor":42.0},{"not_picked":["Terror","Poisoned Stab+1","Slice"],"picked":"SKIP","floor":46.0},{"not_picked":["Quick Slash","Poisoned Stab+1"],"picked":"Accuracy+1","floor":48.0},{"not_picked":["Tools of the Trade","Flying Knee","Underhanded Strike"],"picked":"SKIP","floor":55.0}],"player_experience":695635,"relics_obtained":[{"floor":26.0,"key":"Juzu Bracelet"},{"floor":46.0,"key":"Ornamental Fan"},{"floor":55.0,"key":"Art of War"}],"event_choices":[{"damage_healed":0.0,"max_hp_gain":0.0,"max_hp_loss":0.0,"gold_gain":0.0,"event_name":"Living Wall","player_choice":"Grow","floor":3.0,"gold_loss":0.0,"damage_taken":0.0,"cards_upgraded":["Quick Slash"]},{"damage_healed":0.0,"max_hp_gain":0.0,"max_hp_loss":0.0,"gold_gain":0.0,"event_name":"Upgrade Shrine","player_choice":"Upgraded","floor":4.0,"gold_loss":0.0,"damage_taken":0.0,"cards_upgraded":["Neutralize"]},{"cards_removed":["Envenom"],"damage_healed":26.0,"max_hp_gain":10.0,"max_hp_loss":0.0,"gold_gain":0.0,"event_name":"Bonfire Elementals","player_choice":"Offered Rare","floor":14.0,"gold_loss":0.0,"damage_taken":0.0},{"damage_healed":0.0,"max_hp_gain":5.0,"max_hp_loss":0.0,"gold_gain":0.0,"event_name":"Forgotten Altar","player_choice":"Shed Blood","floor":21.0,"gold_loss":0.0,"damage_taken":29.0},{"damage_healed":0.0,"max_hp_gain":0.0,"max_hp_loss":0.0,"gold_gain":0.0,"event_name":"Vampires","player_choice":"Ignored","floor":22.0,"gold_loss":0.0,"damage_taken":0.0},{"damage_healed":0.0,"max_hp_gain":0.0,"max_hp_loss":0.0,"gold_gain":0.0,"event_name":"Drug Dealer","player_choice":"Inject Mutagens","floor":27.0,"gold_loss":0.0,"damage_taken":0.0,"relics_obtained":["MutagenicStrength"]},{"damage_healed":0.0,"max_hp_gain":0.0,"max_hp_loss":0.0,"gold_gain":50.0,"event_name":"Golden Shrine","player_choice":"Pray","floor":30.0,"gold_loss":0.0,"damage_taken":0.0},{"damage_healed":0.0,"max_hp_gain":0.0,"max_hp_loss":0.0,"gold_gain":0.0,"event_name":"Upgrade Shrine","player_choice":"Ignored","floor":31.0,"gold_loss":0.0,"damage_taken":0.0},{"damage_healed":0.0,"max_hp_gain":0.0,"max_hp_loss":0.0,"gold_gain":0.0,"event_name":"Accursed Blacksmith","player_choice":"Forge","floor":38.0,"gold_loss":0.0,"damage_taken":0.0,"cards_upgraded":["Adrenaline"]},{"damage_healed":0.0,"max_hp_gain":0.0,"max_hp_loss":4.0,"gold_gain":0.0,"event_name":"Winding Halls","player_choice":"Max HP","floor":39.0,"gold_loss":0.0,"damage_taken":0.0},{"damage_healed":0.0,"max_hp_gain":0.0,"max_hp_loss":0.0,"gold_gain":0.0,"event_name":"SensoryStone","player_choice":"Memory 1","floor":41.0,"gold_loss":0.0,"damage_taken":0.0},{"damage_healed":0.0,"max_hp_gain":0.0,"max_hp_loss":0.0,"gold_gain":0.0,"event_name":"Lab","player_choice":"Got Potions","floor":45.0,"gold_loss":0.0,"damage_taken":0.0},{"damage_healed":0.0,"max_hp_gain":0.0,"max_hp_loss":0.0,"gold_gain":0.0,"event_name":"Mysterious Sphere","player_choice":"Fight","floor":48.0,"gold_loss":0.0,"damage_taken":0.0}],"is_beta":false,"boss_relics":[{"not_picked":["SlaversCollar","WristBlade"],"picked":"Ring of the Serpent"},{"not_picked":["Pandora\u0027s Box","SacredBark","Astrolabe"]}],"items_purged_floors":[54],"is_endless":false,"potions_floor_spawned":[1,16,18,20,33,35,37,48],"ascension_level":20}}