{"host":"0qevis500jgmlc2v","time":1614075363,"event":{"mods":["100% Spire Juice","Act Like it!","Aspiration","BaseMod","Conspire","Energized Spire","Friendly Minions","GifTheSpireLib","KinomotoSakuraMod(木之本樱)","KomeijiMod","Marisa（F雨　魔理沙）","Minty Spire (QoL Compilation)","Pale of the Ancients","Quick Restart","Reliquary","Replay The Spire","Shop Mod","Spicy Shops","StSLib","Yakumo Yukari mod","【功能Mod】聪明的最终Boss"],"gold_per_floor":[118,118,134,147,147,175,175,204,204,45,45,55,68,98,98,195,195,208,208,208,224,224,259,259,289,289,289,314,18,18,52,52,64,64],"floor_reached":33,"language":"ZHS","playtime":4514,"items_purged":["ClowCardTheSword"],"score":406,"play_id":"2853725b-9d52-47fd-8c55-fe1357de12c0","local_time":"20210223181603","is_ascension_mode":true,"campfire_choices":[{"data":"ClowCardTheFlower","floor":7.0,"key":"SMITH"},{"data":"ClowCardTheBig","floor":11.0,"key":"SMITH"},{"data":"ClowCardTheMove","floor":15.0,"key":"SMITH"},{"data":"ClowCardTheSword","floor":24.0,"key":"PURGE"},{"data":"ClowCardTheGlow","floor":32.0,"key":"SMITH"}],"circlet_count":0,"master_deck":["SakuraCardTheJump+","SakuraCardTheDream+","ClowCardTheSword","ClowCardTheShield","ClowCardTheShield","ClowCardTheShield","SpellCardSeal","SpellCardRelease","ClowCardTheSilent","ClowCardTheMove+1","ClowCardTheShadow","ClowCardTheFlower+1","ClowCardTheShot","ClowCardTheFirey","ClowCardTheBig+1","ClowCardTheThrough","ClowCardTheFloat","ClowCardTheVoice","ClowCardTheIllusion","ClowCardTheTime","ClowCardTheMist","ClowCardTheBubbles","ClowCardTheWave","ClowCardTheThunder","ClowCardTheFly","ClowCardTheGlow+1","ClowCardTheChange"],"relics":["KSMOD_SealedBook","KSMOD_SealedWand","NeowsBlessing","Peace Pipe","The Courier","KSMOD_TaoistSuit","BargainBundle","Strawberry","reliquary:ThirdArm","aspiration:RitualStick","KSMOD_RollerSkates","Girya","Replay:Bandana","CeramicFish","Blood Vial"],"acts_visited":["Exordium","TheCity"],"potions_floor_usage":[33],"damage_taken":[{"damage":0.0,"enemies":"Jaw Worm","floor":1.0,"turns":2.0},{"damage":0.0,"enemies":"Cultist","floor":3.0,"turns":2.0},{"damage":0.0,"enemies":"2 Louse","floor":4.0,"turns":4.0},{"damage":16.0,"enemies":"3 Sentries","floor":6.0,"turns":17.0},{"damage":13.0,"enemies":"Lagavulin","floor":8.0,"turns":8.0},{"damage":5.0,"enemies":"Exordium Thugs","floor":12.0,"turns":2.0},{"damage":0.0,"enemies":"Looter","floor":13.0,"turns":2.0},{"damage":5.0,"enemies":"3 Sentries","floor":14.0,"turns":9.0},{"damage":0.0,"enemies":"Slime Boss","floor":16.0,"turns":5.0},{"damage":6.0,"enemies":"3 Byrds","floor":18.0,"turns":5.0},{"damage":27.0,"enemies":"Shell Parasite","floor":21.0,"turns":6.0},{"damage":17.0,"enemies":"conspire:SneckoGhost","floor":23.0,"turns":10.0},{"damage":26.0,"enemies":"Slavers","floor":25.0,"turns":8.0},{"damage":0.0,"enemies":"Snecko","floor":28.0,"turns":6.0},{"damage":0.0,"enemies":"conspire:HollyBat","floor":31.0,"turns":2.0},{"damage":5,"enemies":"Collector","floor":33,"turns":3}],"seed_played":"-6407091022461192874","potions_obtained":[{"floor":1.0,"key":"LifebloodPotion"},{"floor":3.0,"key":"SneckoOil"},{"floor":4.0,"key":"Toxic Potion"},{"floor":20.0,"key":"Regen Potion"},{"floor":21.0,"key":"Elixir"},{"floor":28.0,"key":"PowerPotion"}],"is_trial":false,"path_per_floor":["M","?","M","M","?","E","R","E","T","$","R","M","M","E","R","B",null,"M","?","?","M","?","E","R","E","T","?","M","?","?","M","R","B"],"character_chosen":"KINOMOTOSAKURA","items_purchased":["BargainBundle","Flashbang","Ancient Potion","ClowCardTheFirey","ClowCardTheBig","ClowCardTheThrough"],"campfire_rested":0,"item_purchase_floors":[10,10,10,10,10,10],"current_hp_per_floor":[70,70,70,70,70,54,54,41,41,41,41,36,36,38,38,38,77,71,56,56,44,44,27,27,1,1,1,1,1,1,3,3,0,0],"gold":64,"neow_bonus":"THREE_ENEMY_KILL","is_daily":false,"chose_seed":false,"campfire_upgraded":4,"win_rate":0.0,"timestamp":1614075363,"path_taken":["M","?","?","?","?","E","R","E","T","?","R","M","M","E","R","BOSS","M","?","?","?","?","E","R","E","T","?","?","?","?","M","R","BOSS"],"items_purchased_type":["Relic","Potion","Potion","Card","Card","Card"],"build_version":"2020-12-22","purchased_purges":1,"victory":false,"max_hp_per_floor":[70,70,70,70,70,70,70,70,70,70,70,70,70,77,77,77,77,77,77,77,77,77,77,77,77,77,77,77,77,77,77,77,77,77],"card_choices":[{"not_picked":["ClowCardTheStorm","ClowCardTheCloud"],"picked":"ClowCardTheDream","floor":1.0},{"not_picked":["ClowCardTheErase","ClowCardTheChange"],"picked":"ClowCardTheMove","floor":3.0},{"not_picked":["ClowCardTheErase","ClowCardTheChange"],"picked":"ClowCardTheShadow","floor":4.0},{"not_picked":["ClowCardTheMove","ClowCardTheWood"],"picked":"ClowCardTheFlower","floor":6.0},{"not_picked":["ClowCardTheFreeze","ClowCardTheSand"],"picked":"ClowCardTheShot","floor":8.0},{"not_picked":["ClowCardTheLibra","ClowCardTheArrow"],"picked":"ClowCardTheFloat","floor":12.0},{"not_picked":["ClowCardTheGlow","ClowCardTheMirror"],"picked":"ClowCardTheVoice","floor":13.0},{"not_picked":["ClowCardTheReturn","ClowCardTheCloud"],"picked":"ClowCardTheIllusion","floor":14.0},{"not_picked":["ClowCardTheDash","ClowCardTheFight"],"picked":"ClowCardTheTime","floor":16.0},{"not_picked":["ClowCardTheArrow","ClowCardTheFlower"],"picked":"ClowCardTheMist","floor":18.0},{"not_picked":["ClowCardTheSleep","ClowCardTheStorm"],"picked":"ClowCardTheJump","floor":21.0},{"not_picked":["ClowCardTheWave","ClowCardTheLibra"],"picked":"ClowCardTheBubbles","floor":23.0},{"not_picked":["ClowCardTheMist+1","ClowCardTheArrow+1"],"picked":"ClowCardTheWave","floor":25.0},{"not_picked":["ClowCardTheCloud","ClowCardTheLock"],"picked":"ClowCardTheThunder","floor":28.0},{"not_picked":["ClowCardTheVoice+1","ClowCardTheSilent"],"picked":"ClowCardTheFly","floor":29.0},{"not_picked":["ClowCardTheLoop","ClowCardTheShot+1"],"picked":"ClowCardTheGlow","floor":29.0},{"not_picked":["ClowCardTheMaze","ClowCardThePower"],"picked":"ClowCardTheChange","floor":31.0}],"player_experience":940700,"relics_obtained":[{"floor":6.0,"key":"Peace Pipe"},{"floor":8.0,"key":"The Courier"},{"floor":9.0,"key":"KSMOD_TaoistSuit"},{"floor":14.0,"key":"Strawberry"},{"floor":23.0,"key":"KSMOD_RollerSkates"},{"floor":25.0,"key":"Girya"},{"floor":26.0,"key":"Replay:Bandana"},{"floor":27.0,"key":"CeramicFish"},{"floor":29.0,"key":"Blood Vial"}],"event_choices":[{"damage_healed":0.0,"max_hp_gain":0.0,"max_hp_loss":0.0,"gold_gain":0.0,"cards_transformed":["ClowCardTheSword"],"event_name":"Transmorgrifier","player_choice":"Transformed","floor":2.0,"gold_loss":0.0,"damage_taken":0.0,"cards_obtained":["ClowCardTheSilent"]},{"cards_removed":["ClowCardTheShield"],"damage_healed":0.0,"max_hp_gain":0.0,"max_hp_loss":0.0,"gold_gain":0.0,"event_name":"Purifier","player_choice":"Purged","floor":5.0,"gold_loss":0.0,"damage_taken":0.0},{"damage_healed":0.0,"max_hp_gain":0.0,"max_hp_loss":0.0,"gold_gain":0.0,"event_name":"Lab","player_choice":"Got Potions","floor":20.0,"gold_loss":0.0,"damage_taken":0.0},{"damage_healed":0.0,"max_hp_gain":0.0,"max_hp_loss":0.0,"gold_gain":0.0,"event_name":"conspire:Investor","player_choice":"Leave","floor":22.0,"gold_loss":0.0,"damage_taken":0.0},{"damage_healed":0.0,"max_hp_gain":0.0,"max_hp_loss":0.0,"gold_gain":0.0,"event_name":"Wheel of Change","player_choice":"Relic","floor":27.0,"gold_loss":0.0,"damage_taken":0.0},{"damage_healed":0.0,"max_hp_gain":0.0,"max_hp_loss":0.0,"gold_gain":0.0,"event_name":"FaceTrader","player_choice":"Leave","floor":30.0,"gold_loss":0.0,"damage_taken":0.0}],"is_beta":false,"boss_relics":[{"not_picked":["Velvet Choker","SacredBark"],"picked":"reliquary:ThirdArm"}],"items_purged_floors":[10],"is_endless":false,"potions_floor_spawned":[1,3,4,13,21,28],"killed_by":"Collector","ascension_level":3}}