{"host":"bx54wbx1b8s5cm4v","time":1614044431,"event":{"mods":["BaseMod","GifTheSpireLib","Hubris","Minty Spire (QoL Compilation)","StSLib"],"gold_per_floor":[112,126,145,157,157,157,189,189,189,207,187,204,217,217,217,319,319,330,330,347,59,59,59,85,96,123,123,136,136,39,39,39,141,141,154,164,164,164,214,214,240,257,257,369,15,32,62,76,76,76],"floor_reached":51,"language":"ENG","playtime":1849,"items_purged":["Writhe"],"score":910,"play_id":"90f6e059-769f-4b31-aa04-5d4bdf2e9b21","local_time":"20210222224031","is_ascension_mode":true,"campfire_choices":[{"data":"Dash","floor":6,"key":"SMITH"},{"data":"Neutralize","floor":8,"key":"SMITH"},{"floor":15,"key":"REST"},{"data":"Accuracy","floor":23,"key":"SMITH"},{"floor":27,"key":"REST"},{"floor":29,"key":"REST"},{"data":"Blade Dance","floor":32,"key":"SMITH"},{"data":"Cloak And Dagger","floor":40,"key":"SMITH"},{"floor":49,"key":"REST"}],"circlet_count":0,"master_deck":["Strike_G","Strike_G","Strike_G","Strike_G","Strike_G","Defend_G","Defend_G","Defend_G","Defend_G","Survivor","Neutralize+1","Dash+1","Flying Knee","Quick Slash","Dagger Spray","Quick Slash","Acrobatics+1","Terror+1","hubris:Sniper+1","Backstab","Burst","Flying Knee+1","Blade Dance+1","Accuracy+1","Accuracy","Dagger Spray+1","Finisher","Blade Dance+1","Bullet Time","Dagger Throw+1","Cloak And Dagger+1","After Image","Parasite","Blade Dance+1","Blade Dance+1"],"relics":["Ring of the Snake","Bronze Scales","The Courier","Paper Crane","hubris:CrackedHourglass","Oddly Smooth Stone","Centennial Puzzle","Boot","Mummified Hand","PreservedInsect","Black Star","hubris:Icosahedron","Dead Branch","War Paint","Toxic Egg 2","Bag of Marbles","hubris:Potato","Nunchaku","Toy Ornithopter","Art of War"],"acts_visited":["Exordium","TheCity","TheBeyond"],"potions_floor_usage":[16,50,50],"damage_taken":[{"damage":0,"enemies":"Cultist","floor":1,"turns":4},{"damage":6,"enemies":"Jaw Worm","floor":2,"turns":4},{"damage":0,"enemies":"Small Slimes","floor":3,"turns":2},{"damage":4,"enemies":"Blue Slaver","floor":4,"turns":3},{"damage":24,"enemies":"Gremlin Nob","floor":7,"turns":5},{"damage":20,"enemies":"Exordium Wildlife","floor":10,"turns":4},{"damage":0,"enemies":"3 Louse","floor":12,"turns":3},{"damage":0,"enemies":"Exordium Thugs","floor":13,"turns":2},{"damage":4,"enemies":"Slime Boss","floor":16,"turns":9},{"damage":1,"enemies":"Chosen","floor":18,"turns":3},{"damage":1,"enemies":"Spheric Guardian","floor":20,"turns":3},{"damage":28,"enemies":"Gremlin Leader","floor":24,"turns":6},{"damage":0,"enemies":"3 Cultists","floor":25,"turns":4},{"damage":22,"enemies":"Snake Plant","floor":28,"turns":3},{"damage":18,"enemies":"hubris:MusketHawk","floor":33,"turns":6},{"damage":0,"enemies":"Orb Walker","floor":35,"turns":3},{"damage":31,"enemies":"3 Shapes","floor":36,"turns":7},{"damage":0,"enemies":"Mind Bloom Boss Battle","floor":39,"turns":3},{"damage":0,"enemies":"Reptomancer","floor":41,"turns":2},{"damage":5,"enemies":"Maw","floor":42,"turns":5},{"damage":0,"enemies":"Spire Growth","floor":44,"turns":2},{"damage":0,"enemies":"Writhing Mass","floor":46,"turns":4},{"damage":39,"enemies":"Nemesis","floor":47,"turns":3},{"damage":3,"enemies":"4 Shapes","floor":48,"turns":3},{"damage":56,"enemies":"Time Eater","floor":50,"turns":7}],"seed_played":"5386826060331340166","potions_obtained":[{"floor":1,"key":"Fire Potion"},{"floor":7,"key":"EssenceOfSteel"},{"floor":11,"key":"EssenceOfSteel"},{"floor":16,"key":"FearPotion"},{"floor":28,"key":"Explosive Potion"},{"floor":44,"key":"FairyPotion"},{"floor":47,"key":"ColorlessPotion"}],"is_trial":false,"path_per_floor":["M","M","M","M","?","R","E","R","T","M","?","M","M","?","R","B",null,"M","?","M","$","?","R","E","M","T","R","M","R","$","$","R","B",null,"M","M","?","?","?","R","E","M","T","M","$","M","E","M","R","B",null],"character_chosen":"THE_SILENT","items_purchased":["Oddly Smooth Stone","Accuracy","Centennial Puzzle","Blade Dance","hubris:Potato","Nunchaku"],"campfire_rested":4,"item_purchase_floors":[21,21,21,30,45,45],"current_hp_per_floor":[70,64,64,60,60,60,36,36,36,16,16,16,16,16,37,33,70,69,56,55,55,55,55,27,27,27,49,27,49,49,49,49,31,75,75,44,44,44,44,44,44,66,66,66,66,66,27,24,45,21],"gold":76,"neow_bonus":"RANDOM_COMMON_RELIC","is_daily":false,"chose_seed":false,"campfire_upgraded":5,"win_rate":0.0,"timestamp":1614044431,"path_taken":["M","M","?","M","?","R","E","R","T","?","?","M","?","?","R","BOSS","M","?","M","$","?","R","E","?","T","R","M","R","?","$","R","BOSS","M","?","?","?","?","R","E","M","T","M","$","M","E","M","R","BOSS"],"items_purchased_type":["Relic","Card","Relic","Card","Relic","Relic"],"build_version":"2020-12-22","purchased_purges":1,"victory":true,"max_hp_per_floor":[70,70,70,70,70,70,70,70,70,70,70,70,70,70,70,70,70,70,75,75,75,75,75,75,75,75,75,75,75,75,75,75,75,75,75,75,71,71,71,71,71,71,71,71,71,71,71,71,71,71],"card_choices":[{"not_picked":["Infinite Blades","Prepared"],"picked":"Dash","floor":1},{"not_picked":["Underhanded Strike","Poisoned Stab"],"picked":"Flying Knee","floor":2},{"not_picked":["Slice","Doppelganger"],"picked":"Quick Slash","floor":3},{"not_picked":["Blade Dance","Skewer"],"picked":"Dagger Spray","floor":4},{"not_picked":["Flying Knee","Prepared"],"picked":"Acrobatics","floor":7},{"not_picked":["Envenom","Underhanded Strike"],"picked":"Terror","floor":10},{"not_picked":["Dagger Spray","Blade Dance"],"picked":"hubris:Sniper","floor":12},{"not_picked":["Underhanded Strike","hubris:SlightOfHand"],"picked":"Backstab","floor":13},{"not_picked":["Wraith Form v2","Night Terror"],"picked":"Burst","floor":16},{"not_picked":["Noxious Fumes","hubris:Sniper"],"picked":"Flying Knee+1","floor":18},{"not_picked":["Prepared+1","Backstab"],"picked":"Blade Dance+1","floor":20},{"not_picked":["Deadly Poison","Crippling Poison+1"],"picked":"Accuracy","floor":24},{"not_picked":["hubris:SlightOfHand+1","Crippling Poison"],"picked":"Dagger Spray+1","floor":25},{"not_picked":["Quick Slash","Backflip"],"picked":"Finisher","floor":28},{"not_picked":["Corpse Explosion","Tools of the Trade"],"picked":"Bullet Time","floor":33},{"not_picked":["Deadly Poison","Bane","Backflip"],"picked":"SKIP","floor":35},{"not_picked":["Dagger Spray","Well Laid Plans"],"picked":"Dagger Throw+1","floor":36},{"not_picked":["hubris:SlightOfHand","Choke+1"],"picked":"Cloak And Dagger","floor":39},{"not_picked":["Poisoned Stab","Deflect+1","Bane+1"],"picked":"SKIP","floor":41},{"not_picked":["Underhanded Strike+1","Dagger Throw+1"],"picked":"After Image","floor":42},{"not_picked":["Quick Slash","Crippling Poison+1","Backflip+1"],"picked":"SKIP","floor":44},{"not_picked":["Heel Hook","Eviscerate+1"],"picked":"Blade Dance+1","floor":46},{"not_picked":["Bane+1","Dodge and Roll+1","Crippling Poison+1"],"picked":"SKIP","floor":47},{"not_picked":["Dagger Spray","Acrobatics+1"],"picked":"Blade Dance+1","floor":48}],"player_experience":58968,"relics_obtained":[{"floor":7,"key":"The Courier"},{"floor":9,"key":"Paper Crane"},{"floor":24,"key":"Mummified Hand"},{"floor":26,"key":"PreservedInsect"},{"floor":39,"key":"Dead Branch"},{"floor":41,"key":"War Paint"},{"floor":41,"key":"Toxic Egg 2"},{"floor":43,"key":"Bag of Marbles"},{"floor":47,"key":"Toy Ornithopter"},{"floor":47,"key":"Art of War"}],"event_choices":[{"damage_healed":0,"gold_gain":0,"cards_transformed":["Defend_G"],"player_choice":"Transformed","damage_taken":0,"max_hp_gain":0,"max_hp_loss":0,"event_name":"Transmorgrifier","floor":5,"gold_loss":0,"cards_obtained":["Quick Slash"]},{"damage_healed":0,"gold_gain":0,"player_choice":"Bought 1 Potion","damage_taken":0,"max_hp_gain":0,"max_hp_loss":0,"event_name":"The Woman in Blue","floor":11,"gold_loss":0},{"damage_healed":0,"gold_gain":0,"player_choice":"Shed Blood","damage_taken":18,"max_hp_gain":5,"max_hp_loss":0,"event_name":"Forgotten Altar","floor":19,"gold_loss":0},{"damage_healed":0,"gold_gain":0,"player_choice":"Opened","damage_taken":0,"relics_obtained":["Boot"],"max_hp_gain":0,"max_hp_loss":0,"event_name":"The Mausoleum","floor":22,"gold_loss":0,"cards_obtained":["Writhe"]},{"damage_healed":0,"gold_gain":0,"player_choice":"Max HP","damage_taken":0,"max_hp_gain":0,"max_hp_loss":4,"event_name":"Winding Halls","floor":37,"gold_loss":0},{"damage_healed":0,"gold_gain":0,"player_choice":"Fight","damage_taken":0,"max_hp_gain":0,"max_hp_loss":0,"event_name":"MindBloom","floor":39,"gold_loss":0}],"is_beta":false,"boss_relics":[{"not_picked":["Velvet Choker","hubris:Backtick"],"picked":"hubris:CrackedHourglass"},{"not_picked":["hubris:RunicObelisk","hubris:Stopwatch"],"picked":"Black Star"}],"items_purged_floors":[30],"is_endless":false,"potions_floor_spawned":[1,7,13,16,28,35,42,44,47],"ascension_level":3}}