{"host":"test","time":1614078511,"event":{"mods":["BaseMod","Colored Map","Colored Powertips","Minty Spire (QoL Compilation)","Relic Stats","Slay the Relics Exporter","SpireBot","StSLib","ojb\u0027s Better Paths Mod","ojb\u0027s Info Mod"],"gold_per_floor":[19,35,35,55,72,106,122,157,184,184,198,227,227,246,246,320,320,336,355,405,405,405,405,438,438,438,438,187,18,18,18,18,91,91,109,109,125,50,62,94,94,94],"floor_reached":41,"language":"JPN","playtime":2524,"items_purged":["Body Slam"],"score":943,"play_id":"1fbe2dad-50f5-4856-8a75-d36fdf0cb996","local_time":"20210223200831","is_ascension_mode":true,"campfire_choices":[{"data":"Sword Boomerang","floor":10.0,"key":"SMITH"},{"data":"Sword Boomerang","floor":13.0,"key":"SMITH"},{"data":"Feel No Pain","floor":15.0,"key":"SMITH"},{"data":"Demon Form","floor":23.0,"key":"SMITH"},{"data":"True Grit","floor":32.0,"key":"SMITH"}],"circlet_count":0,"master_deck":["AscendersBane","Strike_R+1","Strike_R+1","Strike_R+1","Strike_R+1","Defend_R+1","Defend_R+1","Defend_R+1","Bash","Anger","Double Tap","Sword Boomerang+1","Sword Boomerang+1","Iron Wave","Shrug It Off","Impervious","Feel No Pain+1","Flame Barrier","Headbutt","Feel No Pain","Sword Boomerang","Immolate","Havoc","True Grit+1","Demon Form+1","Ghostly Armor","Disarm","Offering","Pommel Strike+1","Shrug It Off","PanicButton","Secret Technique","Armaments+1","Burning Pact","Iron Wave+1"],"relics":["Burning Blood","Boot","Prayer Wheel","Akabeko","Ancient Tea Set","Red Skull","Runic Dome","Tiny Chest","Kunai","Frozen Eye","ClockworkSouvenir","Pocketwatch","Fusion Hammer","InkBottle"],"acts_visited":["Exordium","TheCity","TheBeyond"],"potions_floor_usage":[],"damage_taken":[{"damage":14.0,"enemies":"Jaw Worm","floor":1.0,"turns":5.0},{"damage":7.0,"enemies":"Cultist","floor":2.0,"turns":4.0},{"damage":5.0,"enemies":"Small Slimes","floor":4.0,"turns":3.0},{"damage":12.0,"enemies":"Looter","floor":5.0,"turns":3.0},{"damage":8.0,"enemies":"Gremlin Nob","floor":6.0,"turns":3.0},{"damage":9.0,"enemies":"3 Louse","floor":7.0,"turns":3.0},{"damage":25.0,"enemies":"Lagavulin","floor":8.0,"turns":6.0},{"damage":0.0,"enemies":"Large Slime","floor":11.0,"turns":3.0},{"damage":8.0,"enemies":"3 Sentries","floor":12.0,"turns":7.0},{"damage":0.0,"enemies":"2 Fungi Beasts","floor":14.0,"turns":1.0},{"damage":27.0,"enemies":"Slime Boss","floor":16.0,"turns":7.0},{"damage":0.0,"enemies":"Chosen","floor":18.0,"turns":5.0},{"damage":6.0,"enemies":"2 Thieves","floor":19.0,"turns":3.0},{"damage":35.0,"enemies":"Slavers","floor":24.0,"turns":3.0},{"damage":16.0,"enemies":"Champ","floor":33.0,"turns":11.0},{"damage":0.0,"enemies":"3 Shapes","floor":35.0,"turns":2.0},{"damage":15.0,"enemies":"3 Darklings","floor":37.0,"turns":6.0},{"damage":6,"enemies":"Sphere and 2 Shapes","floor":39,"turns":7},{"damage":38,"enemies":"Nemesis","floor":40,"turns":7},{"damage":38,"enemies":"Writhing Mass","floor":41,"turns":2}],"seed_played":"7492099217528102242","potions_obtained":[{"floor":1.0,"key":"Fire Potion"},{"floor":4.0,"key":"CultistPotion"},{"floor":6.0,"key":"SpeedPotion"},{"floor":11.0,"key":"Fruit Juice"},{"floor":14.0,"key":"Strength Potion"},{"floor":16.0,"key":"Block Potion"},{"floor":33.0,"key":"DuplicationPotion"},{"floor":35.0,"key":"LiquidBronze"}],"is_trial":false,"path_per_floor":["M","M","?","M","M","E","M","E","T","R","M","E","R","M","R","B",null,"M","M","?","?","?","R","E","?","T","?","$","$","T","?","R","B",null,"M","?","M","$","M","E","M"],"character_chosen":"IRONCLAD","items_purchased":["Frozen Eye","Disarm","ClockworkSouvenir"],"campfire_rested":0,"item_purchase_floors":[28,28,29],"current_hp_per_floor":[60,59,59,60,54,52,49,30,30,30,36,34,34,45,45,24,66,72,72,72,72,72,72,43,43,43,43,43,43,43,43,43,33,68,74,64,55,55,55,23,0,0],"gold":94,"neow_bonus":"REMOVE_TWO","is_daily":false,"chose_seed":true,"campfire_upgraded":5,"win_rate":0.0,"timestamp":1614078511,"path_taken":["M","M","?","M","?","E","M","E","T","R","M","E","R","M","R","BOSS","M","M","?","?","?","R","E","?","T","?","?","$","?","?","R","BOSS","M","?","M","$","M","E","M"],"items_purchased_type":["Relic","Card","Relic"],"build_version":"2020-12-18","purchased_purges":1,"victory":false,"max_hp_per_floor":[75,75,75,75,75,75,75,75,75,75,75,75,75,80,80,80,80,80,80,80,80,80,80,80,80,80,80,80,80,80,80,80,80,80,80,80,80,80,80,80,80,80],"relic_stats":{"counters":[20,91],"Prayer Wheel":8,"Tiny Chest":1,"Kunai":[14],"Boot":[124],"obtain_stats":[{"Boot":3,"Ancient Tea Set":9,"Burning Blood":0,"Akabeko":8,"ClockworkSouvenir":29,"Runic Dome":17,"Frozen Eye":28,"Prayer Wheel":6,"Tiny Chest":24,"Fusion Hammer":34,"Kunai":26,"Red Skull":12,"InkBottle":40,"Pocketwatch":30},{"Boot":2,"Ancient Tea Set":7,"Burning Blood":0,"Akabeko":7,"ClockworkSouvenir":14,"Runic Dome":11,"Frozen Eye":14,"Prayer Wheel":5,"Tiny Chest":14,"Fusion Hammer":15,"Kunai":14,"Red Skull":9,"InkBottle":19,"Pocketwatch":14},{"Boot":9,"Ancient Tea Set":27,"Burning Blood":0,"Akabeko":27,"ClockworkSouvenir":56,"Runic Dome":45,"Frozen Eye":56,"Prayer Wheel":18,"Tiny Chest":56,"Fusion Hammer":67,"Kunai":56,"Red Skull":37,"InkBottle":89,"Pocketwatch":56}],"Burning Blood":114,"InkBottle":[1],"Pocketwatch":[45]},"card_choices":[{"not_picked":["Infernal Blade","True Grit"],"picked":"Armaments","floor":1.0},{"not_picked":["Feel No Pain","Searing Blow"],"picked":"Anger","floor":2.0},{"not_picked":["Anger","Burning Pact"],"picked":"Double Tap","floor":4.0},{"not_picked":["Entrench","Clash"],"picked":"Sword Boomerang","floor":5.0},{"not_picked":["Dark Embrace","Entrench"],"picked":"Sword Boomerang","floor":6.0},{"not_picked":["Entrench","Wild Strike"],"picked":"Iron Wave","floor":7.0},{"not_picked":["Second Wind","Sever Soul"],"picked":"Shrug It Off","floor":7.0},{"not_picked":["Iron Wave","Clothesline"],"picked":"Impervious","floor":8.0},{"not_picked":["Body Slam","Burning Pact"],"picked":"Feel No Pain","floor":11.0},{"not_picked":["Clash","Iron Wave"],"picked":"Flame Barrier","floor":11.0},{"not_picked":["Rampage","Iron Wave"],"picked":"Headbutt","floor":12.0},{"not_picked":["Warcry","Sword Boomerang"],"picked":"Feel No Pain","floor":14.0},{"not_picked":["Anger","Entrench"],"picked":"Sword Boomerang","floor":14.0},{"not_picked":["Fiend Fire","Limit Break"],"picked":"Immolate","floor":16.0},{"not_picked":["Headbutt","Cleave"],"picked":"Havoc","floor":18.0},{"not_picked":["Thunderclap","Headbutt","Searing Blow+1"],"picked":"SKIP","floor":18.0},{"not_picked":["Clothesline","Warcry"],"picked":"True Grit","floor":19.0},{"not_picked":["Iron Wave","Clash"],"picked":"Body Slam","floor":19.0},{"not_picked":["Iron Wave","Cleave"],"picked":"Ghostly Armor","floor":24.0},{"not_picked":["Fiend Fire","Exhume"],"picked":"Offering","floor":33.0},{"not_picked":["Sword Boomerang+1","Entrench"],"picked":"Pommel Strike+1","floor":35.0},{"not_picked":["Body Slam","Heavy Blade"],"picked":"Shrug It Off","floor":35.0},{"not_picked":["Jack Of All Trades","Panacea"],"picked":"PanicButton","floor":36.0},{"not_picked":["Secret Weapon","Mayhem"],"picked":"Secret Technique","floor":36.0},{"not_picked":["Perfected Strike","Pummel"],"picked":"Armaments+1","floor":37.0},{"not_picked":["Dropkick","Hemokinesis+1","Cleave"],"picked":"SKIP","floor":37.0},{"not_picked":["Wild Strike+1","Twin Strike"],"picked":"Burning Pact","floor":39},{"not_picked":["Carnage","Shrug It Off","True Grit"],"picked":"SKIP","floor":39},{"not_picked":["Sword Boomerang+1","Sentinel"],"picked":"Iron Wave+1","floor":40}],"player_experience":2105064,"relics_obtained":[{"floor":6.0,"key":"Prayer Wheel"},{"floor":8.0,"key":"Akabeko"},{"floor":9.0,"key":"Ancient Tea Set"},{"floor":12.0,"key":"Red Skull"},{"floor":24.0,"key":"Tiny Chest"},{"floor":26.0,"key":"Kunai"},{"floor":30.0,"key":"Pocketwatch"},{"floor":40,"key":"InkBottle"}],"event_choices":[{"cards_removed":["Armaments"],"damage_healed":0.0,"max_hp_gain":0.0,"max_hp_loss":0.0,"gold_gain":0.0,"event_name":"WeMeetAgain","player_choice":"Gave Card","floor":3.0,"gold_loss":0.0,"damage_taken":0.0,"relics_obtained":["Boot"]},{"damage_healed":0.0,"max_hp_gain":0.0,"max_hp_loss":0.0,"gold_gain":50.0,"event_name":"Nest","player_choice":"Stole From Cult","floor":20.0,"gold_loss":0.0,"damage_taken":0.0},{"damage_healed":0.0,"max_hp_gain":0.0,"max_hp_loss":0.0,"gold_gain":0.0,"event_name":"Ghosts","player_choice":"Ignored","floor":21.0,"gold_loss":0.0,"damage_taken":0.0},{"damage_healed":0.0,"max_hp_gain":0.0,"max_hp_loss":0.0,"gold_gain":0.0,"event_name":"The Library","player_choice":"Read","floor":22.0,"gold_loss":0.0,"damage_taken":0.0,"cards_obtained":["Demon Form"]},{"damage_healed":0.0,"max_hp_gain":0.0,"max_hp_loss":0.0,"gold_gain":0.0,"event_name":"Vampires","player_choice":"Ignored","floor":25.0,"gold_loss":0.0,"damage_taken":0.0},{"damage_healed":0.0,"max_hp_gain":0.0,"max_hp_loss":0.0,"gold_gain":0.0,"event_name":"The Mausoleum","player_choice":"Ignored","floor":27.0,"gold_loss":0.0,"damage_taken":0.0},{"damage_healed":0.0,"max_hp_gain":0.0,"max_hp_loss":0.0,"gold_gain":0.0,"event_name":"Back to Basics","player_choice":"Simplicity","floor":31.0,"gold_loss":0.0,"damage_taken":0.0,"cards_upgraded":["Strike_R","Strike_R","Strike_R","Strike_R","Defend_R","Defend_R","Defend_R"]},{"damage_healed":0.0,"max_hp_gain":0.0,"max_hp_loss":0.0,"gold_gain":0.0,"event_name":"SensoryStone","player_choice":"Memory 3","floor":36.0,"gold_loss":0.0,"damage_taken":10.0}],"is_beta":true,"boss_relics":[{"not_picked":["SlaversCollar","Pandora\u0027s Box"],"picked":"Runic Dome"},{"not_picked":["SacredBark","Cursed Key"],"picked":"Fusion Hammer"}],"items_purged_floors":[38],"is_endless":false,"potions_floor_spawned":[1,4,6,11,14,16,18,33,35],"killed_by":"Writhing Mass","ascension_level":20}}