{"host":"mydft8i2zzydgggw","time":1614092147,"event":{"mods":["AchievementEnabler","BaseMod","Colored Map","Colored Powertips","DeckTracker","Keyboard Shortcuts","Minty Spire (QoL Compilation)","Rare Cards Sparkle","Relic Stats","StSLib","SuperFastMode","Together in Spire","everything is the same but u backflip on backflip"],"gold_per_floor":[111,121,131,149,161,161,178,178,201,231,231,248,248,248],"floor_reached":13,"language":"KOR","playtime":304,"items_purged":[],"score":134,"play_id":"06b598e7-38da-4699-919e-444ceee3b5fc","local_time":"20210223235547","is_ascension_mode":true,"campfire_choices":[{"data":"Prepared","floor":6,"key":"SMITH"},{"data":"Prepared","floor":8,"key":"SMITH"}],"circlet_count":0,"master_deck":["AscendersBane","Strike_G","Strike_G","Strike_G","Strike_G","Strike_G","Defend_G","Defend_G","Defend_G","Defend_G","Defend_G","Survivor","Neutralize","Prepared+1","Prepared+1","Leg Sweep","Bouncing Flask","Heel Hook","Flechettes","Riddle With Holes"],"relics":["Ring of the Snake","NeowsBlessing","Anchor","The Courier"],"acts_visited":["Exordium"],"potions_floor_usage":[12,12],"damage_taken":[{"damage":0,"enemies":"Cultist","floor":1,"turns":1},{"damage":0,"enemies":"Small Slimes","floor":2,"turns":1},{"damage":0,"enemies":"Jaw Worm","floor":3,"turns":1},{"damage":14,"enemies":"3 Louse","floor":4,"turns":10},{"damage":6,"enemies":"Looter","floor":5,"turns":4},{"damage":18,"enemies":"Exordium Wildlife","floor":7,"turns":6},{"damage":0,"enemies":"2 Fungi Beasts","floor":12,"turns":6},{"damage":11,"enemies":"Lagavulin","floor":13,"turns":6}],"seed_played":"-6680864661345544083","potions_obtained":[{"floor":2,"key":"SkillPotion"},{"floor":4,"key":"Energy Potion"},{"floor":7,"key":"Block Potion"}],"is_trial":false,"path_per_floor":["M","M","M","M","M","R","M","R","T","?","?","M","E"],"character_chosen":"THE_SILENT","items_purchased":[],"campfire_rested":0,"item_purchase_floors":[],"current_hp_per_floor":[59,59,59,45,39,39,21,21,21,21,3,3,0,0],"gold":248,"neow_bonus":"THREE_ENEMY_KILL","is_daily":false,"chose_seed":false,"campfire_upgraded":2,"win_rate":0.0,"timestamp":1614092147,"path_taken":["M","M","?","M","M","R","?","R","T","?","?","M","E"],"items_purchased_type":[],"build_version":"2020-12-22","purchased_purges":0,"victory":false,"max_hp_per_floor":[66,66,66,66,66,66,66,66,66,66,66,66,66,66],"relic_stats":{"counters":[8,35],"obtain_stats":[{"Anchor":9,"NeowsBlessing":0,"The Courier":11,"Ring of the Snake":0},{"Anchor":6,"NeowsBlessing":0,"The Courier":6,"Ring of the Snake":0},{"Anchor":23,"NeowsBlessing":0,"The Courier":23,"Ring of the Snake":0}],"Ring of the Snake":[16]},"card_choices":[{"not_picked":["Poisoned Stab","Flying Knee"],"picked":"Prepared","floor":1},{"not_picked":["Deadly Poison","Dodge and Roll"],"picked":"Prepared","floor":2},{"not_picked":["Dash","Slice"],"picked":"Leg Sweep","floor":3},{"not_picked":["Calculated Gamble","Cloak And Dagger"],"picked":"Bouncing Flask","floor":4},{"not_picked":["Dagger Spray","Quick Slash"],"picked":"Heel Hook","floor":5},{"not_picked":["Prepared","Dagger Spray"],"picked":"Flechettes","floor":7},{"not_picked":["Dagger Spray","Dagger Throw"],"picked":"Riddle With Holes","floor":12}],"player_experience":300176,"relics_obtained":[{"floor":9,"key":"Anchor"}],"event_choices":[{"damage_healed":0,"gold_gain":30,"player_choice":"Searched \u00271\u0027 times","damage_taken":0,"max_hp_gain":0,"max_hp_loss":0,"event_name":"Dead Adventurer","floor":10,"gold_loss":0},{"damage_healed":0,"gold_gain":0,"player_choice":"Success","damage_taken":18,"relics_obtained":["The Courier"],"max_hp_gain":0,"max_hp_loss":0,"event_name":"Scrap Ooze","floor":11,"gold_loss":0}],"is_beta":false,"boss_relics":[],"items_purged_floors":[],"is_endless":false,"potions_floor_spawned":[2,4,7],"killed_by":"Lagavulin","ascension_level":14}}