{"host":"s4ojoik2izpnmj7q","time":1614072647,"event":{"mods":["ATMod(°¢èªMod)","Act Like it!","BaseMod","Better Skull","Minty Spire (QoL Compilation)","MostiFishMod","StSLib"],"gold_per_floor":[111,36,36,53,53,188,521,683,683,808,935,1321,1479,1891,1891,2125,2125,2168,2168,1594,1509,1549,1734,1929,2064,2089,2276,2440,2628,2702,2891,2891,3097,3097,3175,1999,1999,2074,2154,2289,2446,2645,2672,2858,2957,3221,2421,1679,1679,1864,2174,2174,2174,29,317,442],"floor_reached":57,"language":"ZHS","playtime":2125,"items_purged":["Defend_P","Strike_P","Strike_P","Defend_P","Strike_P+1","Strike_P+1"],"score":4671,"play_id":"cf4e22fa-c5e9-4ed8-9d50-5f1665e9e24a","local_time":"20210223173047","daily_mods":["Vintage","Heirloom","Flight","DeadlyEvents","Elite Swarm","Lethality"],"is_ascension_mode":true,"campfire_choices":[{"data":"Eruption","floor":15.0,"key":"SMITH"},{"data":"Ragnarok","floor":32.0,"key":"SMITH"},{"floor":49.0,"key":"RECALL"},{"data":"MostiFishMod:KamiSmash","floor":53,"key":"SMITH"}],"circlet_count":0,"master_deck":["AscendersBane","Defend_P","Defend_P","Eruption+1","Vigilance+1","AT_FamilyPortrait+1","Scrawl+1","Wish+1","Omniscience+1","AT_IrregularMenstruation+1","DeusExMachina+1","Ragnarok+1","Adaptation","DevaForm","Scrawl+1","Omniscience+1","Wallop","Omniscience+1","MostiFishMod:KamiSmash+1","MostiFishMod:TheLastGuard+1","Wish+1"],"relics":["PureWater","DaveBox","AT_ATBox","JellyFishMachine","AT_TheCollector","Toxic Egg 2","SynthV:TestCard","Incense Burner","HollowDreamFlower","AT_SeraphEmbrace","AT_BellDemon","White Beast Statue","ArrowTower","Damaru","CombinedTypeHook","Ice Cream","MealTicket","Smiling Mask","Vajra","Bag of Marbles","Torii","Ancient Tea Set","NightmareShop","AT_ChloranthyRing","AT_RabadonDeathcap","Enchiridion","Sling","Orichalcum","AT_EbonyIvory","AT_GoldPhoenixTree","Tiny Chest","Matryoshka","Blood Vial","ImprovedEquipment","AT_BellowingDragoncrestRing","Bottled Lightning","Singing Bowl","Anchor","Darkstone Periapt","Whetstone","Art of War","AT_ImmortalShieldbow","The Courier","Gremlin Horn","StoneCalendar","Blue Candle","Bag of Preparation","Shuriken","AT_SunfireAegis","BionicSphere","Toy Ornithopter","Bird Faced Urn","Mummified Hand","AT_PhaseBoots","Happy Flower","Orrery","DianPoetry","Nunchaku","Pen Nib","TungstenRod","HornCleat","Meat on the Bone","Lantern","Oddly Smooth Stone","War Paint","PreservedInsect","SynthV:C4","Potion Belt","CeramicFish","AT_MibuBalloonWealth","Centennial Puzzle","Strawberry","AT_RedTearstoneRing","Pear","Dream Catcher","Ginger","Letter Opener","MostiFishMod:AdaptiveDefenses","Pantograph","Regal Pillow","AT_BladeRuinedKing","MetatronsCube","TimeFreeze","Thread and Needle","Eternal Feather","TeardropLocket","Bottled Tornado","InkBottle","ThornShield","Kunai","StrikeDummy","Yang","OriginationStaff","AT_Manta"],"acts_visited":["Exordium","TheCity","TheBeyond","TheEnding"],"potions_floor_usage":[56,56],"damage_taken":[{"damage":0.0,"enemies":"Cultist","floor":1.0,"turns":2.0},{"damage":1.0,"enemies":"Small Slimes","floor":4.0,"turns":3.0},{"damage":22.0,"enemies":"Gremlin Nob","floor":6.0,"turns":3.0},{"damage":0.0,"enemies":"3 Sentries","floor":7.0,"turns":2.0},{"damage":8.0,"enemies":"Gremlin Nob","floor":8.0,"turns":3.0},{"damage":0.0,"enemies":"Lagavulin","floor":10.0,"turns":2.0},{"damage":0.0,"enemies":"Gremlin Nob","floor":11.0,"turns":1.0},{"damage":8.0,"enemies":"3 Sentries","floor":12.0,"turns":4.0},{"damage":0.0,"enemies":"Gremlin Nob","floor":13.0,"turns":1.0},{"damage":0.0,"enemies":"3 Sentries","floor":14.0,"turns":2.0},{"damage":0.0,"enemies":"The Guardian","floor":16.0,"turns":3.0},{"damage":0.0,"enemies":"Shell Parasite","floor":18.0,"turns":1.0},{"damage":0.0,"enemies":"Spheric Guardian","floor":22.0,"turns":1.0},{"damage":0.0,"enemies":"Gremlin Leader","floor":23.0,"turns":1.0},{"damage":0.0,"enemies":"Slavers","floor":24.0,"turns":1.0},{"damage":0.0,"enemies":"Book of Stabbing","floor":25.0,"turns":1.0},{"damage":0.0,"enemies":"Slavers","floor":27.0,"turns":2.0},{"damage":0.0,"enemies":"Book of Stabbing","floor":28.0,"turns":1.0},{"damage":0.0,"enemies":"Gremlin Leader","floor":29.0,"turns":1.0},{"damage":0.0,"enemies":"Snake Plant","floor":30.0,"turns":1.0},{"damage":20.0,"enemies":"Book of Stabbing","floor":31.0,"turns":2.0},{"damage":0.0,"enemies":"Champ","floor":33.0,"turns":1.0},{"damage":0.0,"enemies":"Orb Walker","floor":35.0,"turns":1.0},{"damage":0.0,"enemies":"3 Darklings","floor":38.0,"turns":1.0},{"damage":0.0,"enemies":"Jaw Worm Horde","floor":39.0,"turns":1.0},{"damage":0.0,"enemies":"Giant Head","floor":40.0,"turns":1.0},{"damage":0.0,"enemies":"Reptomancer","floor":41.0,"turns":1.0},{"damage":0.0,"enemies":"Giant Head","floor":42.0,"turns":1.0},{"damage":0.0,"enemies":"Nemesis","floor":44.0,"turns":1.0},{"damage":0.0,"enemies":"Maw","floor":45.0,"turns":1.0},{"damage":0.0,"enemies":"Reptomancer","floor":46.0,"turns":1.0},{"damage":0.0,"enemies":"Time Eater","floor":50.0,"turns":1.0},{"damage":0.0,"enemies":"Donu and Deca","floor":51.0,"turns":1.0},{"damage":0,"enemies":"Shield and Spear","floor":55,"turns":1},{"damage":26,"enemies":"The Heart","floor":56,"turns":4}],"seed_played":"-2976481165723935550","potions_obtained":[{"floor":1.0,"key":"CultistPotion"},{"floor":6.0,"key":"ColorlessPotion"},{"floor":10.0,"key":"SpeedPotion"},{"floor":11.0,"key":"PowerPotion"},{"floor":12.0,"key":"Swift Potion"},{"floor":23.0,"key":"AttackPotion"},{"floor":29.0,"key":"DuplicationPotion"},{"floor":35.0,"key":"DuplicationPotion"},{"floor":41.0,"key":"Regen Potion"},{"floor":42.0,"key":"Explosive Potion"},{"floor":44.0,"key":"Fire Potion"},{"floor":46.0,"key":"Swift Potion"}],"is_trial":true,"path_per_floor":["M","$","?","M","$","E","E","E","T","E","E","E","E","E","R","B",null,"M","?","$","?","M","E","E","E","T","E","E","E","M","E","R","B",null,"M","$","?","M","M","E","E","E","T","E","M","E","$","$","R","B","B",null,"R","$","E","B",null],"character_chosen":"WATCHER","items_purchased":["Adaptation","Sling","Orichalcum","AT_EbonyIvory","AT_SpeedBoots","Happy Flower","Orrery","DianPoetry","Nunchaku","Pen Nib","TungstenRod","MostiFishMod:AdaptiveDefenses","Pantograph","Regal Pillow","AT_BladeRuinedKing","MostiFishMod:TheLastGuard+1","MetatronsCube","TimeFreeze","Thread and Needle","Eternal Feather","TeardropLocket","Bottled Tornado","InkBottle","ThornShield","Kunai","StrikeDummy","Yang","Swift Potion"],"campfire_rested":0,"item_purchase_floors":[20,20,20,20,36,36,36,36,36,36,36,47,47,47,47,47,48,54,54,54,54,54,54,54,54,54,54,54],"current_hp_per_floor":[61,61,61,60,60,43,47,43,43,47,51,47,51,55,55,59,66,68,47,62,62,66,68,68,70,70,70,72,74,74,54,54,62,73,76,84,84,84,84,84,86,86,93,95,105,107,107,107,107,107,107,107,107,107,107,91],"gold":442,"neow_bonus":"","is_daily":false,"chose_seed":false,"campfire_upgraded":3,"win_rate":0.0,"timestamp":1614072647,"path_taken":["M","?","?","?","$","E","E","E","T","E","E","E","E","?","R","BOSS","M","?","$","?","M","E","E","E","T","E","E","E","M","E","R","BOSS","M","$","?","M","M","E","E","E","T","E","M","E","$","$","R","BOSS","BOSS","R","$","E","BOSS"],"items_purchased_type":["Card","Relic","Relic","Relic","Relic","Relic","Relic","Relic","Relic","Relic","Relic","Relic","Relic","Relic","Relic","Card","Relic","Relic","Relic","Relic","Relic","Relic","Relic","Relic","Relic","Relic","Relic","Potion"],"build_version":"2020-12-22","purchased_purges":6,"victory":true,"max_hp_per_floor":[68,68,68,68,68,68,68,68,68,68,68,68,68,68,68,68,68,68,68,68,68,68,68,68,70,70,70,72,74,74,74,74,76,76,76,84,84,84,84,84,86,86,93,95,105,107,107,107,107,107,107,107,107,107,107,107],"card_choices":[{"not_picked":["MostiFishMod:StarLaLaLa+1","DevaForm","MostiFishMod:OutWit","MostiFishMod:StarHerder"],"picked":"Scrawl+1","floor":6.0},{"not_picked":["MostiFishMod:OutWit","MasterReality","MostiFishMod:DisColor+1","AT_RealColorLess"],"picked":"Wish+1","floor":7.0},{"not_picked":["MostiFishMod:Unraveling+1","Judgement+1","MostiFishMod:StarHerder","SpiritShield+1","MostiFishMod:StarOceanP+1"],"picked":"SKIP","floor":8.0},{"not_picked":["MostiFishMod:Adaptation","MostiFishMod:Pointsdynamics","DeusExMachina+1","ConjureBlade+1"],"picked":"Omniscience+1","floor":10.0},{"not_picked":["MostiFishMod:Unraveling+1","Alpha+1","MostiFishMod:KamiSmash","MostiFishMod:StarOceanP+1","SpiritShield+1"],"picked":"SKIP","floor":11.0},{"not_picked":["Blasphemy+1","Judgement+1","MostiFishMod:Unraveling+1","Alpha+1"],"picked":"AT_IrregularMenstruation+1","floor":12.0},{"not_picked":["MostiFishMod:DustFall","MostiFishMod:StarLaLaLa+1","MostiFishMod:StarHerder","ConjureBlade+1"],"picked":"DeusExMachina+1","floor":13.0},{"not_picked":["MostiFishMod:Adaptation","Brilliance","MostiFishMod:StarHerder","Blasphemy+1","MostiFishMod:StarLaLaLa+1"],"picked":"SKIP","floor":14.0},{"not_picked":["MostiFishMod:StarWish+1","Judgement+1","MostiFishMod:Adaptation","MostiFishMod:DustFall"],"picked":"Ragnarok","floor":16.0},{"not_picked":["MostiFishMod:DustFall","AT_IrregularMenstruation+1","DeusExMachina+1","Judgement+1","LessonLearned"],"picked":"SKIP","floor":23.0},{"not_picked":["MostiFishMod:Minus+1","MostiFishMod:StarHerder","MostiFishMod:Moonprays+1","AT_MachinaRedman+1"],"picked":"DevaForm","floor":24.0},{"not_picked":["AT_MachinaRedman+1","MostiFishMod:KamiSmash","MostiFishMod:Minus+1","AT_IrregularMenstruation+1","AT_RealColorLess"],"picked":"Singing Bowl","floor":25.0},{"not_picked":["DevaForm","SpiritShield+1","MostiFishMod:Adaptation","AT_ChampionKick"],"picked":"Scrawl+1","floor":27.0},{"not_picked":["Devotion","MostiFishMod:StarLaLaLa+1","SpiritShield+1","MostiFishMod:Dust","Brilliance"],"picked":"Singing Bowl","floor":28.0},{"not_picked":["MostiFishMod:Moonprays+1","LessonLearned","Judgement+1","Scrawl+1","MostiFishMod:StarWish+1"],"picked":"Singing Bowl","floor":29.0},{"not_picked":["MasterReality","AT_RealColorLess","MostiFishMod:StarWish+1","LessonLearned"],"picked":"Omniscience+1","floor":31.0},{"not_picked":["MostiFishMod:Unraveling+1","AT_MachinaRedman+1","MostiFishMod:KamiSmash","MostiFishMod:Dust","MasterReality"],"picked":"Singing Bowl","floor":33.0},{"not_picked":["SashWhip","JustLucky","MostiFishMod:Speedup+1","Pray+1","WheelKick"],"picked":"Singing Bowl","floor":36.0},{"not_picked":["FollowUp","Vengeance+1","MostiFishMod:LegendTransform","Evaluate+1"],"picked":"Wallop","floor":36.0},{"not_picked":["MostiFishMod:FlowState+1","EmptyFist","AT_OneInchPunch+1","LikeWater","Halt+1"],"picked":"Singing Bowl","floor":36.0},{"not_picked":["PathToVictory+1","CrushJoints","Weave","BowlingBash","Prostrate+1"],"picked":"Singing Bowl","floor":36.0},{"not_picked":["CrushJoints","FollowUp","EmptyFist","WaveOfTheHand+1","MostiFishMod:Speedup"],"picked":"Singing Bowl","floor":36.0},{"not_picked":["MostiFishMod:Adaptation","Judgement+1","AT_ChampionKick","SpiritShield+1"],"picked":"Omniscience+1","floor":40.0},{"not_picked":["MostiFishMod:DisColor+1","MasterReality","MostiFishMod:StarLaLaLa+1","MostiFishMod:DustFall","Blasphemy+1"],"picked":"Singing Bowl","floor":41.0},{"not_picked":["Judgement+1","MostiFishMod:Disappear","MostiFishMod:Unraveling+1","Ragnarok"],"picked":"MostiFishMod:KamiSmash","floor":42.0},{"not_picked":["ConjureBlade+1","DevaForm","AT_RealColorLess","Alpha+1","MostiFishMod:StarLaLaLa+1"],"picked":"Singing Bowl","floor":44.0},{"not_picked":["MostiFishMod:Moonprays+1","AT_RealColorLess","MostiFishMod:StarWish+1","Judgement+1","Establishment"],"picked":"Singing Bowl","floor":46.0},{"not_picked":["MostiFishMod:StarWish+1","MostiFishMod:StarHerder","MostiFishMod:Disappear","MostiFishMod:Adaptation"],"picked":"Wish+1","floor":55}],"player_experience":647513,"relics_obtained":[{"floor":1.0,"key":"Toxic Egg 2"},{"floor":1.0,"key":"SynthV:TestCard"},{"floor":4.0,"key":"HollowDreamFlower"},{"floor":6.0,"key":"AT_ArchangelStaff"},{"floor":7.0,"key":"AT_BellDemon"},{"floor":8.0,"key":"White Beast Statue"},{"floor":10.0,"key":"ArrowTower"},{"floor":10.0,"key":"Damaru"},{"floor":11.0,"key":"CombinedTypeHook"},{"floor":11.0,"key":"Ice Cream"},{"floor":12.0,"key":"MealTicket"},{"floor":13.0,"key":"Smiling Mask"},{"floor":13.0,"key":"Vajra"},{"floor":14.0,"key":"Bag of Marbles"},{"floor":14.0,"key":"Torii"},{"floor":16.0,"key":"Ancient Tea Set"},{"floor":18.0,"key":"AT_ChloranthyRing"},{"floor":18.0,"key":"AT_RabadonDeathcap"},{"floor":19.0,"key":"Enchiridion"},{"floor":22.0,"key":"Tiny Chest"},{"floor":22.0,"key":"Matryoshka"},{"floor":23.0,"key":"Blood Vial"},{"floor":23.0,"key":"ImprovedEquipment"},{"floor":24.0,"key":"AT_BellowingDragoncrestRing"},{"floor":24.0,"key":"Bottled Lightning"},{"floor":25.0,"key":"Singing Bowl"},{"floor":25.0,"key":"Anchor"},{"floor":26.0,"key":"Darkstone Periapt"},{"floor":26.0,"key":"Whetstone"},{"floor":27.0,"key":"Art of War"},{"floor":27.0,"key":"AT_ImmortalShieldbow"},{"floor":28.0,"key":"The Courier"},{"floor":28.0,"key":"Gremlin Horn"},{"floor":29.0,"key":"StoneCalendar"},{"floor":29.0,"key":"Blue Candle"},{"floor":30.0,"key":"Bag of Preparation"},{"floor":30.0,"key":"Shuriken"},{"floor":31.0,"key":"AT_SunfireAegis"},{"floor":31.0,"key":"BionicSphere"},{"floor":33.0,"key":"Toy Ornithopter"},{"floor":35.0,"key":"Bird Faced Urn"},{"floor":35.0,"key":"Mummified Hand"},{"floor":38.0,"key":"HornCleat"},{"floor":38.0,"key":"Meat on the Bone"},{"floor":39.0,"key":"Lantern"},{"floor":39.0,"key":"Oddly Smooth Stone"},{"floor":40.0,"key":"War Paint"},{"floor":40.0,"key":"PreservedInsect"},{"floor":41.0,"key":"SynthV:C4"},{"floor":41.0,"key":"Potion Belt"},{"floor":42.0,"key":"CeramicFish"},{"floor":42.0,"key":"AT_MibuBalloonWealth"},{"floor":43.0,"key":"Centennial Puzzle"},{"floor":43.0,"key":"Strawberry"},{"floor":44.0,"key":"AT_RedTearstoneRing"},{"floor":45.0,"key":"Pear"},{"floor":45.0,"key":"Dream Catcher"},{"floor":46.0,"key":"Ginger"},{"floor":46.0,"key":"Letter Opener"},{"floor":55,"key":"OriginationStaff"},{"floor":55,"key":"AT_Manta"}],"event_choices":[{"damage_healed":0.0,"max_hp_gain":0.0,"max_hp_loss":0.0,"gold_gain":0.0,"event_name":"WeMeetAgain","player_choice":"Gave Potion","floor":3.0,"gold_loss":0.0,"damage_taken":0.0,"relics_obtained":["Incense Burner"]},{"damage_healed":0.0,"max_hp_gain":0.0,"max_hp_loss":0.0,"gold_gain":0.0,"event_name":"Cursed Tome","player_choice":"Obtained Book","floor":19.0,"gold_loss":0.0,"damage_taken":21.0},{"damage_healed":0.0,"max_hp_gain":0.0,"max_hp_loss":0.0,"gold_gain":0.0,"event_name":"Addict","player_choice":"Obtained Relic","floor":21.0,"gold_loss":85.0,"damage_taken":0.0,"relics_obtained":["AT_GoldPhoenixTree"]},{"damage_healed":0.0,"max_hp_gain":0.0,"max_hp_loss":0.0,"gold_gain":0.0,"event_name":"Tomb of Lord Red Mask","player_choice":"Ignored","floor":37.0,"gold_loss":0.0,"damage_taken":0.0}],"is_beta":false,"boss_relics":[{"not_picked":["HereWithMe","TimeKeys"],"picked":"NightmareShop"},{"not_picked":["Transparent","Astrolabe","FixedStarFall"]}],"items_purged_floors":[2,20,36,47,48,54],"is_endless":false,"potions_floor_spawned":[1,6,10,11,12,13,14,16,18,22,23,24,25,27,28,29,30,31,33,35,38,39,40,41,42,44,45,46,55],"ascension_level":20}}