{"host":"xg4r5pv6chpuampg","time":1614079753,"event":{"mods":["AchievementEnabler","BaseMod","Googly Eyes","Minty Spire (QoL Compilation)","StSLib","Together in Spire"],"gold_per_floor":[110,33,45,220,220,259,239,239,318,334,334,354,354,387,387,517,517,532,532,545,545,564,595,595,629,629,643,643,691,744,767,767,905,905,930,386,458,162,175,175,219,219,219,219,219,219],"floor_reached":45,"language":"ENG","playtime":3069,"items_purged":[],"score":682,"play_id":"985bd0dd-a898-4931-ac35-067bb0dd73b1","local_time":"20210223142913","is_ascension_mode":true,"campfire_choices":[{"floor":8,"key":"REST"},{"data":"Eruption","floor":11,"key":"SMITH"},{"floor":13,"key":"REST"},{"data":"Wallop","floor":15,"key":"SMITH"},{"floor":24,"key":"RECALL"},{"floor":32,"key":"REST"},{"data":"DevaForm","floor":40,"key":"SMITH"},{"data":"Ghostly","floor":42,"key":"SMITH"},{"data":"Ghostly","floor":44,"key":"SMITH"}],"circlet_count":0,"master_deck":["Strike_P","Strike_P","Strike_P","Strike_P","Defend_P","Defend_P","Defend_P","Defend_P","Eruption+1","Vigilance","EmptyFist","Wallop+1","Halt","Doubt","SignatureMove","DeceiveReality","WheelKick","DevaForm+1","Protect","Ghostly","Ghostly","Ghostly","Ghostly+1","Ghostly+1","Halt","FollowUp+1","Prostrate","Scrawl","Prostrate","Tantrum","EmptyFist+1"],"relics":["PureWater","Lantern","Golden Idol","Darkstone Periapt","Pantograph","PreservedInsect","Black Star","CeramicFish","Tiny Chest","Blood Vial","Letter Opener","Mango","Red Mask","Kunai","Ornamental Fan","SacredBark","TungstenRod","Yang","GoldenEye","ClockworkSouvenir","Akabeko","Calipers","Potion Belt"],"acts_visited":["Exordium","TheCity","TheBeyond"],"potions_floor_usage":[18,28,28,28,33],"damage_taken":[{"damage":0,"enemies":"2 Louse","floor":1,"turns":2},{"damage":0,"enemies":"Small Slimes","floor":3,"turns":2},{"damage":26,"enemies":"3 Sentries","floor":6,"turns":10},{"damage":0,"enemies":"Jaw Worm","floor":10,"turns":2},{"damage":10,"enemies":"Large Slime","floor":12,"turns":8},{"damage":15,"enemies":"Lagavulin","floor":14,"turns":6},{"damage":65,"enemies":"Slime Boss","floor":16,"turns":19},{"damage":0,"enemies":"2 Thieves","floor":18,"turns":2},{"damage":4,"enemies":"Shell Parasite","floor":20,"turns":6},{"damage":0,"enemies":"Snake Plant","floor":22,"turns":5},{"damage":0,"enemies":"Gremlin Leader","floor":23,"turns":5},{"damage":6,"enemies":"Book of Stabbing","floor":25,"turns":8},{"damage":1,"enemies":"Snecko","floor":27,"turns":6},{"damage":29,"enemies":"Gremlin Leader","floor":28,"turns":8},{"damage":10,"enemies":"Masked Bandits","floor":29,"turns":8},{"damage":0,"enemies":"Slavers","floor":30,"turns":6},{"damage":0,"enemies":"3 Cultists","floor":31,"turns":7},{"damage":18,"enemies":"Champ","floor":33,"turns":13},{"damage":26,"enemies":"3 Darklings","floor":35,"turns":12},{"damage":33,"enemies":"Mind Bloom Boss Battle","floor":37,"turns":9},{"damage":0,"enemies":"Orb Walker","floor":39,"turns":4},{"damage":0,"enemies":"Nemesis","floor":41,"turns":9},{"damage":25,"enemies":"4 Shapes","floor":45,"turns":4}],"seed_played":"-648956807234878057","potions_obtained":[{"floor":3,"key":"LiquidMemories"},{"floor":6,"key":"SmokeBomb"},{"floor":16,"key":"LiquidMemories"},{"floor":20,"key":"SpeedPotion"},{"floor":29,"key":"LiquidMemories"}],"is_trial":false,"path_per_floor":["M","$","M","?","?","E","?","R","T","M","R","M","R","E","R","B",null,"M","?","M","?","M","E","R","E","T","M","E","?","E","M","R","B",null,"M","$","?","$","M","R","E","R","T","R","M"],"character_chosen":"WATCHER","items_purchased":["Wallop","TungstenRod","Yang","ClockworkSouvenir","Akabeko"],"campfire_rested":3,"item_purchase_floors":[2,36,36,38,38],"current_hp_per_floor":[72,72,72,72,54,28,28,49,49,49,49,39,60,45,45,5,72,72,36,32,32,32,32,32,26,40,41,14,6,8,10,25,32,50,24,24,17,17,19,19,21,21,21,21,0,0],"gold":219,"neow_bonus":"RANDOM_COMMON_RELIC","is_daily":false,"chose_seed":false,"campfire_upgraded":5,"win_rate":0.0,"timestamp":1614079753,"path_taken":["M","$","M","?","?","E","?","R","T","M","R","M","R","E","R","BOSS","M","?","M","?","M","E","R","E","T","M","E","?","E","M","R","BOSS","M","$","?","$","M","R","E","R","T","R","M"],"items_purchased_type":["Card","Relic","Relic","Relic","Relic"],"build_version":"2020-12-22","purchased_purges":0,"victory":false,"max_hp_per_floor":[72,72,72,72,72,72,72,72,72,72,72,72,72,72,72,72,72,72,36,36,36,36,36,36,36,50,50,50,50,50,50,50,50,50,50,50,50,50,50,50,50,50,50,50,50,50],"card_choices":[{"not_picked":["CutThroughFate","Worship"],"picked":"EmptyFist","floor":1},{"not_picked":["WaveOfTheHand","ForeignInfluence"],"picked":"Halt","floor":3},{"not_picked":["Evaluate","Halt"],"picked":"SignatureMove","floor":6},{"not_picked":["ReachHeaven","Adaptation"],"picked":"DeceiveReality","floor":10},{"not_picked":["Consecrate","Worship"],"picked":"WheelKick","floor":12},{"not_picked":["Conclude","ClearTheMind","JustLucky"],"picked":"SKIP","floor":14},{"not_picked":["Judgement","Brilliance"],"picked":"DevaForm","floor":16},{"not_picked":["Adaptation","ThirdEye"],"picked":"Protect","floor":18},{"not_picked":["SignatureMove+1","BowlingBash"],"picked":"Halt","floor":20},{"not_picked":["ThirdEye","Conclude","Halt"],"picked":"SKIP","floor":22},{"not_picked":["CutThroughFate","Consecrate","Collect"],"picked":"SKIP","floor":23},{"not_picked":["MasterReality","Crescendo","Evaluate"],"picked":"SKIP","floor":25},{"not_picked":["JustLucky","ThirdEye","PathToVictory"],"picked":"SKIP","floor":27},{"not_picked":["Crescendo","CutThroughFate+1"],"picked":"FollowUp+1","floor":29},{"not_picked":["WindmillStrike","Consecrate"],"picked":"Prostrate","floor":30},{"not_picked":["Swivel+1","Indignation","BowlingBash"],"picked":"SKIP","floor":31},{"not_picked":["SpiritShield","LessonLearned"],"picked":"Scrawl","floor":33},{"not_picked":["ClearTheMind+1","PathToVictory"],"picked":"Prostrate","floor":35},{"not_picked":["WaveOfTheHand","EmptyMind+1"],"picked":"Tantrum","floor":37},{"not_picked":["Consecrate","JustLucky","Pray"],"picked":"SKIP","floor":39},{"not_picked":["LikeWater+1","Blasphemy"],"picked":"EmptyFist+1","floor":41}],"player_experience":158929,"relics_obtained":[{"floor":6,"key":"Darkstone Periapt"},{"floor":9,"key":"Pantograph"},{"floor":14,"key":"PreservedInsect"},{"floor":23,"key":"CeramicFish"},{"floor":23,"key":"Tiny Chest"},{"floor":25,"key":"Blood Vial"},{"floor":25,"key":"Letter Opener"},{"floor":26,"key":"Mango"},{"floor":29,"key":"Red Mask"},{"floor":30,"key":"Kunai"},{"floor":30,"key":"Ornamental Fan"},{"floor":37,"key":"GoldenEye"},{"floor":41,"key":"Calipers"},{"floor":41,"key":"Potion Belt"}],"event_choices":[{"damage_healed":0,"gold_gain":175,"player_choice":"AGREE","damage_taken":0,"max_hp_gain":0,"max_hp_loss":0,"event_name":"Liars Game","floor":4,"gold_loss":0,"cards_obtained":["Doubt"]},{"damage_healed":0,"gold_gain":0,"player_choice":"Take Damage","damage_taken":18,"relics_obtained":["Golden Idol"],"max_hp_gain":0,"max_hp_loss":0,"event_name":"Golden Idol","floor":5,"gold_loss":0},{"damage_healed":0,"gold_gain":0,"player_choice":"Left Gold","damage_taken":0,"max_hp_gain":0,"max_hp_loss":0,"event_name":"World of Goop","floor":7,"gold_loss":20},{"damage_healed":0,"gold_gain":0,"player_choice":"Became a Ghost","damage_taken":0,"max_hp_gain":0,"max_hp_loss":36,"event_name":"Ghosts","floor":19,"gold_loss":0,"cards_obtained":["Ghostly","Ghostly","Ghostly","Ghostly","Ghostly"]},{"damage_healed":0,"gold_gain":0,"player_choice":"Ignored","damage_taken":0,"max_hp_gain":0,"max_hp_loss":0,"event_name":"Cursed Tome","floor":21,"gold_loss":0},{"damage_healed":0,"gold_gain":0,"player_choice":"Fought Bandits","damage_taken":0,"max_hp_gain":0,"max_hp_loss":0,"event_name":"Masked Bandits","floor":29,"gold_loss":0},{"damage_healed":0,"gold_gain":0,"player_choice":"Fight","damage_taken":0,"max_hp_gain":0,"max_hp_loss":0,"event_name":"MindBloom","floor":37,"gold_loss":0}],"is_beta":false,"boss_relics":[{"not_picked":["Velvet Choker","SlaversCollar"],"picked":"Black Star"},{"not_picked":["Fusion Hammer","Sozu"],"picked":"SacredBark"}],"items_purged_floors":[],"is_endless":false,"potions_floor_spawned":[3,6,16,20,22,23,27,29],"killed_by":"4 Shapes","ascension_level":1}}