{"host":"f7jml7vkwn3tj7tu","time":1614066937,"event":{"mods":["BaseMod","Block Reminder","Minty Spire (QoL Compilation)","Relic Stats","Slay-I"],"gold_per_floor":[115,129,148,5,17,47,60,60,60,60,60,76,107,107,107,211,211,224,241,291,311,379,410,410,442,517,550,186,186,196,264,264,362,362,375,150,165,22,0,0,27,27,27,77,127,127,146,196,196,196,196,196,0,25,25],"floor_reached":56,"language":"ENG","playtime":2881,"items_purged":["Doubt","Dash"],"score":1384,"play_id":"11f58249-a2a3-485c-a766-e011a06af274","local_time":"20210223025537","is_ascension_mode":true,"campfire_choices":[{"floor":8.0,"key":"REST"},{"data":"Neutralize","floor":10.0,"key":"SMITH"},{"floor":15.0,"key":"REST"},{"floor":24.0,"key":"REST"},{"floor":29.0,"key":"REST"},{"data":"Venomology","floor":32.0,"key":"SMITH"},{"data":"Catalyst","floor":40.0,"key":"SMITH"},{"data":"Wraith Form v2","floor":42.0,"key":"SMITH"},{"floor":46.0,"key":"RECALL"},{"data":"Caltrops","floor":49.0,"key":"SMITH"},{"data":"After Image","floor":52.0,"key":"SMITH"}],"circlet_count":0,"master_deck":["Strike_G","Strike_G","Strike_G+1","Strike_G","Strike_G+1","Defend_G","Defend_G","Defend_G+1","Defend_G","Survivor","Neutralize+1","Catalyst+1","Catalyst","PiercingWail","Dagger Spray","Noxious Fumes","After Image+1","Backstab+1","Deadly Poison","Tools of the Trade","Blade Dance+1","Venomology+1","Dagger Throw+1","Caltrops+1","Crippling Poison+1","All Out Attack","Storm of Steel","Skewer+1","Bane","Blade Dance+1","Wraith Form v2+1","Sadistic Nature","Dagger Spray+1"],"relics":["Ring of the Snake","NeowsBlessing","TwistedFunnel","Toy Ornithopter","Dream Catcher","Whetstone","SsserpentHead","Cursed Key","HornCleat","Darkstone Periapt","Letter Opener","Kunai","Shuriken","Oddly Smooth Stone","Ancient Tea Set","SlaversCollar","PreservedInsect","DollysMirror","Red Mask","Smiling Mask","Snake Skull","Mercury Hourglass"],"acts_visited":["Exordium","TheCity","TheBeyond","TheEnding"],"potions_floor_usage":[55,55,55],"damage_taken":[{"damage":0.0,"enemies":"Cultist","floor":1.0,"turns":1.0},{"damage":0.0,"enemies":"Jaw Worm","floor":2.0,"turns":1.0},{"damage":0.0,"enemies":"Small Slimes","floor":3.0,"turns":1.0},{"damage":0.0,"enemies":"2 Fungi Beasts","floor":5.0,"turns":3.0},{"damage":53.0,"enemies":"3 Sentries","floor":6.0,"turns":17.0},{"damage":0.0,"enemies":"Looter","floor":7.0,"turns":4.0},{"damage":0.0,"enemies":"3 Louse","floor":12.0,"turns":3.0},{"damage":28.0,"enemies":"Lagavulin","floor":13.0,"turns":7.0},{"damage":45.0,"enemies":"Slime Boss","floor":16.0,"turns":11.0},{"damage":12.0,"enemies":"3 Byrds","floor":18.0,"turns":4.0},{"damage":23.0,"enemies":"Spheric Guardian","floor":19.0,"turns":7.0},{"damage":8.0,"enemies":"Snecko","floor":21.0,"turns":5.0},{"damage":0.0,"enemies":"3 Cultists","floor":22.0,"turns":4.0},{"damage":5.0,"enemies":"Book of Stabbing","floor":23.0,"turns":5.0},{"damage":35.0,"enemies":"Gremlin Leader","floor":25.0,"turns":6.0},{"damage":13.0,"enemies":"Book of Stabbing","floor":27.0,"turns":4.0},{"damage":0.0,"enemies":"Shelled Parasite and Fungi","floor":31.0,"turns":3.0},{"damage":22.0,"enemies":"Collector","floor":33.0,"turns":8.0},{"damage":0.0,"enemies":"3 Shapes","floor":35.0,"turns":4.0},{"damage":5.0,"enemies":"3 Darklings","floor":37.0,"turns":3.0},{"damage":32.0,"enemies":"Nemesis","floor":41.0,"turns":5.0},{"damage":0.0,"enemies":"Jaw Worm Horde","floor":47.0,"turns":4.0},{"damage":40.0,"enemies":"Donu and Deca","floor":50.0,"turns":8.0},{"damage":29.0,"enemies":"Shield and Spear","floor":54.0,"turns":4.0},{"damage":59,"enemies":"The Heart","floor":55,"turns":8}],"seed_played":"2372446986474724271","potions_obtained":[{"floor":1.0,"key":"GhostInAJar"},{"floor":3.0,"key":"Swift Potion"},{"floor":6.0,"key":"Strength Potion"},{"floor":7.0,"key":"GhostInAJar"},{"floor":18.0,"key":"Fire Potion"},{"floor":19.0,"key":"Ancient Potion"},{"floor":22.0,"key":"Ancient Potion"},{"floor":25.0,"key":"DuplicationPotion"},{"floor":31.0,"key":"BlessingOfTheForge"},{"floor":37.0,"key":"Dexterity Potion"}],"is_trial":false,"path_per_floor":["M","M","M","$","M","E","M","R","T","R","$","M","E","?","R","B",null,"M","M","?","M","M","E","R","E","T","E","$","R","?","M","R","B",null,"M","$","M","$","?","R","E","R","T","?","?","R","M","?","R","B",null,"R","$","E","B",null],"character_chosen":"THE_SILENT","items_purchased":["TwistedFunnel","Oddly Smooth Stone","Ancient Tea Set","Caltrops","PreservedInsect","DollysMirror","Snake Skull"],"campfire_rested":4,"item_purchase_floors":[4,28,28,28,36,38,53],"current_hp_per_floor":[70,70,70,70,70,17,17,38,38,38,38,38,15,15,36,1,70,58,35,35,27,27,22,43,13,19,16,16,38,38,38,38,26,76,76,76,71,71,71,71,45,45,51,51,51,51,51,51,51,31,82,82,82,53,9],"gold":25,"neow_bonus":"THREE_ENEMY_KILL","is_daily":false,"chose_seed":false,"campfire_upgraded":6,"win_rate":0.0,"timestamp":1614066937,"path_taken":["M","?","M","$","M","E","M","R","T","R","$","M","E","?","R","BOSS","M","M","?","M","?","E","R","E","T","E","$","R","?","?","R","BOSS","M","$","M","$","?","R","E","R","T","?","?","R","M","?","R","BOSS","R","$","E","BOSS"],"items_purchased_type":["Relic","Relic","Relic","Card","Relic","Relic","Relic"],"build_version":"2020-12-22","purchased_purges":2,"victory":true,"max_hp_per_floor":[70,70,70,70,70,70,70,70,70,70,70,70,70,70,70,70,70,70,70,70,70,70,70,70,70,76,76,76,76,76,76,76,76,76,76,76,76,76,76,76,76,76,82,82,82,82,82,82,82,82,82,82,82,82,82],"relic_stats":{"Darkstone Periapt":12,"counters":[25,130],"PreservedInsect":115,"Snake Skull":[18],"Whetstone":["Strike_G","Strike_G"],"Letter Opener":[123],"Cursed Key":2,"Smiling Mask":50,"Mercury Hourglass":[24],"SsserpentHead":400,"Dream Catcher":3,"Shuriken":[30],"Kunai":[32],"obtain_stats":[{"TwistedFunnel":4,"Darkstone Periapt":23,"NeowsBlessing":0,"Oddly Smooth Stone":28,"PreservedInsect":36,"Snake Skull":53,"Whetstone":13,"Letter Opener":25,"Cursed Key":17,"Ancient Tea Set":28,"Smiling Mask":41,"Mercury Hourglass":54,"SsserpentHead":14,"SlaversCollar":34,"Dream Catcher":9,"HornCleat":20,"Shuriken":27,"DollysMirror":38,"Red Mask":39,"Kunai":26,"Toy Ornithopter":6,"Ring of the Snake":0},{"TwistedFunnel":3,"Darkstone Periapt":14,"NeowsBlessing":0,"Oddly Smooth Stone":16,"PreservedInsect":19,"Snake Skull":23,"Whetstone":8,"Letter Opener":15,"Cursed Key":9,"Ancient Tea Set":16,"Smiling Mask":21,"Mercury Hourglass":24,"SsserpentHead":8,"SlaversCollar":18,"Dream Catcher":6,"HornCleat":11,"Shuriken":16,"DollysMirror":20,"Red Mask":20,"Kunai":15,"Toy Ornithopter":5,"Ring of the Snake":0},{"TwistedFunnel":3,"Darkstone Periapt":73,"NeowsBlessing":0,"Oddly Smooth Stone":83,"PreservedInsect":98,"Snake Skull":118,"Whetstone":37,"Letter Opener":79,"Cursed Key":48,"Ancient Tea Set":83,"Smiling Mask":106,"Mercury Hourglass":122,"SsserpentHead":37,"SlaversCollar":94,"Dream Catcher":27,"HornCleat":59,"Shuriken":83,"DollysMirror":101,"Red Mask":101,"Kunai":79,"Toy Ornithopter":23,"Ring of the Snake":0}],"Toy Ornithopter":66,"Ring of the Snake":[50]},"card_choices":[{"not_picked":["Expertise","Concentrate"],"picked":"Catalyst","floor":1.0},{"not_picked":["Prepared","Eviscerate","Slice"],"picked":"SKIP","floor":2.0},{"not_picked":["Setup","Tactician"],"picked":"Catalyst","floor":3.0},{"not_picked":["Bane","Finisher"],"picked":"PiercingWail","floor":5.0},{"not_picked":["Dagger Throw","Outmaneuver","Eviscerate"],"picked":"SKIP","floor":6.0},{"not_picked":["Deflect","Acrobatics"],"picked":"Dagger Spray","floor":7.0},{"not_picked":["Acrobatics","Deadly Poison"],"picked":"Noxious Fumes","floor":12.0},{"not_picked":["Tools of the Trade","Dagger Throw","Setup"],"picked":"SKIP","floor":13.0},{"not_picked":["Slice","Deflect"],"picked":"Distraction","floor":15.0},{"not_picked":["Wraith Form v2","Doppelganger"],"picked":"After Image","floor":16.0},{"not_picked":["Slice","Acrobatics"],"picked":"Backstab","floor":18.0},{"not_picked":["Calculated Gamble","Crippling Poison"],"picked":"Deadly Poison","floor":19.0},{"not_picked":["Infinite Blades","Deflect","Slice"],"picked":"SKIP","floor":21.0},{"not_picked":["Underhanded Strike","Blade Dance"],"picked":"Tools of the Trade","floor":22.0},{"not_picked":["Endless Agony","Flying Knee"],"picked":"Dash","floor":23.0},{"not_picked":["Slice","Dagger Throw"],"picked":"Blade Dance+1","floor":24.0},{"not_picked":["Flechettes","Slice"],"picked":"Venomology","floor":25.0},{"not_picked":["Prepared","Eviscerate+1"],"picked":"Dagger Throw+1","floor":27.0},{"not_picked":["Escape Plan","Cloak And Dagger"],"picked":"Crippling Poison+1","floor":29.0},{"not_picked":["Setup","Well Laid Plans"],"picked":"All Out Attack","floor":31.0},{"not_picked":["Corpse Explosion","Bullet Time"],"picked":"Storm of Steel","floor":33.0},{"not_picked":["Deadly Poison","Heel Hook+1"],"picked":"Skewer+1","floor":35.0},{"not_picked":["Flechettes","Acrobatics"],"picked":"Bane","floor":37.0},{"not_picked":["Heel Hook","Deadly Poison"],"picked":"Wraith Form v2","floor":41.0},{"not_picked":["Purity","Deep Breath"],"picked":"Sadistic Nature","floor":44.0},{"not_picked":["Dash+1","Accuracy"],"picked":"Dagger Spray+1","floor":47.0},{"not_picked":["Setup+1","Poisoned Stab+1","Underhanded Strike+1"],"picked":"SKIP","floor":54.0}],"player_experience":614849,"relics_obtained":[{"floor":6.0,"key":"Toy Ornithopter"},{"floor":9.0,"key":"Dream Catcher"},{"floor":13.0,"key":"Whetstone"},{"floor":23.0,"key":"Darkstone Periapt"},{"floor":25.0,"key":"Letter Opener"},{"floor":26.0,"key":"Kunai"},{"floor":27.0,"key":"Shuriken"},{"floor":41.0,"key":"Smiling Mask"},{"floor":54.0,"key":"Mercury Hourglass"}],"event_choices":[{"damage_healed":0.0,"max_hp_gain":0.0,"max_hp_loss":0.0,"gold_gain":0.0,"event_name":"FaceTrader","player_choice":"Trade","floor":14.0,"gold_loss":0.0,"damage_taken":0.0,"relics_obtained":["SsserpentHead"]},{"cards_removed":["Distraction"],"damage_healed":0.0,"max_hp_gain":0.0,"max_hp_loss":0.0,"gold_gain":0.0,"event_name":"WeMeetAgain","player_choice":"Gave Card","floor":20.0,"gold_loss":0.0,"damage_taken":0.0,"relics_obtained":["HornCleat"]},{"damage_healed":0.0,"max_hp_gain":0.0,"max_hp_loss":0.0,"gold_gain":0.0,"event_name":"Designer","player_choice":"Upgraded Two","floor":30.0,"gold_loss":40.0,"damage_taken":0.0,"cards_upgraded":["Backstab","Defend_G"]},{"damage_healed":0.0,"max_hp_gain":0.0,"max_hp_loss":0.0,"gold_gain":0.0,"event_name":"Tomb of Lord Red Mask","player_choice":"Paid","floor":39.0,"gold_loss":72.0,"damage_taken":0.0,"relics_obtained":["Red Mask"]},{"damage_healed":0.0,"max_hp_gain":0.0,"max_hp_loss":0.0,"gold_gain":0.0,"event_name":"SensoryStone","player_choice":"Memory 1","floor":44.0,"gold_loss":0.0,"damage_taken":0.0},{"cards_removed":["Defend_G"],"damage_healed":0.0,"max_hp_gain":0.0,"max_hp_loss":0.0,"gold_gain":0.0,"event_name":"Falling","player_choice":"Removed Skill","floor":45.0,"gold_loss":0.0,"damage_taken":0.0},{"cards_removed":["Regret"],"damage_healed":0.0,"max_hp_gain":0.0,"max_hp_loss":0.0,"gold_gain":0.0,"event_name":"Fountain of Cleansing","player_choice":"Removed Curses","floor":48.0,"gold_loss":0.0,"damage_taken":0.0}],"is_beta":false,"boss_relics":[{"not_picked":["Coffee Dripper","Runic Dome"],"picked":"Cursed Key"},{"not_picked":["Velvet Choker","Sozu"],"picked":"SlaversCollar"}],"items_purged_floors":[36,53],"is_endless":false,"potions_floor_spawned":[1,3,6,7,18,19,22,25,31,37],"ascension_level":3}}