{"host":"Pascal","time":1614117591,"event":{"mods":["BaseMod","Googly Eyes","Minty Spire (QoL Compilation)","Permanent Neow","Relic Stats","StSLib"],"gold_per_floor":[109,109,109,134,134,168,187,208,257,3,36,51,66,85,85,85,85],"floor_reached":16,"language":"ENG","playtime":661,"items_purged":["Shame"],"score":154,"play_id":"ba6e0841-ffe2-4f28-ba2d-cd2fc5263af6","local_time":"20210223225951","is_ascension_mode":true,"campfire_choices":[{"floor":15,"key":"REST"}],"circlet_count":0,"master_deck":["Strike_R","Strike_R","Strike_R+1","Strike_R","Strike_R+1","Defend_R","Defend_R","Defend_R","Defend_R","Bash","Immolate","Injury","Wild Strike","Thunderclap","Impervious","Second Wind"],"relics":["Burning Blood","The Courier","Golden Idol","Blood Vial","Vajra","Darkstone Periapt","PreservedInsect"],"acts_visited":["Exordium"],"potions_floor_usage":[11,14,16],"damage_taken":[{"damage":5,"enemies":"Small Slimes","floor":1,"turns":2},{"damage":7,"enemies":"2 Louse","floor":4,"turns":2},{"damage":35,"enemies":"Gremlin Nob","floor":6,"turns":4},{"damage":6,"enemies":"Cultist","floor":7,"turns":3},{"damage":7,"enemies":"Lots of Slimes","floor":8,"turns":2},{"damage":2,"enemies":"3 Sentries","floor":11,"turns":3},{"damage":6,"enemies":"3 Louse","floor":12,"turns":3},{"damage":8,"enemies":"Blue Slaver","floor":13,"turns":3},{"damage":0,"enemies":"Gremlin Gang","floor":14,"turns":2},{"damage":72,"enemies":"The Guardian","floor":16,"turns":10}],"seed_played":"-5281672474865540026","potions_obtained":[{"floor":6,"key":"BlessingOfTheForge"},{"floor":8,"key":"SpeedPotion"},{"floor":13,"key":"DistilledChaos"}],"is_trial":false,"path_per_floor":["M","?","?","M","?","E","M","M","T","$","E","M","M","M","R","B"],"character_chosen":"IRONCLAD","items_purchased":["Darkstone Periapt"],"campfire_rested":1,"item_purchase_floors":[10],"current_hp_per_floor":[73,70,70,69,53,24,26,27,27,27,33,35,35,43,67,0,0],"gold":85,"neow_bonus":"THREE_RARE_CARDS","is_daily":false,"chose_seed":false,"campfire_upgraded":0,"win_rate":0.0,"timestamp":1614117591,"path_taken":["M","?","?","M","?","E","M","M","T","?","E","M","?","M","R","BOSS"],"items_purchased_type":["Relic"],"build_version":"2020-12-18","purchased_purges":1,"victory":false,"max_hp_per_floor":[80,80,80,80,80,80,80,80,80,80,80,80,80,80,80,80,80],"relic_stats":{"Blood Vial":14,"Darkstone Periapt":0,"counters":[10,34],"Golden Idol":37,"PreservedInsect":0,"obtain_stats":[{"Blood Vial":6,"Darkstone Periapt":10,"Golden Idol":3,"Vajra":9,"The Courier":2,"PreservedInsect":11,"Burning Blood":0},{"Blood Vial":3,"Darkstone Periapt":5,"Golden Idol":1,"Vajra":5,"The Courier":1,"PreservedInsect":6,"Burning Blood":0},{"Blood Vial":8,"Darkstone Periapt":13,"Golden Idol":2,"Vajra":13,"The Courier":2,"PreservedInsect":16,"Burning Blood":0}],"Burning Blood":54},"card_choices":[{"not_picked":["Offering","Juggernaut"],"picked":"Immolate","floor":0},{"not_picked":["Warcry","Clash","Heavy Blade"],"picked":"SKIP","floor":1},{"not_picked":["Clash","Flame Barrier"],"picked":"Wild Strike","floor":4},{"not_picked":["Body Slam","Twin Strike","True Grit"],"picked":"SKIP","floor":6},{"not_picked":["Armaments","Iron Wave"],"picked":"Thunderclap","floor":7},{"not_picked":["Anger","Havoc"],"picked":"Impervious","floor":8},{"not_picked":["Berserk","Fiend Fire","Rupture"],"picked":"SKIP","floor":11},{"not_picked":["Dropkick","Heavy Blade","Combust"],"picked":"SKIP","floor":12},{"not_picked":["Clash","Whirlwind"],"picked":"Second Wind","floor":13},{"not_picked":["Cleave","Sword Boomerang","Rage"],"picked":"SKIP","floor":14}],"player_experience":198370,"relics_obtained":[{"floor":6,"key":"Blood Vial"},{"floor":9,"key":"Vajra"},{"floor":11,"key":"PreservedInsect"}],"event_choices":[{"damage_healed":0,"gold_gain":0,"player_choice":"Success","damage_taken":3,"relics_obtained":["The Courier"],"max_hp_gain":0,"max_hp_loss":0,"event_name":"Scrap Ooze","floor":2,"gold_loss":0},{"damage_healed":0,"gold_gain":0,"player_choice":"Take Wound","damage_taken":0,"relics_obtained":["Golden Idol"],"max_hp_gain":0,"max_hp_loss":0,"event_name":"Golden Idol","floor":3,"gold_loss":0,"cards_obtained":["Injury"]},{"damage_healed":0,"gold_gain":0,"player_choice":"Entered Light","damage_taken":16,"max_hp_gain":0,"max_hp_loss":0,"event_name":"Shining Light","floor":5,"gold_loss":0,"cards_upgraded":["Strike_R","Strike_R"]}],"is_beta":true,"boss_relics":[],"items_purged_floors":[10],"is_endless":false,"potions_floor_spawned":[6,8,13],"killed_by":"The Guardian","ascension_level":7}}