{"host":"avjwtc49fhlk6kym","time":1614040227,"event":{"mods":["AchievementEnabler","BaseMod","Better Match","Better Note","Better Third Choice","Colored Map","Colored Powertips","Displayed Cursed Tome","Highlight Path","Minty Spire (QoL Compilation)","Permanent Neow","Quick Restart","StSLib"],"gold_per_floor":[119,119,135,148,221,249,249,276,276,276,307,307,336,346,346,449,449,463,477,477,493,185,185,185,197,278,278,289,289,316,328,328,428,428,442,458,458,181,191,223,223,273,299,47,59,73,73,73,73],"floor_reached":48,"language":"ENG","playtime":2633,"items_purged":["Writhe"],"score":586,"play_id":"8d428eb9-4def-4be4-9214-5ad1e22648be","local_time":"20210222193027","is_ascension_mode":true,"campfire_choices":[{"data":"BattleHymn","floor":7.0,"key":"SMITH"},{"data":"Establishment","floor":10.0,"key":"SMITH"},{"floor":12.0,"key":"REST"},{"floor":15.0,"key":"REST"},{"floor":23.0,"key":"REST"},{"floor":27.0,"key":"REST"},{"floor":29.0,"key":"REST"},{"floor":32.0,"key":"REST"},{"floor":41,"key":"REST"},{"floor":47,"key":"REST"}],"circlet_count":0,"master_deck":["Strike_P+1","Strike_P+1","Strike_P+1","Defend_P+1","Defend_P+1","Defend_P+1","Defend_P+1","Eruption","Vigilance","LikeWater","ReachHeaven","BattleHymn+1","Establishment+1","FollowUp","Sanctity","Consecrate","Protect","Devotion","Prostrate","Halt","ClearTheMind","LikeWater","Wallop","TalkToTheHand","Protect","FollowUp","LikeWater","Prostrate","PathToVictory+1","Judgement","ClearTheMind","Bandage Up","Thinking Ahead","Prostrate"],"relics":["PureWater","Mango","Gambling Chip","Peace Pipe","Bag of Marbles","Singing Bowl","SlaversCollar","TeardropLocket","Bottled Lightning","Kunai","VioletLotus","Blood Vial","Yang","Lizard Tail","Orichalcum"],"acts_visited":["Exordium","TheCity","TheBeyond"],"potions_floor_usage":[42],"damage_taken":[{"damage":7.0,"enemies":"Jaw Worm","floor":1.0,"turns":3.0},{"damage":0.0,"enemies":"Small Slimes","floor":3.0,"turns":3.0},{"damage":0.0,"enemies":"2 Louse","floor":4.0,"turns":2.0},{"damage":4.0,"enemies":"3 Sentries","floor":6.0,"turns":5.0},{"damage":6.0,"enemies":"Lagavulin","floor":8.0,"turns":7.0},{"damage":21.0,"enemies":"3 Sentries","floor":11.0,"turns":7.0},{"damage":2.0,"enemies":"Lagavulin","floor":13.0,"turns":5.0},{"damage":21.0,"enemies":"Lots of Slimes","floor":14.0,"turns":3.0},{"damage":17.0,"enemies":"The Guardian","floor":16.0,"turns":13.0},{"damage":1.0,"enemies":"Spheric Guardian","floor":18.0,"turns":5.0},{"damage":25.0,"enemies":"2 Thieves","floor":19.0,"turns":3.0},{"damage":36.0,"enemies":"3 Cultists","floor":21.0,"turns":5.0},{"damage":35.0,"enemies":"Snake Plant","floor":25.0,"turns":5.0},{"damage":26.0,"enemies":"Cultist and Chosen","floor":28.0,"turns":7.0},{"damage":17.0,"enemies":"Slavers","floor":30.0,"turns":5.0},{"damage":20.0,"enemies":"Centurion and Healer","floor":31.0,"turns":5.0},{"damage":14.0,"enemies":"Champ","floor":33.0,"turns":12.0},{"damage":11.0,"enemies":"Orb Walker","floor":35.0,"turns":6.0},{"damage":20.0,"enemies":"3 Darklings","floor":36.0,"turns":6.0},{"damage":0.0,"enemies":"Maw","floor":39.0,"turns":8.0},{"damage":55.0,"enemies":"Reptomancer","floor":40.0,"turns":8.0},{"damage":21,"enemies":"Mind Bloom Boss Battle","floor":42,"turns":6},{"damage":16,"enemies":"Sphere and 2 Shapes","floor":45,"turns":7},{"damage":75,"enemies":"3 Darklings","floor":46,"turns":7},{"damage":66,"enemies":"Jaw Worm Horde","floor":48,"turns":3}],"seed_played":"2495080384355365868","potions_obtained":[{"floor":1.0,"key":"Fruit Juice"},{"floor":4.0,"key":"LiquidMemories"},{"floor":6.0,"key":"Strength Potion"},{"floor":11.0,"key":"SteroidPotion"},{"floor":16.0,"key":"AttackPotion"},{"floor":19.0,"key":"SteroidPotion"},{"floor":28.0,"key":"SneckoOil"},{"floor":31.0,"key":"GamblersBrew"},{"floor":33.0,"key":"SpeedPotion"},{"floor":36.0,"key":"Ancient Potion"},{"floor":40.0,"key":"SkillPotion"},{"floor":42,"key":"Dexterity Potion"}],"is_trial":false,"path_per_floor":["M","?","M","M","?","E","R","E","T","R","E","R","E","M","R","B",null,"M","M","?","M","$","R","?","M","T","R","M","R","E","M","R","B",null,"M","M","?","$","M","E","R","?","T","$","M","M","R","M"],"character_chosen":"WATCHER","items_purchased":["TeardropLocket","LikeWater","Blood Vial","Prostrate","Bandage Up","Thinking Ahead"],"campfire_rested":8,"item_purchase_floors":[22,22,38,38,44,44],"current_hp_per_floor":[63,91,91,91,91,87,87,81,81,81,60,87,85,64,91,74,91,90,65,65,29,29,56,56,21,21,48,22,49,34,14,41,29,95,86,66,90,90,92,39,68,49,49,49,39,27,56,0,0],"gold":73,"neow_bonus":"ONE_RARE_RELIC","is_daily":false,"chose_seed":false,"campfire_upgraded":2,"win_rate":0.0,"timestamp":1614040227,"path_taken":["M","?","M","M","?","E","R","E","T","R","E","R","E","M","R","BOSS","M","M","?","M","$","R","?","?","T","R","M","R","E","M","R","BOSS","M","M","?","$","M","E","R","?","T","$","M","M","R","M"],"items_purchased_type":["Relic","Card","Relic","Card","Card","Card"],"build_version":"2020-12-22","purchased_purges":1,"victory":false,"max_hp_per_floor":[91,91,91,91,91,91,91,91,91,91,91,91,91,91,91,91,91,91,91,91,91,91,91,91,91,91,91,91,91,93,93,93,95,95,97,97,97,97,97,97,97,97,97,97,97,99,99,99,99],"card_choices":[{"not_picked":["EmptyBody","Halt"],"picked":"LikeWater","floor":1.0},{"not_picked":["Crescendo","JustLucky"],"picked":"ReachHeaven","floor":3.0},{"not_picked":["Meditate","Nirvana"],"picked":"BattleHymn","floor":4.0},{"not_picked":["FlurryOfBlows","EmptyBody"],"picked":"Establishment","floor":6.0},{"not_picked":["SignatureMove","CarveReality"],"picked":"FollowUp","floor":8.0},{"not_picked":["Vengeance","EmptyFist"],"picked":"Sanctity","floor":11.0},{"not_picked":["PathToVictory","ClearTheMind"],"picked":"Consecrate","floor":13.0},{"not_picked":["BowlingBash","JustLucky"],"picked":"Protect","floor":14.0},{"not_picked":["Blasphemy","DevaForm"],"picked":"Devotion","floor":16.0},{"not_picked":["WindmillStrike","CutThroughFate"],"picked":"Prostrate","floor":18.0},{"not_picked":["ClearTheMind","PathToVictory"],"picked":"Halt","floor":19.0},{"not_picked":["Vengeance+1","Halt"],"picked":"ClearTheMind","floor":21.0},{"not_picked":["FollowUp","Meditate"],"picked":"TalkToTheHand","floor":25.0},{"not_picked":["Nirvana+1","Crescendo"],"picked":"Protect","floor":28.0},{"not_picked":["BattleHymn","JustLucky","Sanctity+1"],"picked":"Singing Bowl","floor":30.0},{"not_picked":["Alpha","Protect+1"],"picked":"FollowUp","floor":31.0},{"not_picked":["Ragnarok","Vault","Blasphemy"],"picked":"Singing Bowl","floor":33.0},{"not_picked":["ClearTheMind","WreathOfFlame","FlyingSleeves+1"],"picked":"Singing Bowl","floor":35.0},{"not_picked":["ThirdEye+1","Consecrate"],"picked":"LikeWater","floor":36.0},{"not_picked":["CutThroughFate","Crescendo+1"],"picked":"PathToVictory+1","floor":39.0},{"not_picked":["CrushJoints","Evaluate+1"],"picked":"Judgement","floor":40.0},{"not_picked":["MentalFortress","Halt+1"],"picked":"ClearTheMind","floor":42},{"not_picked":["FollowUp","EmptyBody+1"],"picked":"Prostrate","floor":45},{"not_picked":["Adaptation+1","Crescendo","ThirdEye"],"picked":"Singing Bowl","floor":46}],"player_experience":462808,"relics_obtained":[{"floor":6.0,"key":"Gambling Chip"},{"floor":8.0,"key":"Peace Pipe"},{"floor":11.0,"key":"Bag of Marbles"},{"floor":13.0,"key":"Singing Bowl"},{"floor":26.0,"key":"Bottled Lightning"},{"floor":30.0,"key":"Kunai"},{"floor":40.0,"key":"Yang"},{"floor":42,"key":"Lizard Tail"},{"floor":43,"key":"Orichalcum"}],"event_choices":[{"damage_healed":30.0,"max_hp_gain":0.0,"max_hp_loss":0.0,"gold_gain":0.0,"event_name":"Big Fish","player_choice":"Banana","floor":2.0,"gold_loss":0.0,"damage_taken":0.0},{"damage_healed":0.0,"max_hp_gain":0.0,"max_hp_loss":0.0,"gold_gain":73.0,"event_name":"Golden Wing","player_choice":"Gained Gold","floor":5.0,"gold_loss":0.0,"damage_taken":0.0},{"damage_healed":0.0,"max_hp_gain":0.0,"max_hp_loss":8.0,"gold_gain":0.0,"event_name":"betterThird:BetterWriting","player_choice":"Simplicity","floor":20.0,"gold_loss":0.0,"damage_taken":0.0},{"damage_healed":0.0,"max_hp_gain":0.0,"max_hp_loss":0.0,"gold_gain":0.0,"cards_transformed":["Strike_P"],"event_name":"Transmorgrifier","player_choice":"Transformed","floor":24.0,"gold_loss":0.0,"damage_taken":0.0,"cards_obtained":["Wallop"]},{"damage_healed":24.0,"max_hp_gain":0.0,"max_hp_loss":0.0,"gold_gain":0.0,"event_name":"Winding Halls","player_choice":"Writhe","floor":37.0,"gold_loss":0.0,"damage_taken":0.0,"cards_obtained":["Writhe"]},{"damage_healed":0,"gold_gain":0,"player_choice":"Fight","damage_taken":0,"max_hp_gain":0,"max_hp_loss":0,"event_name":"MindBloom","floor":42,"gold_loss":0}],"is_beta":false,"boss_relics":[{"not_picked":["Runic Pyramid","Fusion Hammer"],"picked":"SlaversCollar"},{"not_picked":["Coffee Dripper","Astrolabe"],"picked":"VioletLotus"}],"items_purged_floors":[38],"is_endless":false,"potions_floor_spawned":[1,4,6,11,16,19,28,31,33,36,40,42],"killed_by":"Jaw Worm Horde","ascension_level":2}}