{"host":"ou23awlgcm0pi7o1","time":1614075720,"event":{"mods":["BaseMod","Colored Map","Minty Spire (QoL Compilation)","StSLib","The Animator","Unceasing Turn Reminder"],"gold_per_floor":[114,129,129,141,141,169,180,180,180,180,180],"floor_reached":10,"language":"ENG","playtime":925,"items_purged":[],"score":71,"play_id":"0e550374-422a-47c0-a494-2df75e61b003","local_time":"20210223102200","is_ascension_mode":true,"campfire_choices":[{"data":"animator:Father","floor":8.0,"key":"SMITH"}],"circlet_count":0,"master_deck":["animator:Strike_MadokaMagica+1","animator:Defend_MadokaMagica","animator:Strike","animator:Defend","animator:Defend","animator:IrohaTamaki","animator:YuiTsuruno","animator:Chung","animator:DolaRiku","animator:Shiro","animator:DolaCouronne+1","animator:FielNirvalen","animator:Tet"],"relics":["animator:LivingPicture","animator:TheMissingPiece","Question Card","Eternal Feather","Philosopher\u0027s Stone"],"acts_visited":["Exordium"],"potions_floor_usage":[10],"damage_taken":[{"damage":0.0,"enemies":"Cultist","floor":1.0,"turns":5.0},{"damage":6.0,"enemies":"Jaw Worm","floor":2.0,"turns":4.0},{"damage":0.0,"enemies":"Small Slimes","floor":4.0,"turns":7.0},{"damage":8.0,"enemies":"Lagavulin","floor":6.0,"turns":7.0},{"damage":5.0,"enemies":"Looter","floor":7.0,"turns":4.0},{"damage":20,"enemies":"3 Sentries","floor":10,"turns":9}],"seed_played":"3330203701718302996","potions_obtained":[{"floor":4.0,"key":"AttackPotion"},{"floor":6.0,"key":"EssenceOfSteel"}],"is_trial":false,"path_per_floor":["M","M","?","M","?","E","M","R","T","E"],"character_chosen":"THE_ANIMATOR","items_purchased":[],"campfire_rested":0,"item_purchase_floors":[],"current_hp_per_floor":[48,42,42,42,29,21,16,16,16,0,0],"gold":180,"neow_bonus":"TRANSFORM_TWO_CARDS","is_daily":false,"chose_seed":false,"campfire_upgraded":1,"win_rate":0.0,"timestamp":1614075720,"path_taken":["M","?","?","?","?","E","M","R","T","E"],"items_purchased_type":[],"build_version":"2020-12-22","purchased_purges":0,"victory":false,"max_hp_per_floor":[66,66,66,66,66,66,66,66,66,38,38],"card_choices":[{"not_picked":["animator:Elsword","animator:DwarfShaman"],"picked":"animator:DolaRiku","floor":1.0},{"not_picked":["animator:KyokoSakura","animator:Ciel"],"picked":"animator:Shiro","floor":2.0},{"not_picked":["animator:MetalKnight","animator:ElricEdward"],"picked":"animator:DolaCouronne","floor":4.0},{"not_picked":["animator:Jibril","animator:DolaSchwi"],"picked":"animator:FielNirvalen","floor":6.0},{"not_picked":["animator:Sloth","animator:Jibril","animator:KyokoSakura"],"picked":"animator:Tet","floor":7.0}],"player_experience":150544,"relics_obtained":[{"floor":6.0,"key":"Question Card"},{"floor":9.0,"key":"Eternal Feather"}],"event_choices":[{"cards_removed":["animator:Defend"],"damage_healed":0.0,"max_hp_gain":0.0,"max_hp_loss":0.0,"gold_gain":0.0,"event_name":"Bonfire Elementals","player_choice":"Offered Basic","floor":3.0,"gold_loss":0.0,"damage_taken":0.0},{"damage_healed":0.0,"max_hp_gain":0.0,"max_hp_loss":0.0,"gold_gain":0.0,"event_name":"Shining Light","player_choice":"Entered Light","floor":5.0,"gold_loss":0.0,"damage_taken":13.0,"cards_upgraded":["animator:Strike_MadokaMagica","animator:DolaCouronne"]}],"is_beta":false,"boss_relics":[],"items_purged_floors":[],"is_endless":false,"potions_floor_spawned":[4,6],"killed_by":"3 Sentries","ascension_level":1}}