{"host":"sxaoifcprvg3ww0o","time":1614048889,"event":{"mods":["ATMod(∞¢Ë™Mod)","Act Like it!","Arknights","BaseMod","Downfall","Gensokyo","GifTheSpireLib","Hermit","KinomotoSakuraMod(ƒæ÷Æ±æ”£)","Marisa£®ÏF”Í°°ƒß¿Ì…≥£©","Minty Spire (QoL Compilation)","Prisma Mod","Quick Restart","Reimu£®≤©¿ˆ¡È√Œ£©","Reliquary","Remilia£®¿Ÿ√◊¿Ú—«£©","Replay The Spire","StSLib","The Alterego","The Senshi","Waifu the Spire","Yakumo Yukari mod","Youmu£®ªÍ∆«—˝√Œ£©","Yuyuko","°æ“≈ŒÔø®≈∆°øREMEMod"],"gold_per_floor":[110,110,110,40,53,84,84,101,124,124,124],"floor_reached":10,"language":"ZHS","playtime":505,"items_purged":[],"score":122,"play_id":"5a9bcb6f-d967-426d-a12c-ae023b5b679b","local_time":"20210223105449","is_ascension_mode":true,"campfire_choices":[{"floor":7.0,"key":"REST"}],"circlet_count":0,"master_deck":["AscendersBane","Strike_R","Strike_R","Strike_R","Strike_R+1","Strike_R","Defend_R","Defend_R","Defend_R","Defend_R","Bash","AT_ChampionKick","Dual Wield","Clumsy","AT_DiedThrough+1","AT_BodySlamDance","Eclipse"],"relics":["Burning Blood","REME_ComplimentaryCards","AT_ATBox","Gensokyo:NagashiBinaDoll","Bronze Scales"],"acts_visited":["Exordium"],"potions_floor_usage":[10,10],"damage_taken":[{"damage":17.0,"enemies":"Gensokyo:2_Kodama","floor":1.0,"turns":4.0},{"damage":8.0,"enemies":"Gensokyo:Python","floor":5.0,"turns":3.0},{"damage":59.0,"enemies":"Gensokyo:Aya","floor":6.0,"turns":12.0},{"damage":12.0,"enemies":"Gensokyo:3_Fairies","floor":8.0,"turns":6.0},{"damage":28,"enemies":"Gensokyo:Cirno","floor":10,"turns":3}],"seed_played":"8152520965478202299","potions_obtained":[{"floor":6.0,"key":"Swift Potion"},{"floor":8.0,"key":"EssenceOfSteel"}],"is_trial":false,"path_per_floor":["M","?","?","?","M","E","R","M","T","E"],"character_chosen":"IRONCLAD","items_purchased":[],"campfire_rested":1,"item_purchase_floors":[],"current_hp_per_floor":[64,64,64,64,62,9,33,27,27,0,0],"gold":124,"neow_bonus":"TEN_PERCENT_HP_BONUS","is_daily":false,"chose_seed":false,"campfire_upgraded":0,"win_rate":0.0,"timestamp":1614048889,"path_taken":["M","?","?","?","M","E","R","?","T","E"],"items_purchased_type":[],"build_version":"2020-12-22","purchased_purges":0,"victory":false,"max_hp_per_floor":[82,82,82,82,82,82,82,82,82,82,82],"card_choices":[{"not_picked":["Twin Strike","Armaments","Replay:Undeath\u0027s Touch"],"picked":"SKIP","floor":1.0},{"not_picked":["Blood for Blood","Clash"],"picked":"AT_DiedThrough","floor":3.0},{"not_picked":["Thunderclap","Armaments"],"picked":"AT_BodySlamDance","floor":3.0},{"not_picked":["Iron Wave","AT_IchimonjiDouble","Battle Trance"],"picked":"SKIP","floor":5.0},{"not_picked":["ReplayTheSpireMod:Limb From Limb","Havoc"],"picked":"Eclipse","floor":6.0},{"not_picked":["Run Through","Wild Strike","Thunderclap"],"picked":"SKIP","floor":8.0}],"player_experience":607959,"relics_obtained":[{"floor":6.0,"key":"Bronze Scales"}],"event_choices":[],"is_beta":false,"boss_relics":[],"items_purged_floors":[],"is_endless":false,"potions_floor_spawned":[6,8],"killed_by":"Gensokyo:Cirno","ascension_level":20}}