{"host":"qrfkyfrpo74atslb","time":1614064611,"event":{"mods":["Bartender","BaseMod","Beaked The Cultist","CapriCore","Colored Map","Colored Powertips","Conspire","DeckTracker","Downfall","Hermit","Hubris","Koishi","LagranYue(???·?)","Marisa????????","Minty Spire (QoL Compilation)","Prisma Mod","Remilia??????","StSLib","The Alterego","The Cursed","The Immortal","The Mystic","The Necromancer","The Servant 0.9.4","The Wild Card","Yakumo Yukari mod","Yuyuko"],"gold_per_floor":[119,19,19,19,0,0,42,42,113,140,153,205,231,246,246,348,348,375,416,57,57,5,5,5,44,44,77,77,111,125,166,166,166,166],"floor_reached":33,"language":"ENG","playtime":1197,"items_purged":[],"score":400,"play_id":"a137f61c-6d36-4c39-b039-5b49b6bfe16f","local_time":"20210223201651","is_ascension_mode":false,"campfire_choices":[{"data":"beaked:WarriorSpirit","floor":6,"key":"SMITH"},{"data":"beaked:Overpower","floor":8,"key":"SMITH"},{"floor":15,"key":"REST"},{"floor":24,"key":"REST"},{"floor":28,"key":"REST"},{"floor":32,"key":"REST"}],"circlet_count":0,"master_deck":["conspire:GhostlyStrike","conspire:GhostlyStrike","conspire:GhostlyStrike","conspire:GhostlyStrike","conspire:GhostlyStrike","conspire:GhostlyDefend","conspire:GhostlyDefend","conspire:GhostlyDefend","conspire:GhostlyDefend","beaked:Ceremony","beaked:Ceremony","beaked:Ceremony","beaked:WarriorSpirit+1","conspire:SpireCoStock","conspire:SpireCoStock","beaked:Overpower+1","beaked:Sacrifice","beaked:RuinSticks","beaked:StickSmack","beaked:Sacrifice","beaked:Resilience+1","beaked:Brace","beaked:Windmill","Iron Wave","beaked:WarriorEssence","beaked:Tweet+1"],"relics":["beaked:MendingPlumage","LagranYue:RandomDrawCardRelic","NeowsBlessing","Tiny Chest","hubris:CrystalStatue","Peace Pipe","Happy Flower","Fusion Hammer","HandDrill","MealTicket","Toxic Egg 2","Bottled Tornado","Orichalcum"],"acts_visited":["Exordium","TheCity"],"potions_floor_usage":[12,16,16,19,31,33],"damage_taken":[{"damage":0,"enemies":"2 Louse","floor":1,"turns":1},{"damage":0,"enemies":"Gremlin Nob","floor":7,"turns":1},{"damage":0,"enemies":"3 Sentries","floor":10,"turns":2},{"damage":4,"enemies":"conspire:RoseBush","floor":11,"turns":1},{"damage":11,"enemies":"Jaw Worm","floor":12,"turns":2},{"damage":12,"enemies":"Exordium Wildlife","floor":14,"turns":3},{"damage":63,"enemies":"Hexaghost","floor":16,"turns":7},{"damage":2,"enemies":"Spheric Guardian","floor":18,"turns":3},{"damage":49,"enemies":"Chosen","floor":19,"turns":5},{"damage":18,"enemies":"Sentry and Sphere","floor":25,"turns":4},{"damage":23,"enemies":"Snake Plant","floor":27,"turns":4},{"damage":20,"enemies":"conspire:Head Lice","floor":29,"turns":6},{"damage":45,"enemies":"3 Cultists","floor":30,"turns":6},{"damage":35,"enemies":"Shelled Parasite and Fungi","floor":31,"turns":5},{"damage":88,"enemies":"Collector","floor":33,"turns":7}],"seed_played":"7485755406648979999","potions_obtained":[{"floor":1,"key":"SneckoOil"},{"floor":10,"key":"Dexterity Potion"},{"floor":12,"key":"FearPotion"},{"floor":18,"key":"AttackPotion"},{"floor":19,"key":"Strength Potion"},{"floor":25,"key":"champ:CounterPotion"}],"is_trial":false,"path_per_floor":["M","?","$","?","?","R","E","R","T","E","M","M","T","M","R","B",null,"M","M","$","?","$","T","R","M","T","M","R","E","M","M","R","B"],"character_chosen":"BEAKED_THE_CULTIST","items_purchased":["HandDrill","beaked:Windmill","MealTicket","beaked:WarriorEssence"],"campfire_rested":4,"item_purchase_floors":[20,20,20,22],"current_hp_per_floor":[50,50,50,50,50,50,50,50,50,50,47,43,43,44,56,13,56,59,27,27,27,42,42,60,54,54,45,64,65,38,29,50,0,0],"gold":166,"neow_bonus":"THREE_ENEMY_KILL","is_daily":false,"chose_seed":false,"campfire_upgraded":2,"win_rate":0.0,"timestamp":1614064611,"path_taken":["M","?","$","?","?","R","E","R","T","E","M","M","?","?","R","BOSS","M","M","$","?","$","?","R","M","T","?","R","E","M","M","R","BOSS"],"items_purchased_type":["Relic","Card","Relic","Card"],"build_version":"2020-12-22","purchased_purges":0,"victory":false,"max_hp_per_floor":[50,50,50,50,50,50,50,50,50,50,50,53,53,56,56,56,56,59,62,62,62,62,62,62,65,65,65,65,65,65,71,71,71,71],"card_choices":[{"not_picked":["beaked:Redirect","beaked:HuntressSpirit"],"picked":"beaked:WarriorSpirit","floor":1},{"not_picked":["beaked:CursingBlood","beaked:Molting"],"picked":"beaked:Overpower","floor":7},{"not_picked":["beaked:VigorBurst","beaked:DigDeep"],"picked":"beaked:Sacrifice","floor":10},{"not_picked":["beaked:StunningBlow","beaked:Devastation","beaked:DigDeeper"],"picked":"SKIP","floor":11},{"not_picked":["beaked:Overexert","beaked:Cower"],"picked":"beaked:RuinSticks","floor":12},{"not_picked":["beaked:TuckingFeathers","beaked:Redirect"],"picked":"beaked:StickSmack","floor":14},{"not_picked":["beaked:DarkTribute","beaked:Caw"],"picked":"beaked:Sacrifice","floor":16},{"not_picked":["beaked:Replenish+1","beaked:Evade"],"picked":"beaked:Resilience+1","floor":18},{"not_picked":["beaked:Overexert","beaked:HuntressSpirit"],"picked":"beaked:Brace","floor":19},{"not_picked":["beaked:StunningBlow","beaked:WarriorEssence","beaked:FeelMyPain+1"],"picked":"SKIP","floor":25},{"not_picked":["beaked:Foresight+1","beaked:CursingBlood+1"],"picked":"beaked:Tweet+1","floor":27},{"not_picked":["beaked:WarriorEssence","beaked:SurvivalInstinct+1","beaked:Cower+1"],"picked":"SKIP","floor":29},{"not_picked":["beaked:Devastation","beaked:Poke","beaked:DesperateSwing"],"picked":"SKIP","floor":30},{"not_picked":["beaked:Poke+1","beaked:Resilience+1","beaked:LiftOff"],"picked":"SKIP","floor":31}],"player_experience":118869,"relics_obtained":[{"floor":7,"key":"Tiny Chest"},{"floor":9,"key":"hubris:CrystalStatue"},{"floor":10,"key":"Peace Pipe"},{"floor":13,"key":"Happy Flower"},{"floor":23,"key":"Toxic Egg 2"},{"floor":26,"key":"Bottled Tornado"},{"floor":29,"key":"Orichalcum"}],"event_choices":[{"damage_healed":0,"gold_gain":0,"player_choice":"Invest 2","damage_taken":0,"max_hp_gain":0,"max_hp_loss":0,"event_name":"conspire:Investor","floor":2,"gold_loss":0},{"damage_healed":0,"gold_gain":0,"player_choice":"Agree","damage_taken":0,"max_hp_gain":0,"max_hp_loss":0,"event_name":"conspire:LoneGhost","floor":4,"gold_loss":0},{"damage_healed":0,"gold_gain":0,"player_choice":"Left Gold","damage_taken":0,"max_hp_gain":0,"max_hp_loss":0,"event_name":"World of Goop","floor":5,"gold_loss":19},{"cards_removed":["conspire:GhostlyStrike"],"damage_healed":0,"gold_gain":0,"player_choice":"Took Card","damage_taken":0,"max_hp_gain":0,"max_hp_loss":0,"event_name":"NoteForYourself","floor":21,"gold_loss":0,"cards_obtained":["Iron Wave"]}],"is_beta":false,"boss_relics":[{"not_picked":["hubris:BlackHole","Runic Pyramid"],"picked":"Fusion Hammer"}],"items_purged_floors":[],"is_endless":false,"potions_floor_spawned":[1,10,12,18,19,25],"killed_by":"Collector","ascension_level":0}}