{"host":"x730sfaw5rd1mxd8","time":1614053591,"event":{"mods":["BaseMod","BetterRewards","Colored Powertips","Highlight Path","Minty Spire (QoL Compilation)","Relic Sorter","Relic Stats","Replay The Spire","StSLib"],"gold_per_floor":[130,130,164,164,196,247,247,266,266,297,297,338,369,409,409,498,498,541,567,567,590,616,667,699,699,723,754,801,831,884,913,913,1006,1006,1029,1055,645,687,723,779,779,827,850,850,850,881,881,881,881,909,925,925,925,105,160,170],"floor_reached":57,"language":"ENG","playtime":3787,"items_purged":["Strike_R","Strike_R","Strike_R","Strike_R","Strike_R"],"score":3642,"play_id":"8dff946e-89d3-4182-afca-240b374ca5ac","local_time":"20210222231311","is_ascension_mode":true,"campfire_choices":[{"data":"Bash","floor":7,"key":"SMITH"},{"data":"Cleave","floor":7,"key":"SMITH"},{"data":"Twin Strike","floor":11,"key":"SMITH"},{"data":"Shrug It Off","floor":11,"key":"SMITH"},{"data":"Body Slam","floor":15,"key":"SMITH"},{"data":"True Grit","floor":15,"key":"SMITH"},{"data":"Sentinel","floor":25,"key":"SMITH"},{"data":"Defend_R","floor":25,"key":"SMITH"},{"data":"Heavy Blade","floor":32,"key":"SMITH"},{"data":"Defend_R","floor":32,"key":"SMITH"},{"floor":41,"key":"RECALL"},{"data":"Dark Embrace","floor":45,"key":"SMITH"},{"data":"Defend_R","floor":45,"key":"SMITH"},{"floor":49,"key":"REST"},{"data":"Flame Barrier","floor":53,"key":"SMITH"},{"data":"Disarm","floor":53,"key":"SMITH"}],"circlet_count":0,"master_deck":["AscendersBane","Defend_R+1","Defend_R+1","Defend_R+1","Defend_R+1","Bash+1","Evolve+1","Shrug It Off+1","Twin Strike+1","Sword Boomerang+1","Bloodletting+1","ReplayTheSpireMod:Stacked+1","Metallicize+1","Spot Weakness+1","Good Instincts+1","Inflame+1","Replay:Undeath\u0027s Touch+1","Power Through+1","Second Wind+1","Cleave+1","Body Slam+1","True Grit+1","Eclipse+1","Corruption+1","Clothesline+1","Sentinel+1","Juggernaut+1","Dark Embrace+1","Heavy Blade+1","Berserk+1","True Grit+1","Entrench+1","Offering+1","Berserk+1","Power Through+1","Disarm+1","Flame Barrier+1","Seeing Red+1","True Grit+1"],"relics":["Burning Blood","Vajra","Golden Egg","Replay:Arrowhead","Pantograph","Replay:Bandana","Pocketwatch","BargainBundle","Calipers","Red Skull","Divine Protection","The Courier","Dream Catcher","Snecko Eye","ReplayTheSpireMod:Spearhead","Toy Ornithopter","Eternal Feather","Ancient Tea Set","ChewingGum","Anchor","Snack Pack","Replay:Wax Seal","Replay:Mystery Machine","Blood Vial","OrangePellets","Shuriken","Happy Flower","Strawberry","Nunchaku","Replay:Baseball"],"acts_visited":["Exordium","TheCity","TheBeyond","TheEnding"],"potions_floor_usage":[12,23,33,55,56],"damage_taken":[{"damage":2,"enemies":"Small Slimes","floor":1,"turns":3},{"damage":0,"enemies":"Cultist","floor":3,"turns":2},{"damage":0,"enemies":"Jaw Worm","floor":5,"turns":2},{"damage":0,"enemies":"Replay:BlueRogue","floor":6,"turns":3},{"damage":2,"enemies":"Lots of Slimes","floor":8,"turns":2},{"damage":0,"enemies":"Lagavulin","floor":10,"turns":6},{"damage":0,"enemies":"Gremlin Nob","floor":12,"turns":2},{"damage":0,"enemies":"2 Fungi Beasts","floor":13,"turns":2},{"damage":0,"enemies":"Large Slime","floor":14,"turns":4},{"damage":0,"enemies":"The Guardian","floor":16,"turns":7},{"damage":0,"enemies":"3 Byrds","floor":18,"turns":4},{"damage":9,"enemies":"2 Thieves","floor":21,"turns":3},{"damage":12,"enemies":"Shelled Parasite and Fungi","floor":22,"turns":4},{"damage":14,"enemies":"Book of Stabbing","floor":23,"turns":4},{"damage":9,"enemies":"Centurion and Healer","floor":24,"turns":3},{"damage":11,"enemies":"Snake Plant","floor":27,"turns":3},{"damage":0,"enemies":"Gremlin Leader","floor":28,"turns":4},{"damage":0,"enemies":"Chosen and Byrds","floor":29,"turns":3},{"damage":0,"enemies":"Book of Stabbing","floor":30,"turns":3},{"damage":8,"enemies":"Sentry and Sphere","floor":31,"turns":4},{"damage":0,"enemies":"Automaton","floor":33,"turns":4},{"damage":0,"enemies":"Orb Walker","floor":35,"turns":2},{"damage":0,"enemies":"3 Shapes","floor":36,"turns":3},{"damage":0,"enemies":"Transient","floor":38,"turns":6},{"damage":0,"enemies":"Maw","floor":39,"turns":5},{"damage":2,"enemies":"Giant Head","floor":40,"turns":2},{"damage":3,"enemies":"Nemesis","floor":42,"turns":5},{"damage":1,"enemies":"Writhing Mass","floor":46,"turns":3},{"damage":0,"enemies":"Time Eater","floor":50,"turns":4},{"damage":2,"enemies":"Replay:Hell Engine","floor":51,"turns":6},{"damage":1,"enemies":"Shield and Spear","floor":55,"turns":4},{"damage":45,"enemies":"The Heart","floor":56,"turns":7}],"seed_played":"-1233179673583313375","potions_obtained":[{"floor":3,"key":"Death Potion"},{"floor":6,"key":"FearPotion"},{"floor":8,"key":"Energy Potion"},{"floor":13,"key":"BloodPotion"},{"floor":21,"key":"DistilledChaos"},{"floor":24,"key":"PowerPotion"},{"floor":33,"key":"Explosive Potion"},{"floor":38,"key":"SteroidPotion"},{"floor":39,"key":"DistilledChaos"}],"is_trial":false,"path_per_floor":["M","?","M","?","M","E","R","M","T","E","R","E","M","M","R","B",null,"M","T","$","M","M","E","M","R","T","M","E","M","E","M","R","B",null,"M","M","$","M","M","E","R","E","T","?","R","M","?","?","R","B","B",null,"R","$","E","B",null],"character_chosen":"IRONCLAD","items_purchased":["Vajra","Evolve+1","Shrug It Off","Twin Strike","Golden Egg","Sword Boomerang","Bloodletting","ReplayTheSpireMod:Stacked","Metallicize","Replay:Arrowhead","Spot Weakness","Combust","Pantograph","Replay:Bandana","Good Instincts","Pocketwatch","BargainBundle","Inflame","Replay:Undeath\u0027s Touch","Headbutt+1","Power Through","Second Wind","Entrench","Anchor","Snack Pack","OrangePellets","Shuriken","Happy Flower","Seeing Red","Strawberry","Nunchaku","True Grit"],"campfire_rested":1,"item_purchase_floors":[0,0,0,0,0,0,0,0,0,0,0,0,0,0,0,0,0,0,0,0,0,0,37,37,37,54,54,54,54,54,54,54],"current_hp_per_floor":[72,72,75,71,75,75,75,75,75,75,75,75,75,75,75,75,75,75,75,75,72,66,58,55,55,55,50,56,62,68,66,75,75,75,75,75,75,75,75,75,75,75,75,75,75,75,75,75,75,75,75,75,75,82,82,70],"gold":170,"neow_bonus":"","is_daily":false,"chose_seed":false,"campfire_upgraded":14,"win_rate":0.0,"timestamp":1614053591,"path_taken":["M","?","M","?","?","E","R","M","T","E","R","E","M","M","R","BOSS","M","?","$","M","?","E","?","R","T","M","E","M","E","M","R","BOSS","M","?","$","M","M","E","R","E","T","?","R","?","?","?","R","BOSS","BOSS","R","$","E","BOSS"],"items_purchased_type":["Relic","Card","Card","Card","Relic","Card","Card","Card","Card","Relic","Card","Card","Relic","Relic","Card","Relic","Relic","Card","Card","Card","Card","Card","Card","Relic","Relic","Relic","Relic","Relic","Card","Relic","Relic","Card"],"build_version":"2020-12-22","purchased_purges":5,"victory":true,"max_hp_per_floor":[75,75,75,75,75,75,75,75,75,75,75,75,75,75,75,75,75,75,75,75,75,75,75,75,75,75,75,75,75,75,75,75,75,75,75,75,75,75,75,75,75,75,75,75,75,75,75,75,75,75,75,75,75,82,82,82],"relic_stats":{"Happy Flower":[3],"counters":[799,3593],"Eternal Feather":9,"Burning Blood":77,"Blood Vial":10,"OrangePellets":[16],"Dream Catcher":1,"Nunchaku":[47],"Shuriken":[5],"Pantograph":0,"Snecko Eye":[172,203,173,202],"obtain_stats":[{"Golden Egg":8,"Replay:Accelerometer":52,"Whetstone":14,"Ginger":6,"Bottled Tornado":44,"Boot":53,"Sling":0,"Old Coin":47,"Ring of Searing":4,"Blood Vial":20,"Replay:Wanted Poster":34,"Replay:Ringing Soul":54,"Sundial":28,"Replay:Bronze Core":34,"MealTicket":27,"Fusion Hammer":19,"Replay:Bottled Flurry":0,"Necronomicon":21,"Kunai":53,"Replay:Wax Seal":43,"Electric Blood":17,"Replay:Bottled Steam":6,"Runic Cube":17,"Pear":9,"Blue Candle":30,"Counterbalance":11,"Velvet Choker":19,"Eternal Feather":9,"Pen Nib":28,"Akabeko":27,"SlaversCollar":17,"Bird Faced Urn":12,"MutagenicStrength":31,"Snecko Eye":17,"Pandora\u0027s Box":34,"Mark of Pain":0,"Kintsugi":17,"StrikeDummy":0,"Abe\u0027s Treasure":17,"Unceasing Top":49,"Regal Pillow":9,"Lantern":14,"Singing Bowl":10,"Torii":0,"Magic Flower":11,"StoneCalendar":14,"Painkiller Herb":17,"Blue Doll":27,"King of Hearts":12,"Bag of Preparation":9,"Cursed Key":34,"Smiling Mask":24,"Ancient Tea Set":40,"Burning Blood":0,"Pet Ghost":23,"Replay:Rubber Ducky":0,"Matryoshka":0,"Shovel":46,"WingedGreaves":8,"Chemical X":41,"Replay:Bottled Eggs":27,"Ring of Panic":45,"InkBottle":26,"Paper Frog":9,"Potion Belt":48,"Lee\u0027s Waffle":20,"Golden Idol":11,"Self Forming Clay":7,"Thread and Needle":50,"The Courier":14,"PreservedInsect":22,"Omamori":40,"Ring of Greed":45,"Frozen Egg 2":0,"MawBank":26,"Replay:Arrowhead":48,"Busted Crown":17,"Ornamental Fan":50,"Ring of Misfortune":20,"Orrery":0,"Turnip":46,"Art of War":40,"Garlic":32,"Durian":25,"Champion Belt":56,"Bottled Lightning":9,"ReplayTheSpireMod:Lightbulb":0,"Toy Ornithopter":25,"Ice Cream":14,"Divine Protection":42,"Calipers":6,"Tiny House":17,"Gremlin Horn":9,"CeramicFish":43,"Vajra":0,"Sozu":17,"Centennial Puzzle":9,"Lizard Tail":38,"HornCleat":28,"DollysMirror":43,"Strawberry":28,"Honey Jar":17,"Philosopher\u0027s Stone":17,"Iron Hammer":0,"Toxic Egg 2":9,"Girya":19,"Happy Flower":27,"Ring of Hypnosis":4,"ReplayTheSpireMod:CursedCoin":0,"Dead Branch":13,"Replay:Grab Bag":17,"Oddly Smooth Stone":26,"Charon\u0027s Ashes":39,"Letter Opener":25,"Replay:Kaleidoscope":50,"War Paint":8,"Question Card":0,"OrangePellets":53,"Replay:Baseball":38,"ReplayTheSpireMod:Spearhead":24,"ReplayTheSpireMod:Shallot":30,"Shuriken":55,"Bronze Scales":12,"Simple Rune":28,"Onion Ring":45,"Molten Egg 2":7,"ReplayTheSpireMod:TigerMarble":13,"Black Star":17,"Grinning Jar":25,"Pocketwatch":0,"Meat on the Bone":43,"NlothsMask":30,"Darkstone Periapt":5,"ReplayFunnel":19,"ReplayTheSpireMod:Ring of Exchange":37,"Iron Core":3,"Replay:PocketPolymizer":34,"Black Blood":17,"Mango":6,"Juzu Bracelet":42,"Incense Burner":12,"Replay:Mystery Machine":0,"Empty Cage":34,"ClockworkSouvenir":0,"Dream Catcher":43,"Nunchaku":38,"Replay:Bandana":0,"TheAbacus":0,"Chameleon Ring":24,"Mummified Hand":0,"Pantograph":23,"Gambling Chip":24,"Replay:Bottled Snecko":6,"Red Skull":6,"Runic Pyramid":34,"Gremlin Food":0,"BargainBundle":0,"ReplayTheSpireMod:Ninjato":0,"Replay:Towering Pillar of Hats":0,"Quantum Egg":32,"Guide Book":53,"Replay:WaspNest":0,"Orichalcum":48,"Odd Mushroom":10,"Medical Kit":53,"White Beast Statue":0,"Mercury Hourglass":43,"Calling Bell":34,"Cauldron":54,"Strange Spoon":47,"Anchor":10,"CaptainsWheel":49,"ChewingGum":17,"Another Sword":42,"Snack Pack":8,"Bag of Marbles":12,"Membership Card":0,"TungstenRod":40,"FossilizedHelix":28},{"Golden Egg":68,"Replay:Accelerometer":153,"Whetstone":70,"Ginger":401,"Bottled Tornado":247,"Boot":153,"Sling":360,"Old Coin":88,"Ring of Searing":546,"Blood Vial":26,"Replay:Wanted Poster":241,"Replay:Ringing Soul":220,"Sundial":108,"Replay:Bronze Core":311,"MealTicket":58,"Fusion Hammer":456,"Replay:Bottled Flurry":251,"Necronomicon":590,"Kunai":153,"Replay:Wax Seal":438,"Electric Blood":51,"Replay:Bottled Steam":364,"Runic Cube":682,"Pear":347,"Blue Candle":30,"Counterbalance":349,"Velvet Choker":72,"Eternal Feather":255,"Pen Nib":754,"Akabeko":138,"SlaversCollar":24,"Bird Faced Urn":22,"MutagenicStrength":755,"Snecko Eye":520,"Pandora\u0027s Box":208,"Mark of Pain":0,"Kintsugi":352,"StrikeDummy":543,"Abe\u0027s Treasure":102,"Unceasing Top":120,"Regal Pillow":275,"Lantern":324,"Singing Bowl":21,"Torii":186,"Magic Flower":49,"StoneCalendar":166,"Painkiller Herb":259,"Blue Doll":358,"King of Hearts":277,"Bag of Preparation":68,"Cursed Key":31,"Smiling Mask":106,"Ancient Tea Set":437,"Burning Blood":0,"Pet Ghost":56,"Replay:Rubber Ducky":93,"Matryoshka":93,"Shovel":151,"WingedGreaves":255,"Chemical X":114,"Replay:Bottled Eggs":78,"Ring of Panic":635,"InkBottle":377,"Paper Frog":226,"Potion Belt":119,"Lee\u0027s Waffle":340,"Golden Idol":5,"Self Forming Clay":97,"Thread and Needle":90,"The Courier":7,"PreservedInsect":11,"Omamori":245,"Ring of Greed":635,"Frozen Egg 2":14,"MawBank":106,"Replay:Arrowhead":763,"Busted Crown":8,"Ornamental Fan":120,"Ring of Misfortune":590,"Orrery":330,"Turnip":38,"Art of War":36,"Garlic":109,"Durian":719,"Champion Belt":92,"Bottled Lightning":129,"ReplayTheSpireMod:Lightbulb":93,"Toy Ornithopter":306,"Ice Cream":23,"Divine Protection":148,"Calipers":294,"Tiny House":619,"Gremlin Horn":20,"CeramicFish":115,"Vajra":221,"Sozu":338,"Centennial Puzzle":5,"Lizard Tail":567,"HornCleat":625,"DollysMirror":469,"Strawberry":13,"Honey Jar":231,"Philosopher\u0027s Stone":167,"Iron Hammer":155,"Toxic Egg 2":192,"Girya":134,"Happy Flower":203,"Ring of Hypnosis":546,"ReplayTheSpireMod:CursedCoin":155,"Dead Branch":165,"Replay:Grab Bag":279,"Oddly Smooth Stone":57,"Charon\u0027s Ashes":213,"Letter Opener":266,"Replay:Kaleidoscope":474,"War Paint":163,"Question Card":221,"OrangePellets":219,"Replay:Baseball":83,"ReplayTheSpireMod:Spearhead":202,"ReplayTheSpireMod:Shallot":206,"Shuriken":91,"Bronze Scales":6,"Simple Rune":78,"Onion Ring":116,"Molten Egg 2":226,"ReplayTheSpireMod:TigerMarble":132,"Black Star":407,"Grinning Jar":137,"Pocketwatch":41,"Meat on the Bone":601,"NlothsMask":690,"Darkstone Periapt":18,"ReplayFunnel":103,"ReplayTheSpireMod:Ring of Exchange":757,"Iron Core":188,"Replay:PocketPolymizer":433,"Black Blood":279,"Mango":19,"Juzu Bracelet":87,"Incense Burner":131,"Replay:Mystery Machine":93,"Empty Cage":722,"ClockworkSouvenir":123,"Dream Catcher":37,"Nunchaku":83,"Replay:Bandana":123,"TheAbacus":61,"Chameleon Ring":170,"Mummified Hand":155,"Pantograph":12,"Gambling Chip":27,"Replay:Bottled Snecko":161,"Red Skull":47,"Runic Pyramid":142,"Gremlin Food":155,"BargainBundle":251,"ReplayTheSpireMod:Ninjato":477,"Replay:Towering Pillar of Hats":444,"Quantum Egg":80,"Guide Book":249,"Replay:WaspNest":93,"Orichalcum":218,"Odd Mushroom":422,"Medical Kit":394,"White Beast Statue":155,"Mercury Hourglass":181,"Calling Bell":433,"Cauldron":574,"Strange Spoon":636,"Anchor":69,"CaptainsWheel":152,"ChewingGum":279,"Another Sword":181,"Snack Pack":48,"Bag of Marbles":257,"Membership Card":93,"TungstenRod":214,"FossilizedHelix":239},{"Golden Egg":270,"Replay:Accelerometer":693,"Whetstone":276,"Ginger":1860,"Bottled Tornado":1111,"Boot":693,"Sling":1690,"Old Coin":374,"Ring of Searing":2535,"Blood Vial":107,"Replay:Wanted Poster":1084,"Replay:Ringing Soul":1002,"Sundial":475,"Replay:Bronze Core":1396,"MealTicket":230,"Fusion Hammer":2097,"Replay:Bottled Flurry":1133,"Necronomicon":2746,"Kunai":693,"Replay:Wax Seal":2016,"Electric Blood":208,"Replay:Bottled Steam":1707,"Runic Cube":3141,"Pear":1608,"Blue Candle":123,"Counterbalance":1619,"Velvet Choker":287,"Eternal Feather":1149,"Pen Nib":3394,"Akabeko":613,"SlaversCollar":100,"Bird Faced Urn":86,"MutagenicStrength":3401,"Snecko Eye":2418,"Pandora\u0027s Box":935,"Mark of Pain":0,"Kintsugi":1635,"StrikeDummy":2528,"Abe\u0027s Treasure":449,"Unceasing Top":539,"Regal Pillow":1226,"Lantern":1469,"Singing Bowl":82,"Torii":830,"Magic Flower":200,"StoneCalendar":746,"Painkiller Herb":1169,"Blue Doll":1675,"King of Hearts":1234,"Bag of Preparation":270,"Cursed Key":130,"Smiling Mask":466,"Ancient Tea Set":2011,"Burning Blood":0,"Pet Ghost":224,"Replay:Rubber Ducky":411,"Matryoshka":411,"Shovel":679,"WingedGreaves":1149,"Chemical X":510,"Replay:Bottled Eggs":311,"Ring of Panic":2961,"InkBottle":1760,"Paper Frog":1023,"Potion Belt":538,"Lee\u0027s Waffle":1566,"Golden Idol":17,"Self Forming Clay":425,"Thread and Needle":385,"The Courier":25,"PreservedInsect":40,"Omamori":1101,"Ring of Greed":2961,"Frozen Egg 2":51,"MawBank":466,"Replay:Arrowhead":3449,"Busted Crown":30,"Ornamental Fan":539,"Ring of Misfortune":2746,"Orrery":1509,"Turnip":156,"Art of War":146,"Garlic":481,"Durian":3279,"Champion Belt":400,"Bottled Lightning":578,"ReplayTheSpireMod:Lightbulb":411,"Toy Ornithopter":1366,"Ice Cream":93,"Divine Protection":660,"Calipers":1310,"Tiny House":2877,"Gremlin Horn":78,"CeramicFish":521,"Vajra":1010,"Sozu":1554,"Centennial Puzzle":17,"Lizard Tail":2618,"HornCleat":2908,"DollysMirror":2147,"Strawberry":48,"Honey Jar":1045,"Philosopher\u0027s Stone":751,"Iron Hammer":713,"Toxic Egg 2":857,"Girya":598,"Happy Flower":908,"Ring of Hypnosis":2535,"ReplayTheSpireMod:CursedCoin":713,"Dead Branch":743,"Replay:Grab Bag":1251,"Oddly Smooth Stone":226,"Charon\u0027s Ashes":957,"Letter Opener":1198,"Replay:Kaleidoscope":2176,"War Paint":736,"Question Card":1010,"OrangePellets":999,"Replay:Baseball":343,"ReplayTheSpireMod:Spearhead":903,"ReplayTheSpireMod:Shallot":922,"Shuriken":395,"Bronze Scales":20,"Simple Rune":311,"Onion Ring":524,"Molten Egg 2":1023,"ReplayTheSpireMod:TigerMarble":589,"Black Star":1894,"Grinning Jar":609,"Pocketwatch":170,"Meat on the Bone":2794,"NlothsMask":3172,"Darkstone Periapt":65,"ReplayFunnel":454,"ReplayTheSpireMod:Ring of Exchange":3417,"Iron Core":838,"Replay:PocketPolymizer":1997,"Black Blood":1251,"Mango":73,"Juzu Bracelet":367,"Incense Burner":585,"Replay:Mystery Machine":411,"Empty Cage":3284,"ClockworkSouvenir":554,"Dream Catcher":151,"Nunchaku":343,"Replay:Bandana":554,"TheAbacus":244,"Chameleon Ring":764,"Mummified Hand":713,"Pantograph":44,"Gambling Chip":111,"Replay:Bottled Snecko":730,"Red Skull":189,"Runic Pyramid":629,"Gremlin Food":713,"BargainBundle":1133,"ReplayTheSpireMod:Ninjato":2194,"Replay:Towering Pillar of Hats":2046,"Quantum Egg":320,"Guide Book":1122,"Replay:WaspNest":411,"Orichalcum":988,"Odd Mushroom":1954,"Medical Kit":1829,"White Beast Statue":713,"Mercury Hourglass":808,"Calling Bell":1997,"Cauldron":2662,"Strange Spoon":2965,"Anchor":273,"CaptainsWheel":682,"ChewingGum":1251,"Another Sword":808,"Snack Pack":196,"Bag of Marbles":1159,"Membership Card":411,"TungstenRod":963,"FossilizedHelix":1074}],"Toy Ornithopter":5,"Pocketwatch":[111]},"card_choices":[{"not_picked":["ReplayTheSpireMod:Strike From Hell","Life Link"],"picked":"Cleave","floor":1},{"not_picked":["Body Slam","Clash","Twin Strike"],"picked":"SKIP","floor":3},{"not_picked":["Shrug It Off","Warcry","Perfected Strike"],"picked":"SKIP","floor":5},{"not_picked":["Shockwave","Headbutt","Wild Strike"],"picked":"SKIP","floor":6},{"not_picked":["Dropkick","ReplayTheSpireMod:Strike From Hell","Flex"],"picked":"SKIP","floor":8},{"not_picked":["Replay:Undeath\u0027s Touch","Havoc","ReplayTheSpireMod:Muscle Training"],"picked":"SKIP","floor":10},{"not_picked":["Burning Pact","Wild Strike"],"picked":"Body Slam","floor":12},{"not_picked":["Body Slam","Pommel Strike"],"picked":"True Grit","floor":13},{"not_picked":["Pommel Strike","Perfected Strike"],"picked":"Eclipse","floor":14},{"not_picked":["Fiend Fire","Berserk"],"picked":"Corruption","floor":16},{"not_picked":["Clash","Run Through"],"picked":"Clothesline+1","floor":18},{"not_picked":["Armaments","Shrug It Off"],"picked":"Sentinel","floor":21},{"not_picked":["Combust","Flex","Carnage"],"picked":"SKIP","floor":22},{"not_picked":["Shrug It Off","Pummel"],"picked":"Juggernaut","floor":23},{"not_picked":["Battle Trance","Body Slam+1"],"picked":"Dark Embrace","floor":24},{"not_picked":["Pommel Strike","Sword Boomerang"],"picked":"Heavy Blade","floor":27},{"not_picked":["Perfected Strike","Headbutt","Cleave"],"picked":"SKIP","floor":28},{"not_picked":["Warcry","ReplayTheSpireMod:Strike From Hell","Body Slam"],"picked":"SKIP","floor":29},{"not_picked":["Flex","Pommel Strike","Corruption"],"picked":"SKIP","floor":30},{"not_picked":["Anger","Perfected Strike","Pommel Strike"],"picked":"SKIP","floor":31},{"not_picked":["Corruption","Replay:Many Hands"],"picked":"Berserk","floor":33},{"not_picked":["Sword Boomerang+1","Evolve"],"picked":"True Grit+1","floor":35},{"not_picked":["Clothesline","Pommel Strike","Combust"],"picked":"SKIP","floor":36},{"not_picked":["True Grit","Havoc","Sever Soul"],"picked":"SKIP","floor":38},{"not_picked":["Dual Wield+1","Run Through"],"picked":"Offering","floor":39},{"not_picked":["ReplayReversal+1","Rampage"],"picked":"Berserk","floor":40},{"not_picked":["Fire Breathing","Wild Strike+1"],"picked":"Power Through+1","floor":42},{"not_picked":["Blood for Blood","Evolve"],"picked":"Disarm","floor":46},{"not_picked":["Sword Boomerang+1","Body Slam"],"picked":"Flame Barrier","floor":49},{"not_picked":["Massacre","Cleave+1","Berserk"],"picked":"SKIP","floor":55}],"player_experience":4187328,"relics_obtained":[{"floor":6,"key":"Red Skull"},{"floor":9,"key":"Divine Protection"},{"floor":10,"key":"The Courier"},{"floor":12,"key":"Dream Catcher"},{"floor":23,"key":"ReplayTheSpireMod:Spearhead"},{"floor":26,"key":"Toy Ornithopter"},{"floor":28,"key":"Eternal Feather"},{"floor":30,"key":"Ancient Tea Set"},{"floor":40,"key":"Replay:Wax Seal"},{"floor":42,"key":"Replay:Mystery Machine"},{"floor":43,"key":"Blood Vial"},{"floor":55,"key":"Replay:Baseball"}],"event_choices":[{"damage_healed":0,"gold_gain":0,"player_choice":"Bought 0 Potions","damage_taken":0,"max_hp_gain":0,"max_hp_loss":0,"event_name":"The Woman in Blue","floor":4,"gold_loss":0},{"cards_removed":["Combust"],"damage_healed":0,"gold_gain":0,"player_choice":"Purged","damage_taken":0,"max_hp_gain":0,"max_hp_loss":0,"event_name":"Purifier","floor":44,"gold_loss":0},{"cards_removed":["Headbutt"],"damage_healed":0,"gold_gain":0,"player_choice":"Removed Attack","damage_taken":0,"max_hp_gain":0,"max_hp_loss":0,"event_name":"Falling","floor":48,"gold_loss":0}],"is_beta":false,"boss_relics":[{"not_picked":["Cursed Key","Empty Cage"],"picked":"Snecko Eye"},{"not_picked":["Abe\u0027s Treasure","Astrolabe"],"picked":"ChewingGum"}],"items_purged_floors":[0,0,0,0,0],"is_endless":false,"potions_floor_spawned":[3,6,8,13,21,24,28,33,38,39,46],"ascension_level":20}}