{"host":"df48i9djcn92c5sx","time":1614084474,"event":{"mods":["Act Like it!","Arknights","BaseMod","Decade(王小明)","Downfall","Gensokyo","Marisa（F雨　魔理沙）","Minty Spire (QoL Compilation)","READ ME - Guardian Mod","READ ME - Snecko Mod","Reimu（博丽灵梦）","Remilia（蕾米莉亚）","Shop Mod","StSLib","The Jungle","The Servant 0.9.4"],"gold_per_floor":[117,132,49,64,13,13,33,33,33,33,83,94,94,125,125,125,125],"floor_reached":16,"language":"ZHS","playtime":286,"items_purged":[],"score":176,"play_id":"732f43d3-59e5-4a40-99d8-c5885415d5ff","local_time":"20210223204754","is_ascension_mode":true,"campfire_choices":[{"data":"Rip and Tear","floor":6,"key":"SMITH"},{"data":"Conserve Battery","floor":10,"key":"SMITH"},{"data":"Rebound","floor":13,"key":"SMITH"},{"data":"Self Repair","floor":15,"key":"SMITH"}],"circlet_count":0,"master_deck":["AscendersBane","Strike_B","Strike_B","Strike_B","Strike_B","Defend_B","Defend_B","Defend_B","Defend_B","Zap","Dualcast","Conserve Battery+1","Rip and Tear+1","Self Repair+1","Rebound+1","Fission"],"relics":["Cracked Core","NeowsBlessing","Odd Mushroom","Orichalcum","Gremlin Horn"],"acts_visited":["Exordium"],"potions_floor_usage":[7,7],"damage_taken":[{"damage":0,"enemies":"Jaw Worm","floor":1,"turns":1},{"damage":0,"enemies":"2 Louse","floor":2,"turns":1},{"damage":0,"enemies":"Small Slimes","floor":4,"turns":1},{"damage":0,"enemies":"The Mushroom Lair","floor":7,"turns":4},{"damage":11,"enemies":"2 Fungi Beasts","floor":12,"turns":3},{"damage":28,"enemies":"Gremlin Nob","floor":14,"turns":4},{"damage":50,"enemies":"Hexaghost","floor":16,"turns":10}],"seed_played":"-3051333687098943817","potions_obtained":[{"floor":2,"key":"BlessingOfTheForge"},{"floor":4,"key":"SkillPotion"}],"is_trial":false,"path_per_floor":["M","M","$","M","?","R","?","?","T","R","?","M","R","E","R","B"],"character_chosen":"DEFECT","items_purchased":["Rip and Tear"],"campfire_rested":0,"item_purchase_floors":[3],"current_hp_per_floor":[64,64,64,64,64,64,71,71,71,71,71,67,67,46,46,0,0],"gold":125,"neow_bonus":"THREE_ENEMY_KILL","is_daily":false,"chose_seed":false,"campfire_upgraded":4,"win_rate":0.0,"timestamp":1614084474,"path_taken":["M","M","$","M","?","R","?","?","T","R","?","?","R","E","R","BOSS"],"items_purchased_type":["Card"],"build_version":"2020-12-22","purchased_purges":0,"victory":false,"max_hp_per_floor":[71,71,71,71,71,71,71,71,71,71,71,71,71,71,71,71,71],"card_choices":[{"not_picked":["Coolheaded","Doom and Gloom","Turbo"],"picked":"SKIP","floor":1},{"not_picked":["Hologram","Scrape"],"picked":"Conserve Battery","floor":2},{"not_picked":["Chill","Leap"],"picked":"Self Repair","floor":4},{"not_picked":["Heatsinks","Cold Snap"],"picked":"Rebound","floor":12},{"not_picked":["Heatsinks","Coolheaded"],"picked":"Fission","floor":14}],"player_experience":1620639,"relics_obtained":[{"floor":7,"key":"Odd Mushroom"},{"floor":9,"key":"Orichalcum"},{"floor":14,"key":"Gremlin Horn"}],"event_choices":[{"damage_healed":0,"gold_gain":0,"player_choice":"Left Gold","damage_taken":0,"max_hp_gain":0,"max_hp_loss":0,"event_name":"World of Goop","floor":5,"gold_loss":51},{"damage_healed":0,"gold_gain":0,"player_choice":"Fought Mushrooms","damage_taken":0,"max_hp_gain":0,"max_hp_loss":0,"event_name":"Mushrooms","floor":7,"gold_loss":0},{"damage_healed":0,"gold_gain":0,"player_choice":"Ignored","damage_taken":0,"max_hp_gain":0,"max_hp_loss":0,"event_name":"Liars Game","floor":8,"gold_loss":0},{"damage_healed":0,"gold_gain":50,"player_choice":"Pray","damage_taken":0,"max_hp_gain":0,"max_hp_loss":0,"event_name":"Golden Shrine","floor":11,"gold_loss":0}],"is_beta":false,"boss_relics":[],"items_purged_floors":[],"is_endless":false,"potions_floor_spawned":[2,4],"killed_by":"Hexaghost","ascension_level":16}}