{"host":"r4yhuzs0e1z69tr3","time":1614055118,"event":{"mods":["BaseMod","Minty Spire (QoL Compilation)","Rare Cards Sparkle"],"gold_per_floor":[113,113,63,63,77,77,116,143,170,26,26,64,85,109,109,109,109],"floor_reached":16,"language":"ENG","playtime":755,"items_purged":[],"score":142,"play_id":"62862a19-384c-45e6-a19e-1111612d13e8","local_time":"20210222233838","is_ascension_mode":true,"campfire_choices":[{"data":"Eruption","floor":6,"key":"SMITH"},{"data":"CrushJoints","floor":15,"key":"SMITH"}],"circlet_count":0,"master_deck":["Strike_P","Strike_P","Strike_P","Defend_P","Defend_P","Defend_P","Eruption+1","Vigilance","FollowUp","EmptyFist","DevaForm","CutThroughFate","Wallop","CrushJoints+1"],"relics":["PureWater","NeowsBlessing","CeramicFish","Strawberry","Tiny Chest","InkBottle"],"acts_visited":["Exordium"],"potions_floor_usage":[16],"damage_taken":[{"damage":0,"enemies":"Cultist","floor":1,"turns":1},{"damage":0,"enemies":"2 Louse","floor":5,"turns":1},{"damage":0,"enemies":"Gremlin Nob","floor":7,"turns":1},{"damage":5,"enemies":"Small Slimes","floor":8,"turns":5},{"damage":26,"enemies":"Lagavulin","floor":12,"turns":4},{"damage":17,"enemies":"Exordium Thugs","floor":13,"turns":5},{"damage":2,"enemies":"Large Slime","floor":14,"turns":7},{"damage":35,"enemies":"Slime Boss","floor":16,"turns":7}],"seed_played":"3221713102604074904","potions_obtained":[{"floor":5,"key":"BlessingOfTheForge"},{"floor":8,"key":"Energy Potion"},{"floor":12,"key":"EssenceOfSteel"}],"is_trial":false,"path_per_floor":["M","?","?","?","M","R","E","M","T","$","?","E","M","M","R","B"],"character_chosen":"WATCHER","items_purchased":["Tiny Chest"],"campfire_rested":0,"item_purchase_floors":[10],"current_hp_per_floor":[72,77,77,70,70,70,70,65,72,72,77,51,34,32,32,0,0],"gold":109,"neow_bonus":"THREE_ENEMY_KILL","is_daily":false,"chose_seed":false,"campfire_upgraded":2,"win_rate":0.0,"timestamp":1614055118,"path_taken":["M","?","?","?","M","R","E","M","T","$","?","E","?","M","R","BOSS"],"items_purchased_type":["Relic"],"build_version":"2020-12-22","purchased_purges":0,"victory":false,"max_hp_per_floor":[72,77,77,77,77,77,77,77,84,84,84,84,84,84,84,84,84],"card_choices":[{"not_picked":["EmptyFist","Wallop"],"picked":"FollowUp","floor":1},{"not_picked":["FlurryOfBlows","Protect"],"picked":"EmptyFist","floor":5},{"not_picked":["CutThroughFate","BowlingBash"],"picked":"DevaForm","floor":7},{"not_picked":["FollowUp","SandsOfTime"],"picked":"EmptyFist","floor":8},{"not_picked":["ThirdEye","FlyingSleeves"],"picked":"CutThroughFate","floor":12},{"not_picked":["Crescendo","PathToVictory"],"picked":"Wallop","floor":13},{"not_picked":["EmptyBody","CarveReality"],"picked":"CrushJoints","floor":14}],"player_experience":172158,"relics_obtained":[{"floor":7,"key":"CeramicFish"},{"floor":9,"key":"Strawberry"},{"floor":12,"key":"InkBottle"}],"event_choices":[{"damage_healed":0,"gold_gain":0,"player_choice":"Donut","damage_taken":0,"max_hp_gain":5,"max_hp_loss":0,"event_name":"Big Fish","floor":2,"gold_loss":0},{"cards_removed":["Defend_P"],"damage_healed":0,"gold_gain":0,"player_choice":"Card Removal","damage_taken":0,"max_hp_gain":0,"max_hp_loss":0,"event_name":"The Cleric","floor":3,"gold_loss":50},{"cards_removed":["Strike_P"],"damage_healed":0,"gold_gain":0,"player_choice":"Card Removal","damage_taken":7,"max_hp_gain":0,"max_hp_loss":0,"event_name":"Golden Wing","floor":4,"gold_loss":0},{"cards_removed":["EmptyFist"],"damage_healed":5,"gold_gain":0,"player_choice":"Offered Common","damage_taken":0,"max_hp_gain":0,"max_hp_loss":0,"event_name":"Bonfire Elementals","floor":11,"gold_loss":0},{"cards_removed":["EmptyFist"],"damage_healed":5,"gold_gain":0,"player_choice":"Offered Special","damage_taken":0,"max_hp_gain":0,"max_hp_loss":0,"event_name":"Bonfire Elementals","floor":11,"gold_loss":0}],"is_beta":false,"boss_relics":[],"items_purged_floors":[],"is_endless":false,"potions_floor_spawned":[5,8,12,13,14],"killed_by":"Slime Boss","ascension_level":1}}