{"host":"snd6571rw3150vxe","time":1614080505,"event":{"mods":["AchievementEnabler","BaseMod","Bestiary","Colored Powertips","Highlight Path","Minty Spire (QoL Compilation)","Quick Restart","Random Character Button","Relic Stats","StSLib","slay the spire mod where everything is the same but ironclad has a cowboy hat"],"gold_per_floor":[365,381,398,398,473,473,504,208,263,263,288,288,306,206,206,301,351,363,377,377,377,252,277,288,288,312,6,6,24,124,142,142,142,142],"floor_reached":33,"language":"ENG","playtime":1042,"items_purged":["Strike_R","Defend_R","Strike_R","Defend_R"],"score":298,"play_id":"d7691ebf-414a-40d6-a474-0640da3b3ae1","local_time":"20210223134145","is_ascension_mode":false,"campfire_choices":[{"data":"Bash","floor":6.0,"key":"SMITH"},{"data":"Dropkick","floor":12.0,"key":"SMITH"},{"floor":15.0,"key":"REST"},{"floor":28.0,"key":"REST"},{"floor":32,"key":"REST"}],"circlet_count":0,"master_deck":["Strike_R","Strike_R","Defend_R+1","Bash+1","Dropkick+1"],"relics":["Burning Blood","Red Skull","Cauldron","Art of War","Pear","Tiny House","MutagenicStrength","Kunai","Dream Catcher","HandDrill","Girya","Gremlin Horn"],"acts_visited":["Exordium","TheCity"],"potions_floor_usage":[33],"damage_taken":[{"damage":1.0,"enemies":"Cultist","floor":1.0,"turns":4.0},{"damage":1.0,"enemies":"Jaw Worm","floor":2.0,"turns":3.0},{"damage":7.0,"enemies":"2 Louse","floor":3.0,"turns":3.0},{"damage":46.0,"enemies":"Lagavulin","floor":7.0,"turns":6.0},{"damage":1.0,"enemies":"3 Sentries","floor":11.0,"turns":6.0},{"damage":0.0,"enemies":"Large Slime","floor":13.0,"turns":2.0},{"damage":31.0,"enemies":"Hexaghost","floor":16.0,"turns":8.0},{"damage":38.0,"enemies":"2 Thieves","floor":18.0,"turns":4.0},{"damage":2.0,"enemies":"Chosen","floor":19.0,"turns":3.0},{"damage":84.0,"enemies":"Book of Stabbing","floor":23.0,"turns":6.0},{"damage":9.0,"enemies":"Snecko","floor":24.0,"turns":4.0},{"damage":10.0,"enemies":"Chosen and Byrds","floor":29.0,"turns":4.0},{"damage":13.0,"enemies":"Colosseum Slavers","floor":30.0,"turns":3.0},{"damage":10.0,"enemies":"Colosseum Nobs","floor":30.0,"turns":4.0},{"damage":6,"enemies":"Centurion and Healer","floor":31,"turns":3},{"damage":62,"enemies":"Collector","floor":33,"turns":7}],"seed_played":"1031024635890721217","potions_obtained":[{"floor":8.0,"key":"EssenceOfSteel"},{"floor":8.0,"key":"Strength Potion"},{"floor":8.0,"key":"EssenceOfSteel"},{"floor":11.0,"key":"SkillPotion"},{"floor":16.0,"key":"FearPotion"},{"floor":17.0,"key":"Strength Potion"},{"floor":18.0,"key":"Strength Potion"},{"floor":24.0,"key":"EssenceOfSteel"},{"floor":31,"key":"Dexterity Potion"}],"is_trial":false,"path_per_floor":["M","M","M","?","?","R","E","$","T","?","E","R","M","$","R","B",null,"M","M","?","?","$","E","M","?","T","$","R","M","?","M","R","B"],"character_chosen":"IRONCLAD","items_purchased":["Dropkick","Cauldron","HandDrill"],"campfire_rested":3,"item_purchase_floors":[8,8,27],"current_hp_per_floor":[61,66,65,58,47,47,7,7,7,7,22,22,28,28,55,30,95,63,67,67,95,95,17,14,14,14,14,42,38,27,27,55,0,0],"gold":142,"neow_bonus":"TWO_FIFTY_GOLD","is_daily":false,"chose_seed":false,"campfire_upgraded":2,"win_rate":0.0,"timestamp":1614080505,"path_taken":["M","?","M","?","?","R","E","$","T","?","E","R","?","$","R","BOSS","M","M","?","?","?","E","M","?","T","$","R","M","?","M","R","BOSS"],"items_purchased_type":["Card","Relic","Relic"],"build_version":"2020-12-22","purchased_purges":4,"victory":false,"max_hp_per_floor":[80,80,80,80,80,80,80,80,80,80,90,90,90,90,90,90,95,95,95,95,95,95,95,95,95,95,95,95,95,95,95,95,95,95],"relic_stats":{"Dream Catcher":2,"Gremlin Horn":[3,3],"counters":[16,70],"Art of War":[1],"HandDrill":[2],"Kunai":[14],"obtain_stats":[{"Cauldron":8,"Girya":30,"Dream Catcher":26,"Pear":11,"Tiny House":17,"Gremlin Horn":30,"MutagenicStrength":20,"Art of War":9,"HandDrill":27,"Kunai":23,"Burning Blood":0,"Red Skull":7},{"Cauldron":4,"Girya":14,"Dream Catcher":11,"Pear":5,"Tiny House":7,"Gremlin Horn":14,"MutagenicStrength":9,"Art of War":4,"HandDrill":11,"Kunai":10,"Burning Blood":0,"Red Skull":4},{"Cauldron":16,"Girya":60,"Dream Catcher":49,"Pear":22,"Tiny House":32,"Gremlin Horn":60,"MutagenicStrength":39,"Art of War":16,"HandDrill":49,"Kunai":45,"Burning Blood":0,"Red Skull":16}],"Burning Blood":90},"card_choices":[{"not_picked":["Sword Boomerang","Clash","Thunderclap"],"picked":"SKIP","floor":1.0},{"not_picked":["Sword Boomerang","Thunderclap","Bloodletting"],"picked":"SKIP","floor":2.0},{"not_picked":["Flex","Thunderclap","Wild Strike"],"picked":"SKIP","floor":3.0},{"not_picked":["Cleave","Twin Strike","Barricade"],"picked":"SKIP","floor":7.0},{"not_picked":["Spot Weakness","Warcry","Clothesline"],"picked":"SKIP","floor":11.0},{"not_picked":["Heavy Blade","Sword Boomerang","Wild Strike"],"picked":"SKIP","floor":13.0},{"not_picked":["Warcry+1","True Grit","Perfected Strike"],"picked":"SKIP","floor":18.0},{"not_picked":["Dark Embrace+1","Clash","Perfected Strike"],"picked":"SKIP","floor":19.0},{"not_picked":["Headbutt","Shockwave","Infernal Blade"],"picked":"SKIP","floor":23.0},{"not_picked":["Sentinel","Rampage+1","Whirlwind"],"picked":"SKIP","floor":24.0},{"not_picked":["Pummel+1","Rage","Hemokinesis"],"picked":"SKIP","floor":29.0},{"not_picked":["Shrug It Off","Body Slam","Wild Strike"],"picked":"SKIP","floor":31}],"player_experience":397610,"relics_obtained":[{"floor":7.0,"key":"Red Skull"},{"floor":9.0,"key":"Art of War"},{"floor":11.0,"key":"Pear"},{"floor":23.0,"key":"Kunai"},{"floor":26.0,"key":"Dream Catcher"},{"floor":30.0,"key":"Girya"},{"floor":30.0,"key":"Gremlin Horn"}],"event_choices":[{"cards_removed":["Defend_R"],"damage_healed":0.0,"max_hp_gain":0.0,"max_hp_loss":0.0,"gold_gain":0.0,"event_name":"Golden Wing","player_choice":"Card Removal","floor":4.0,"gold_loss":0.0,"damage_taken":7.0},{"damage_healed":0.0,"max_hp_gain":0.0,"max_hp_loss":0.0,"gold_gain":75.0,"event_name":"World of Goop","player_choice":"Gather Gold","floor":5.0,"gold_loss":0.0,"damage_taken":11.0},{"cards_removed":["Strike_R"],"damage_healed":0.0,"max_hp_gain":0.0,"max_hp_loss":0.0,"gold_gain":0.0,"event_name":"Bonfire Elementals","player_choice":"Offered Basic","floor":10.0,"gold_loss":0.0,"damage_taken":0.0},{"damage_healed":0.0,"max_hp_gain":0.0,"max_hp_loss":0.0,"gold_gain":0.0,"event_name":"Drug Dealer","player_choice":"Inject Mutagens","floor":20.0,"gold_loss":0.0,"damage_taken":0.0,"relics_obtained":["MutagenicStrength"]},{"damage_healed":31.0,"max_hp_gain":0.0,"max_hp_loss":0.0,"gold_gain":0.0,"event_name":"The Library","player_choice":"Heal","floor":21.0,"gold_loss":0.0,"damage_taken":0.0},{"damage_healed":0.0,"max_hp_gain":0.0,"max_hp_loss":0.0,"gold_gain":0.0,"event_name":"Vampires","player_choice":"Ignored","floor":25.0,"gold_loss":0.0,"damage_taken":0.0},{"damage_healed":0.0,"max_hp_gain":0.0,"max_hp_loss":0.0,"gold_gain":0.0,"event_name":"Colosseum","player_choice":"Fight","floor":30.0,"gold_loss":0.0,"damage_taken":0.0},{"damage_healed":0.0,"max_hp_gain":0.0,"max_hp_loss":0.0,"gold_gain":0.0,"event_name":"Colosseum","player_choice":"Fought Nobs","floor":30.0,"gold_loss":0.0,"damage_taken":0.0}],"is_beta":false,"boss_relics":[{"not_picked":["SacredBark","Pandora\u0027s Box"],"picked":"Tiny House"}],"items_purged_floors":[8,14,22,27],"is_endless":false,"potions_floor_spawned":[11,16,18,24,30,31],"killed_by":"Collector","ascension_level":0}}