{"host":"k9djwzw02bmhn5cl","time":1614100740,"event":{"mods":["AchievementEnabler","BaseMod","Colored Map","Colored Powertips","Highlight Path","Minty Spire (QoL Compilation)","Quick Restart","Rare Cards Sparkle","StSLib","The Runesmith"],"gold_per_floor":[119,129,129,129,146,146,180,180,203,203,237,67,17,117,117,117,117],"floor_reached":16,"language":"JPN","playtime":4302,"items_purged":["Runesmith:Defend_RS"],"score":106,"play_id":"c205cbfd-0254-4979-bb00-c0ca8293b405","local_time":"20210224021900","is_ascension_mode":false,"campfire_choices":[{"data":"Runesmith:CraftFirestone","floor":6,"key":"SMITH"},{"data":"Runesmith:CraftMagma","floor":8,"key":"SMITH"},{"data":"Runesmith:Fortify","floor":10,"key":"SMITH"},{"data":"Runesmith:HammerAndChisel","floor":15,"key":"SMITH"}],"circlet_count":0,"master_deck":["Runesmith:Strike_RS","Runesmith:Strike_RS+1","Runesmith:Strike_RS+1","Runesmith:Defend_RS+1","Runesmith:Defend_RS+1","Runesmith:CraftFirestone+1","Runesmith:Fortify+1","Runesmith:HeatedChisel","Runesmith:HammerAndChisel+1","Runesmith:CraftMagma+1","Runesmith:EarthShield","Runesmith:ChiselStab","Runesmith:EarthShield"],"relics":["Runesmith:BrokenRuby","NeowsBlessing","Pen Nib","Whetstone","Bronze Scales"],"acts_visited":["Exordium"],"potions_floor_usage":[16],"damage_taken":[{"damage":0,"enemies":"Cultist","floor":1,"turns":1},{"damage":0,"enemies":"Jaw Worm","floor":2,"turns":1},{"damage":0,"enemies":"Small Slimes","floor":5,"turns":1},{"damage":14,"enemies":"Lagavulin","floor":7,"turns":6},{"damage":20,"enemies":"Gremlin Nob","floor":11,"turns":4},{"damage":17,"enemies":"Slime Boss","floor":16,"turns":5}],"seed_played":"-397848070253432929","potions_obtained":[{"floor":2,"key":"SmokeBomb"},{"floor":11,"key":"PowerPotion"}],"is_trial":false,"path_per_floor":["M","M","?","?","M","R","E","R","T","R","E","$","?","?","R","B"],"character_chosen":"RUNESMITH_CLASS","items_purchased":["Runesmith:ChiselStab","Runesmith:EarthShield"],"campfire_rested":0,"item_purchase_floors":[12,12],"current_hp_per_floor":[70,70,63,49,49,49,35,35,35,35,15,15,15,15,15,0,0],"gold":117,"neow_bonus":"THREE_ENEMY_KILL","is_daily":false,"chose_seed":false,"campfire_upgraded":4,"win_rate":0.0,"timestamp":1614100740,"path_taken":["M","M","?","?","?","R","E","R","T","R","E","$","?","?","R","BOSS"],"items_purchased_type":["Card","Card"],"build_version":"2020-12-22","purchased_purges":1,"victory":false,"max_hp_per_floor":[70,70,70,70,70,70,70,70,70,70,70,70,70,70,70,70,70],"card_choices":[{"not_picked":["Runesmith:RuneHurl","Runesmith:Refine"],"picked":"Runesmith:HeatedChisel","floor":1},{"not_picked":["Runesmith:MakeshiftArmor","Runesmith:StaticCage","Runesmith:WhiteBalance"],"picked":"SKIP","floor":2},{"not_picked":["Runesmith:Augment","Runesmith:Overpower"],"picked":"Runesmith:HammerAndChisel","floor":5},{"not_picked":["Runesmith:StaticCage","Runesmith:Reinforce"],"picked":"Runesmith:CraftMagma","floor":7},{"not_picked":["Runesmith:HeatedChisel","Runesmith:MetallurgicalResearch"],"picked":"Runesmith:EarthShield","floor":11}],"player_experience":272181,"relics_obtained":[{"floor":7,"key":"Pen Nib"},{"floor":9,"key":"Whetstone"},{"floor":11,"key":"Bronze Scales"}],"event_choices":[{"cards_removed":["Runesmith:Strike_RS"],"damage_healed":0,"gold_gain":0,"player_choice":"Card Removal","damage_taken":7,"max_hp_gain":0,"max_hp_loss":0,"event_name":"Golden Wing","floor":3,"gold_loss":0},{"damage_healed":0,"gold_gain":0,"player_choice":"Entered Light","damage_taken":14,"max_hp_gain":0,"max_hp_loss":0,"event_name":"Shining Light","floor":4,"gold_loss":0,"cards_upgraded":["Runesmith:Defend_RS","Runesmith:Defend_RS"]},{"cards_removed":["Runesmith:Defend_RS"],"damage_healed":0,"gold_gain":0,"player_choice":"Card Removal","damage_taken":0,"max_hp_gain":0,"max_hp_loss":0,"event_name":"The Cleric","floor":13,"gold_loss":50},{"damage_healed":0,"gold_gain":100,"player_choice":"Gold","damage_taken":0,"max_hp_gain":0,"max_hp_loss":0,"event_name":"Wheel of Change","floor":14,"gold_loss":0}],"is_beta":false,"boss_relics":[],"items_purged_floors":[12],"is_endless":false,"potions_floor_spawned":[2,11],"killed_by":"Slime Boss","ascension_level":0}}