{"host":"strpjp9enjjpooof","time":1614042298,"event":{"mods":["Aspiration","BaseMod","Better Altar","Better Match","Better Note","Better Sensory Stone","Better Skull","Better Third Choice","Colored Powertips","Conspire","Energized Spire","Force Act Four","GifTheSpireLib","Halation","Hubris","Lobotomy","Minty Spire (QoL Compilation)","Relic Filter Mod","Reliquary","Replay The Spire","Spicy Shops","Spikes Relics","StSLib","Stuff the Spire","The Blue Laboratory","Together in Spire"],"gold_per_floor":[362,381,10,27,37,37,48,50,50,67,67,67,100,118,210,314,264,280,280,355,366,366,366,45,45,45,61,78,78,93,111,111,212,212,226,17,28,38,54,87,104,124,124,136,136,136,136,136,136],"floor_reached":48,"language":"ENG","playtime":1729,"items_purged":["ReplayTheSpireMod:Splinters"],"score":649,"play_id":"565a4243-85d1-414b-bef4-3727b77c67e4","local_time":"20210222160458","is_ascension_mode":false,"campfire_choices":[{"data":"Flex","floor":6.0,"key":"SMITH"},{"data":"Bandage Up","floor":12.0,"key":"SMITH"},{"floor":23.0,"key":"REST"},{"floor":25.0,"key":"RECALL"},{"floor":29.0,"key":"REST"},{"floor":32.0,"key":"REST"},{"floor":46.0,"key":"REST"}],"circlet_count":0,"master_deck":["Strike_R","Strike_R+1","Strike_R","Strike_R","Strike_R","Defend_R","Defend_R","Defend_R","Defend_R","Bash","Heavy Blade","Wild Strike","Flex+1","ReplayTheSpireMod:LeadingStrike","Flex","Sword Boomerang","Clothesline","Offering","Cleave","Havoc","StuffTheSpire:Incineration+1","ReplayTheSpireMod:Splinters","Clash","Perfected Strike","Perfected Strike","Impervious","Strike_R","Crow Ritual","Seeing Red","Strike_R","Strike_R","Strike_R","Strike_R","Strike_R","Defend_R","Defend_R","Defend_R","Defend_R","Bash","Heavy Blade","Wild Strike","Flex+1","ReplayTheSpireMod:LeadingStrike","Flex","Sword Boomerang","Clothesline","Offering","Cleave","Havoc","StuffTheSpire:Incineration","ReplayTheSpireMod:Splinters","Clash","Perfected Strike","Perfected Strike","Impervious","Strike_R","Seeing Red","Cleave","Hemokinesis+1","Pummel+1","Swift Strike+1","StuffTheSpire:Incineration+1","Flex","Wild Strike+1","Offering","Eclipse","Run Through+1","StuffTheSpire:Incineration+1","Havoc","Heavy Blade+1","ReplayReversal+1","Pommel Strike+1","Carnage+1","Headbutt+1","Clothesline+1","Run Through+1"],"relics":["Burning Blood","reliquary:PorcupineQuills","ReplayTheSpireMod:CursedCoin","BargainBundle","Ornamental Fan","Meat on the Bone","reliquary:Vitrine","energizedSpire:HugeHouse","Molten Egg 2","Whetstone","StuffTheSpire:Nightcore","reliquary:BigHammer","reliquary:ExpiredCoupon","Pear","StuffTheSpire:GreaterSneckoEye"],"acts_visited":["Exordium","TheCity","TheBeyond"],"potions_floor_usage":[],"damage_taken":[{"damage":0.0,"enemies":"2 Louse","floor":1.0,"turns":2.0},{"damage":0.0,"enemies":"Cultist","floor":2.0,"turns":2.0},{"damage":0.0,"enemies":"Small Slimes","floor":4.0,"turns":1.0},{"damage":6.0,"enemies":"3 Louse","floor":5.0,"turns":2.0},{"damage":3.0,"enemies":"Exordium Wildlife","floor":7.0,"turns":2.0},{"damage":10.0,"enemies":"Looter","floor":8.0,"turns":2.0},{"damage":12.0,"enemies":"Blue Slaver","floor":10.0,"turns":1.0},{"damage":0.0,"enemies":"Lagavulin","floor":13.0,"turns":3.0},{"damage":6.0,"enemies":"3 Louse","floor":14.0,"turns":2.0},{"damage":33.0,"enemies":"The Guardian","floor":16.0,"turns":4.0},{"damage":8.0,"enemies":"Shell Parasite","floor":18.0,"turns":3.0},{"damage":16.0,"enemies":"2 Thieves","floor":21.0,"turns":3.0},{"damage":27.0,"enemies":"Shelled Parasite and Fungi","floor":27.0,"turns":3.0},{"damage":2.0,"enemies":"Snake Plant","floor":28.0,"turns":2.0},{"damage":14.0,"enemies":"Chosen and Byrds","floor":30.0,"turns":5.0},{"damage":13.0,"enemies":"3 Cultists","floor":31.0,"turns":4.0},{"damage":12.0,"enemies":"Collector","floor":33.0,"turns":3.0},{"damage":40.0,"enemies":"3 Darklings","floor":35.0,"turns":3.0},{"damage":8.0,"enemies":"3 Shapes","floor":37.0,"turns":2.0},{"damage":11.0,"enemies":"Jaw Worm Horde","floor":38.0,"turns":4.0},{"damage":0.0,"enemies":"Sphere and 2 Shapes","floor":39.0,"turns":1.0},{"damage":6.0,"enemies":"Reptomancer","floor":40.0,"turns":3.0},{"damage":17.0,"enemies":"Writhing Mass","floor":41.0,"turns":2.0},{"damage":20.0,"enemies":"Spire Growth","floor":42.0,"turns":2.0},{"damage":18.0,"enemies":"3 Darklings","floor":44.0,"turns":2.0},{"damage":11.0,"enemies":"4 Shapes","floor":48.0,"turns":2.0}],"seed_played":"-4464887674287866403","potions_obtained":[{"floor":8.0,"key":"blueLaboratory:RememoryPotion"},{"floor":18.0,"key":"blueLaboratory:NullPotion"},{"floor":30.0,"key":"Explosive Potion"},{"floor":35.0,"key":"Energy Potion"},{"floor":38.0,"key":"Milkshake"},{"floor":44.0,"key":"conspire:TimeTravelPotion"}],"is_trial":false,"path_per_floor":["M","M","$","M","M","R","M","M","T","M","$","R","E","M","R","B",null,"M","?","?","M","T","R","$","R","T","M","M","R","M","M","R","B",null,"M","$","M","M","M","E","M","M","T","M","?","R","?","M"],"character_chosen":"IRONCLAD","items_purchased":["reliquary:PorcupineQuills","ReplayTheSpireMod:CursedCoin","BargainBundle","Ornamental Fan","Flex","Evolve","ReplayTheSpireMod:LeadingStrike","Bandage Up","Swift Potion","Venom Potion","DistilledChaos","Whetstone","Hemokinesis+1","Pummel+1","Swift Strike+1","blueLaboratory:HummingbirdPotion","StuffTheSpire:Incineration+1","Havoc"],"campfire_rested":4,"item_purchase_floors":[3,3,3,3,3,3,3,3,3,3,3,24,24,24,24,36,36,36],"current_hp_per_floor":[62,68,68,74,74,74,80,80,80,74,74,74,80,80,80,59,75,73,73,66,56,56,75,75,75,75,54,58,75,67,60,75,69,75,53,53,51,46,52,52,53,51,61,49,49,74,54,49,49],"gold":136,"neow_bonus":"TWO_FIFTY_GOLD","is_daily":false,"chose_seed":false,"campfire_upgraded":2,"win_rate":0.0,"timestamp":1614042298,"path_taken":["M","M","$","M","M","R","M","M","T","M","$","R","E","M","R","BOSS","M","?","?","M","?","R","?","R","T","M","M","R","M","M","R","BOSS","M","$","M","M","M","E","M","M","T","M","?","R","?","M"],"items_purchased_type":["Relic","Relic","Relic","Relic","Card","Card","Card","Card","Potion","Potion","Potion","Relic","Card","Card","Card","Potion","Card","Card"],"build_version":"2020-12-22","purchased_purges":1,"victory":false,"max_hp_per_floor":[80,80,80,80,80,80,80,80,80,80,80,80,80,80,80,80,75,75,75,75,75,75,75,75,75,75,75,75,75,75,75,75,75,75,75,75,75,75,75,75,75,75,85,85,85,85,85,85,85],"card_choices":[{"not_picked":["Replay:Undeath\u0027s Touch","Disarm"],"picked":"Heavy Blade","floor":1.0},{"not_picked":["StuffTheSpire:BloodClot","StuffTheSpire:RockThrow"],"picked":"Wild Strike","floor":2.0},{"not_picked":["ReplayTheSpireMod:Strike From Hell","Evolve"],"picked":"Flex","floor":4.0},{"not_picked":["Body Slam","Inflame"],"picked":"Sword Boomerang","floor":5.0},{"not_picked":["hubris:CleavingFinish","StuffTheSpire:RagingBull"],"picked":"Clothesline","floor":7.0},{"not_picked":["Second Wind","Warcry"],"picked":"Offering","floor":8.0},{"not_picked":["Anger","Pommel Strike"],"picked":"Cleave","floor":10.0},{"not_picked":["Headbutt","Anger"],"picked":"Havoc","floor":13.0},{"not_picked":["Absolvement","True Grit"],"picked":"StuffTheSpire:Incineration","floor":14.0},{"not_picked":["Massacre","Brutality"],"picked":"Clash","floor":15.0},{"not_picked":["Wild Strike","Fire Breathing"],"picked":"Perfected Strike","floor":15.0},{"not_picked":["ReplayReversal","Anger"],"picked":"Perfected Strike","floor":15.0},{"not_picked":["Berserk","Demon Form"],"picked":"Impervious","floor":16.0},{"not_picked":["Anger","Flame Barrier+1"],"picked":"Seeing Red","floor":18.0},{"not_picked":["Shrug It Off","hubris:ReadiedAction"],"picked":"Cleave","floor":21.0},{"not_picked":["hubris:ReadiedAction+1","Body Slam+1"],"picked":"StuffTheSpire:Incineration+1","floor":27.0},{"not_picked":["Headbutt+1","Run Through+1"],"picked":"Flex","floor":28.0},{"not_picked":["Thunderclap+1","StuffTheSpire:RagingBull+1"],"picked":"Wild Strike+1","floor":30.0},{"not_picked":["StuffTheSpire:RockThrow+1","True Grit"],"picked":"Offering","floor":31.0},{"not_picked":["Corruption","hubris:StunningStrike+1"],"picked":"Eclipse","floor":33.0},{"not_picked":["ReplayTheSpireMod:Strike From Hell+1","Clash+1"],"picked":"Run Through+1","floor":35.0},{"not_picked":["Dual Wield+1","Body Slam+1"],"picked":"Heavy Blade+1","floor":37.0},{"not_picked":["Evolve","Sever Soul+1"],"picked":"ReplayReversal+1","floor":38.0},{"not_picked":["Clash+1","Cleave+1"],"picked":"Pommel Strike+1","floor":39.0},{"not_picked":["Replay:Undeath\u0027s Touch+1","Invigoration"],"picked":"Carnage+1","floor":40.0},{"not_picked":["Havoc+1","Replay:Undeath\u0027s Touch+1"],"picked":"Headbutt+1","floor":41.0},{"not_picked":["conspire:HitWhereItHurts+1","StuffTheSpire:Slingshot+1"],"picked":"Clothesline+1","floor":42.0},{"not_picked":["Warcry","Anger+1"],"picked":"Run Through+1","floor":44.0}],"player_experience":172160,"relics_obtained":[{"floor":9.0,"key":"Meat on the Bone"},{"floor":13.0,"key":"reliquary:Vitrine"},{"floor":22.0,"key":"Molten Egg 2"},{"floor":26.0,"key":"StuffTheSpire:Nightcore"},{"floor":40.0,"key":"reliquary:ExpiredCoupon"},{"floor":43.0,"key":"Pear"},{"floor":47.0,"key":"StuffTheSpire:GreaterSneckoEye"}],"event_choices":[{"damage_healed":0.0,"max_hp_gain":0.0,"max_hp_loss":0.0,"gold_gain":75.0,"event_name":"FaceTrader","player_choice":"Touch","floor":20.0,"gold_loss":0.0,"damage_taken":7.0},{"cards_removed":["Crow Ritual"],"damage_healed":0.0,"max_hp_gain":0.0,"max_hp_loss":0.0,"gold_gain":0.0,"event_name":"Falling","player_choice":"Removed Power","floor":45.0,"gold_loss":0.0,"damage_taken":0.0}],"is_beta":false,"boss_relics":[{"not_picked":["aspiration:SilentSkillbook","halation:Prosthetics"],"picked":"energizedSpire:HugeHouse"},{"not_picked":["conspire:SlowCooker","Fusion Hammer"],"picked":"reliquary:BigHammer"}],"items_purged_floors":[3],"is_endless":false,"potions_floor_spawned":[5,8,13,18,30,31,35,38,39,44],"killed_by":"4 Shapes","ascension_level":0}}