{"host":"13o02hya6v6rzuva","time":1614083445,"event":{"mods":["BaseMod","Minty Spire (QoL Compilation)","Relic Stats"],"gold_per_floor":[116,126,138,138,138,138,171,346,395,439,457,482,513,94,94,218,218,239,239,253,274,287,328,344,344,368,406,420,420,43,83,83,204,204,224,224,224,238,251,251,251,251,251,267,311,311,311,327,327,327,327,327,94,129,129,129],"floor_reached":55,"language":"ENG","playtime":1528,"items_purged":["Doubt"],"score":892,"play_id":"79f53bf9-5489-4244-9440-3d64279732e2","local_time":"20210223133045","is_ascension_mode":true,"campfire_choices":[{"data":"Disarm","floor":6,"key":"SMITH"},{"data":"Inflame","floor":15,"key":"SMITH"},{"data":"Perfected Strike","floor":32,"key":"SMITH"},{"floor":40,"key":"RECALL"},{"data":"Perfected Strike","floor":42,"key":"SMITH"},{"data":"Bash","floor":46,"key":"SMITH"},{"data":"Perfected Strike","floor":49,"key":"SMITH"},{"data":"Dramatic Entrance","floor":52,"key":"SMITH"}],"circlet_count":0,"master_deck":["Strike_R","Strike_R","Strike_R","Strike_R","Strike_R+1","Defend_R","Defend_R","Defend_R","Defend_R+1","Bash+1","Battle Trance","Cleave+1","Disarm+1","Perfected Strike+1","Shrug It Off+1","Perfected Strike+1","Perfected Strike+1","Twin Strike","Inflame+1","Twin Strike","Infernal Blade+1","Thunderclap","Wild Strike","Dramatic Entrance+1","Perfected Strike+1","Intimidate","Uppercut+1","Metallicize","Rage+1"],"relics":["Burning Blood","Bag of Marbles","Golden Idol","Orichalcum","Strawberry","Singing Bowl","Eternal Feather","War Paint","Juzu Bracelet","Mark of Pain","PreservedInsect","Lantern","MutagenicStrength","Pear","Happy Flower","Sozu","Molten Egg 2","Whetstone","Calipers","Sling","Ice Cream"],"acts_visited":["Exordium","TheCity","TheBeyond","TheEnding"],"potions_floor_usage":[23,25,33,55,55],"damage_taken":[{"damage":1,"enemies":"Jaw Worm","floor":1,"turns":3},{"damage":2,"enemies":"2 Louse","floor":2,"turns":3},{"damage":6,"enemies":"Cultist","floor":3,"turns":3},{"damage":27,"enemies":"Gremlin Nob","floor":7,"turns":4},{"damage":9,"enemies":"3 Sentries","floor":10,"turns":8},{"damage":6,"enemies":"Blue Slaver","floor":11,"turns":4},{"damage":4,"enemies":"Looter","floor":12,"turns":2},{"damage":13,"enemies":"Gremlin Nob","floor":13,"turns":4},{"damage":27,"enemies":"The Guardian","floor":16,"turns":11},{"damage":14,"enemies":"2 Thieves","floor":18,"turns":3},{"damage":4,"enemies":"Spheric Guardian","floor":20,"turns":3},{"damage":0,"enemies":"Snecko","floor":21,"turns":3},{"damage":6,"enemies":"Snake Plant","floor":22,"turns":4},{"damage":14,"enemies":"Slavers","floor":23,"turns":3},{"damage":9,"enemies":"3 Cultists","floor":24,"turns":5},{"damage":0,"enemies":"Snecko","floor":25,"turns":3},{"damage":18,"enemies":"Book of Stabbing","floor":27,"turns":4},{"damage":13,"enemies":"Shelled Parasite and Fungi","floor":28,"turns":3},{"damage":1,"enemies":"Slavers","floor":31,"turns":2},{"damage":50,"enemies":"Automaton","floor":33,"turns":6},{"damage":0,"enemies":"Orb Walker","floor":35,"turns":1},{"damage":11,"enemies":"3 Darklings","floor":38,"turns":4},{"damage":0,"enemies":"Spire Growth","floor":39,"turns":2},{"damage":0,"enemies":"4 Shapes","floor":44,"turns":2},{"damage":0,"enemies":"Reptomancer","floor":45,"turns":2},{"damage":15,"enemies":"Maw","floor":48,"turns":5},{"damage":57,"enemies":"Donu and Deca","floor":50,"turns":7},{"damage":29,"enemies":"Shield and Spear","floor":54,"turns":4},{"damage":92,"enemies":"The Heart","floor":55,"turns":5}],"seed_played":"-4354974976162418259","potions_obtained":[{"floor":1,"key":"Strength Potion"},{"floor":7,"key":"FearPotion"},{"floor":16,"key":"FearPotion"},{"floor":18,"key":"DistilledChaos"},{"floor":20,"key":"SmokeBomb"},{"floor":27,"key":"LiquidMemories"},{"floor":31,"key":"Fire Potion"}],"is_trial":false,"path_per_floor":["M","M","M","?","?","R","E","?","T","E","M","M","E","$","R","B",null,"M","?","M","M","M","E","M","M","T","E","M","?","$","E","R","B",null,"M","?","?","M","M","R","?","R","T","M","E","R","?","M","R","B",null,"R","$","E","B"],"character_chosen":"IRONCLAD","items_purchased":["War Paint","Twin Strike","Juzu Bracelet","Inflame","Pear","Wild Strike","Metallicize","Sling"],"campfire_rested":0,"item_purchase_floors":[14,14,14,14,30,30,53,53],"current_hp_per_floor":[80,80,80,85,79,79,58,58,65,62,62,64,59,59,71,52,90,82,82,86,92,94,88,87,93,93,81,76,76,86,93,105,63,114,116,116,116,111,116,116,110,110,110,110,112,112,112,105,114,63,114,114,114,91,0,0],"gold":129,"neow_bonus":"RANDOM_COMMON_RELIC","is_daily":false,"chose_seed":false,"campfire_upgraded":7,"win_rate":0.0,"timestamp":1614083445,"path_taken":["M","M","M","?","?","R","E","?","T","E","M","M","E","?","R","BOSS","M","?","M","M","M","E","M","M","T","E","M","?","$","E","R","BOSS","M","?","?","M","M","R","?","R","T","M","E","R","?","M","R","BOSS","R","$","E","BOSS"],"items_purchased_type":["Relic","Card","Relic","Card","Relic","Card","Card","Relic"],"build_version":"2020-12-22","purchased_purges":1,"victory":false,"max_hp_per_floor":[80,80,80,85,79,79,79,79,86,86,86,86,88,88,88,90,90,90,90,92,92,94,96,98,98,98,98,100,100,110,112,112,114,114,116,116,116,116,116,116,110,110,110,110,112,112,112,114,114,114,114,114,114,114,114,114],"relic_stats":{"Singing Bowl":24,"Happy Flower":[12],"counters":[29,113],"Golden Idol":185,"Eternal Feather":33,"PreservedInsect":207,"Juzu Bracelet":2,"Whetstone":["Cleave","Strike_R"],"Orichalcum":[330],"War Paint":["Defend_R","Shrug It Off"],"Burning Blood":140,"Sozu":4,"obtain_stats":[{"Ice Cream":54,"Lantern":27,"Pear":30,"Calipers":45,"Singing Bowl":10,"Happy Flower":31,"Golden Idol":5,"Eternal Feather":13,"PreservedInsect":23,"Juzu Bracelet":14,"Whetstone":43,"Orichalcum":7,"War Paint":14,"Sling":53,"Burning Blood":0,"Sozu":34,"Strawberry":9,"MutagenicStrength":29,"Molten Egg 2":37,"Mark of Pain":17,"Bag of Marbles":0},{"Ice Cream":28,"Lantern":17,"Pear":18,"Calipers":25,"Singing Bowl":5,"Happy Flower":19,"Golden Idol":3,"Eternal Feather":8,"PreservedInsect":14,"Juzu Bracelet":8,"Whetstone":23,"Orichalcum":4,"War Paint":8,"Sling":27,"Burning Blood":0,"Sozu":20,"Strawberry":4,"MutagenicStrength":18,"Molten Egg 2":21,"Mark of Pain":9,"Bag of Marbles":0},{"Ice Cream":108,"Lantern":70,"Pear":73,"Calipers":92,"Singing Bowl":21,"Happy Flower":75,"Golden Idol":9,"Eternal Feather":31,"PreservedInsect":58,"Juzu Bracelet":31,"Whetstone":88,"Orichalcum":13,"War Paint":31,"Sling":104,"Burning Blood":0,"Sozu":81,"Strawberry":13,"MutagenicStrength":73,"Molten Egg 2":82,"Mark of Pain":42,"Bag of Marbles":0}]},"card_choices":[{"not_picked":["Heavy Blade","Body Slam"],"picked":"Battle Trance","floor":1},{"not_picked":["Armaments","Flex"],"picked":"Cleave","floor":2},{"not_picked":["Burning Pact","Metallicize"],"picked":"Disarm","floor":3},{"not_picked":["Armaments","Battle Trance"],"picked":"Perfected Strike","floor":7},{"not_picked":["True Grit","Dark Embrace"],"picked":"Shrug It Off","floor":10},{"not_picked":["Anger","True Grit"],"picked":"Perfected Strike","floor":11},{"not_picked":["Iron Wave","Twin Strike"],"picked":"Perfected Strike","floor":12},{"not_picked":["Reaper","Seeing Red","Body Slam"],"picked":"Singing Bowl","floor":13},{"not_picked":["Corruption","Barricade","Bludgeon"],"picked":"Singing Bowl","floor":16},{"not_picked":["Shrug It Off","Anger+1"],"picked":"Twin Strike","floor":18},{"not_picked":["True Grit","Body Slam","Feel No Pain"],"picked":"Singing Bowl","floor":20},{"not_picked":["Pommel Strike","Burning Pact"],"picked":"Infernal Blade+1","floor":21},{"not_picked":["Armaments","Seeing Red","Havoc"],"picked":"Singing Bowl","floor":22},{"not_picked":["Second Wind","Iron Wave+1","Sword Boomerang"],"picked":"Singing Bowl","floor":23},{"not_picked":["Sever Soul","Rage","Flex"],"picked":"Singing Bowl","floor":24},{"not_picked":["Double Tap","Reaper"],"picked":"Thunderclap","floor":27},{"not_picked":["Body Slam","Sword Boomerang","Sever Soul"],"picked":"Singing Bowl","floor":28},{"not_picked":["Clash+1","True Grit","Infernal Blade+1"],"picked":"Singing Bowl","floor":31},{"not_picked":["Juggernaut","Reaper","Barricade"],"picked":"Singing Bowl","floor":33},{"not_picked":["Second Wind","Cleave","Iron Wave+1"],"picked":"Singing Bowl","floor":35},{"not_picked":["Master of Strategy","Purity"],"picked":"Dramatic Entrance","floor":36},{"not_picked":["Ghostly Armor","Havoc+1"],"picked":"Perfected Strike+1","floor":38},{"not_picked":["Anger+1","Feel No Pain+1"],"picked":"Intimidate","floor":39},{"not_picked":["Iron Wave+1","Havoc+1"],"picked":"Uppercut+1","floor":44},{"not_picked":["Bloodletting","Juggernaut","Cleave+1"],"picked":"Singing Bowl","floor":45},{"not_picked":["Pummel+1","Cleave+1","Inflame"],"picked":"Singing Bowl","floor":48},{"not_picked":["Armaments+1","Havoc"],"picked":"Rage+1","floor":54}],"player_experience":1248124,"relics_obtained":[{"floor":7,"key":"Orichalcum"},{"floor":9,"key":"Strawberry"},{"floor":10,"key":"Singing Bowl"},{"floor":13,"key":"Eternal Feather"},{"floor":23,"key":"PreservedInsect"},{"floor":27,"key":"Lantern"},{"floor":31,"key":"Happy Flower"},{"floor":37,"key":"Molten Egg 2"},{"floor":43,"key":"Whetstone"},{"floor":45,"key":"Calipers"},{"floor":54,"key":"Ice Cream"}],"event_choices":[{"damage_healed":0,"gold_gain":0,"player_choice":"Donut","damage_taken":0,"max_hp_gain":5,"max_hp_loss":0,"event_name":"Big Fish","floor":4,"gold_loss":0},{"damage_healed":0,"gold_gain":0,"player_choice":"Lose Max HP","damage_taken":0,"relics_obtained":["Golden Idol"],"max_hp_gain":0,"max_hp_loss":6,"event_name":"Golden Idol","floor":5,"gold_loss":0},{"damage_healed":0,"gold_gain":175,"player_choice":"AGREE","damage_taken":0,"max_hp_gain":0,"max_hp_loss":0,"event_name":"Liars Game","floor":8,"gold_loss":0,"cards_obtained":["Doubt"]},{"cards_removed":["Doubt"],"damage_healed":0,"gold_gain":0,"player_choice":"Took Card","damage_taken":0,"max_hp_gain":0,"max_hp_loss":0,"event_name":"NoteForYourself","floor":19,"gold_loss":0,"cards_obtained":["Doubt"]},{"damage_healed":0,"gold_gain":0,"player_choice":"Inject Mutagens","damage_taken":0,"relics_obtained":["MutagenicStrength"],"max_hp_gain":0,"max_hp_loss":0,"event_name":"Drug Dealer","floor":29,"gold_loss":0},{"damage_healed":0,"gold_gain":0,"player_choice":"Memory 1","damage_taken":0,"max_hp_gain":0,"max_hp_loss":0,"event_name":"SensoryStone","floor":36,"gold_loss":0},{"damage_healed":0,"gold_gain":0,"player_choice":"Relic","damage_taken":0,"max_hp_gain":0,"max_hp_loss":0,"event_name":"Wheel of Change","floor":37,"gold_loss":0},{"damage_healed":0,"gold_gain":0,"player_choice":"Max HP","damage_taken":0,"max_hp_gain":0,"max_hp_loss":6,"event_name":"Winding Halls","floor":41,"gold_loss":0},{"damage_healed":0,"gold_gain":0,"player_choice":"Ignored","damage_taken":0,"max_hp_gain":0,"max_hp_loss":0,"event_name":"Tomb of Lord Red Mask","floor":47,"gold_loss":0}],"is_beta":false,"boss_relics":[{"not_picked":["Fusion Hammer","Busted Crown"],"picked":"Mark of Pain"},{"not_picked":["Cursed Key","Calling Bell"],"picked":"Sozu"}],"items_purged_floors":[30],"is_endless":false,"potions_floor_spawned":[1,7,16,18,20,25,27,31,38,44,48,54],"killed_by":"The Heart","ascension_level":1}}