{"host":"lr7e131drr5jge75","time":1614061614,"event":{"mods":["BaseMod","BetterRewards","Minty Spire (QoL Compilation)","Permanent Neow","Quick Restart","StSLib"],"gold_per_floor":[111,111,130,205,224,245,245,245,245],"floor_reached":8,"language":"ENG","playtime":538,"items_purged":[],"score":48,"play_id":"e83ca20c-c26f-4f53-938d-56f60b174e8f","local_time":"20210222222654","is_ascension_mode":false,"campfire_choices":[{"floor":7,"key":"REST"}],"circlet_count":0,"master_deck":["Strike_P","Strike_P","Strike_P","Strike_P","Defend_P","Defend_P","Defend_P","Defend_P","Eruption","Vigilance","Scrawl","Sanctity","Prostrate","Crescendo"],"relics":["PureWater","Golden Idol"],"acts_visited":["Exordium"],"potions_floor_usage":[6],"damage_taken":[{"damage":0,"enemies":"Small Slimes","floor":1,"turns":2},{"damage":0,"enemies":"Jaw Worm","floor":3,"turns":5},{"damage":0,"enemies":"2 Louse","floor":5,"turns":2},{"damage":11,"enemies":"Gremlin Gang","floor":6,"turns":3},{"damage":0,"enemies":"Lagavulin","floor":8,"turns":2}],"seed_played":"-4988664445909962648","potions_obtained":[{"floor":5,"key":"Strength Potion"}],"is_trial":false,"path_per_floor":["M","?","M","?","M","M","R","E"],"character_chosen":"WATCHER","items_purchased":[],"campfire_rested":1,"item_purchase_floors":[],"current_hp_per_floor":[65,60,60,49,49,38,56,56,56],"gold":245,"neow_bonus":"THREE_RARE_CARDS","is_daily":false,"chose_seed":false,"campfire_upgraded":0,"win_rate":0.0,"timestamp":1614061614,"path_taken":["M","?","M","?","M","M","R","E"],"items_purchased_type":[],"build_version":"2020-12-22","purchased_purges":0,"victory":false,"max_hp_per_floor":[65,60,60,60,60,60,60,60,60],"card_choices":[{"not_picked":["Brilliance","Wish"],"picked":"Scrawl","floor":0},{"not_picked":["FlyingSleeves","Conclude"],"picked":"Sanctity","floor":1},{"not_picked":["Consecrate","MentalFortress"],"picked":"Prostrate","floor":3},{"not_picked":["Vengeance","Consecrate","Evaluate"],"picked":"SKIP","floor":5},{"not_picked":["BattleHymn","FlurryOfBlows"],"picked":"Crescendo","floor":6}],"player_experience":32174,"relics_obtained":[],"event_choices":[{"damage_healed":0,"gold_gain":0,"player_choice":"Lose Max HP","damage_taken":0,"relics_obtained":["Golden Idol"],"max_hp_gain":0,"max_hp_loss":5,"event_name":"Golden Idol","floor":2,"gold_loss":0},{"damage_healed":0,"gold_gain":75,"player_choice":"Gather Gold","damage_taken":11,"max_hp_gain":0,"max_hp_loss":0,"event_name":"World of Goop","floor":4,"gold_loss":0}],"is_beta":false,"boss_relics":[],"items_purged_floors":[],"is_endless":false,"potions_floor_spawned":[5],"killed_by":"Lagavulin","ascension_level":0}}