{"host":"vrsxkkch9ccrec7k","time":1614061951,"event":{"mods":["Act Like it!","BaseMod","Bestiary","Better Altar","Better Match","Better Note","Better Sensory Stone","Better Skull","Better Third Choice","Better Vampires","Downfall","Minty Spire (QoL Compilation)","Permanent Neow","Relic Stats","Spicy Shops","StSLib"],"gold_per_floor":[99,114,128,228,291,18,18,18,32,51,65,89,100,100,117,117,117,117],"floor_reached":16,"language":"ENG","playtime":933,"items_purged":[],"score":169,"play_id":"7703bd64-8a43-4b33-8855-db008cdff814","local_time":"20210223013231","is_ascension_mode":true,"campfire_choices":[{"data":"champ:Taunt","floor":1.0,"key":"SMITH"},{"floor":8.0,"key":"REST"}],"circlet_count":0,"master_deck":["AscendersBane","champ:Strike","champ:Strike","champ:Strike","champ:Defend","champ:Defend","champ:Defend","champ:Defend","champ:Execute","champ:Taunt+1","champ:SwordThrow","champ:GladiatorStyle","champ:CrookedStrike","champ:FaceSlap","champ:SwordSigil","champ:ArenaPreparation","champ:AdrenalArmor","champ:GladiatorForm+1","champ:ArenaPreparation"],"relics":["champ:ChampionCrown","Membership Card","Slimebound:StickyStick","The Courier","Odd Mushroom"],"acts_visited":["Exordium"],"potions_floor_usage":[16],"damage_taken":[{"damage":20.0,"enemies":"Small Slimes","floor":2.0,"turns":4.0},{"damage":1.0,"enemies":"2 Louse","floor":3.0,"turns":3.0},{"damage":60.0,"enemies":"Gremlin Nob","floor":5.0,"turns":5.0},{"damage":0.0,"enemies":"downfall:FleeingMerchant","floor":6.0,"turns":4.0},{"damage":17.0,"enemies":"Jaw Worm","floor":9.0,"turns":4.0},{"damage":23.0,"enemies":"3 Louse","floor":10.0,"turns":3.0},{"damage":25.0,"enemies":"Exordium Wildlife","floor":11.0,"turns":2.0},{"damage":21.0,"enemies":"The Mushroom Lair","floor":12.0,"turns":2.0},{"damage":45.0,"enemies":"Gremlin Gang","floor":13.0,"turns":4.0},{"damage":44.0,"enemies":"Exordium Thugs","floor":15.0,"turns":7.0},{"damage":98,"enemies":"DF_ARCHETYPE_STREAMLINE","floor":16,"turns":9}],"seed_played":"9195461560096097529","potions_obtained":[{"floor":3.0,"key":"SpeedPotion"},{"floor":10.0,"key":"champ:CounterPotion"},{"floor":12.0,"key":"GamblersBrew"},{"floor":13.0,"key":"EssenceOfSteel"}],"is_trial":false,"path_per_floor":["R","M","M","?","?","$","T","R","M","M","M","?","M","?","M","B"],"character_chosen":"THE_CHAMP","items_purchased":["Membership Card","Slimebound:StickyStick"],"campfire_rested":1,"item_purchase_floors":[6,6],"current_hp_per_floor":[73,73,72,72,32,32,32,56,54,46,46,45,35,35,34,0,0,0],"gold":117,"neow_bonus":"TRANSFORM_CARD","is_daily":false,"chose_seed":false,"campfire_upgraded":1,"win_rate":0.0,"timestamp":1614061951,"path_taken":["R","M","M","?","?","$","T","R","M","M","M","?","M","?","M","BOSS"],"items_purchased_type":["Relic","Relic"],"build_version":"2020-12-22","purchased_purges":0,"victory":false,"max_hp_per_floor":[81,81,81,81,81,81,81,81,81,81,81,81,81,81,81,81,81,81],"relic_stats":{"counters":[11,47],"obtain_stats":[{"Slimebound:StickyStick":6,"champ:ChampionCrown":0,"The Courier":7,"Membership Card":6,"Odd Mushroom":12},{"Slimebound:StickyStick":4,"champ:ChampionCrown":0,"The Courier":4,"Membership Card":4,"Odd Mushroom":8},{"Slimebound:StickyStick":16,"champ:ChampionCrown":0,"The Courier":16,"Membership Card":16,"Odd Mushroom":27}]},"card_choices":[{"not_picked":["champ:DefensiveShout","champ:Circumvent"],"picked":"champ:GladiatorStyle","floor":2.0},{"not_picked":["champ:Endure","champ:FlashCut"],"picked":"champ:CrookedStrike","floor":3.0},{"not_picked":["champ:IronFortress","champ:StanceDance"],"picked":"champ:FaceSlap","floor":5.0},{"not_picked":["champ:RageSigil","champ:EnragedBash"],"picked":"champ:SwordSigil","floor":6.0},{"not_picked":["champ:FlashCut","champ:PreemptiveStrike","champ:Parry"],"picked":"SKIP","floor":9.0},{"not_picked":["champ:Circumvent","champ:TornadoPunch"],"picked":"champ:ArenaPreparation","floor":10.0},{"not_picked":["champ:CrookedStrike","champ:PerfectedStrike","champ:Circumvent"],"picked":"SKIP","floor":11.0},{"not_picked":["champ:StanceDance","champ:TornadoPunch"],"picked":"champ:AdrenalArmor","floor":12.0},{"not_picked":["champ:FanOfKnives","champ:PreemptiveStrike"],"picked":"champ:GladiatorForm","floor":13.0},{"not_picked":["champ:Shatter","champ:BladeFlurry"],"picked":"champ:ArenaPreparation","floor":15.0}],"player_experience":1998746,"relics_obtained":[{"floor":7.0,"key":"The Courier"},{"floor":12.0,"key":"Odd Mushroom"}],"event_choices":[{"damage_healed":0.0,"max_hp_gain":0.0,"max_hp_loss":0.0,"gold_gain":0.0,"event_name":"Mushrooms","player_choice":"Fought Mushrooms","floor":12.0,"gold_loss":0.0,"damage_taken":0.0},{"damage_healed":0.0,"max_hp_gain":0.0,"max_hp_loss":0.0,"gold_gain":0.0,"event_name":"Living Wall","player_choice":"Grow","floor":14.0,"gold_loss":0.0,"damage_taken":0.0,"cards_upgraded":["champ:GladiatorForm"]}],"is_beta":false,"boss_relics":[],"items_purged_floors":[],"is_endless":false,"potions_floor_spawned":[3,10,12,13,15],"killed_by":"DF_ARCHETYPE_STREAMLINE","ascension_level":16}}