{"host":"Berg","time":1614118975,"event":{"mods":["AchievementEnabler","BaseMod","Better Third Choice","Colored Map","Gremlin Skip","Highlight Path","Minty Spire (QoL Compilation)","Relic Stats","StSLib"],"gold_per_floor":[110,121,121,140,151,176,176,176,176,205,205,233,233,233,233,332,332,307,307,323,323,323],"floor_reached":21,"language":"ENG","playtime":1088,"items_purged":[],"score":394,"play_id":"c2ffd4da-3683-4cdf-bebb-bb0cb12df07a","local_time":"20210223172255","is_ascension_mode":true,"campfire_choices":[{"floor":8,"key":"REST"},{"data":"Neutralize","floor":11,"key":"SMITH"},{"data":"Envenom","floor":15,"key":"SMITH"}],"circlet_count":0,"master_deck":["AscendersBane","Strike_G","Strike_G","Strike_G","Strike_G","Strike_G","Defend_G","Defend_G","Defend_G","Defend_G","Defend_G","Survivor","Neutralize+1","Blade Dance+1","Acrobatics","Infinite Blades","Cloak And Dagger","Deadly Poison","Backflip","Envenom+1","Wraith Form v2","CurseOfTheBell","Leg Sweep","Dodge and Roll+1"],"relics":["Ring of the Snake","PreservedInsect","MealTicket","Sundial","Bag of Marbles","Shuriken","Golden Idol","Calling Bell","Centennial Puzzle","Blue Candle","Thread and Needle","Nloth\u0027s Gift"],"acts_visited":["Exordium","TheCity"],"potions_floor_usage":[10,21,21,21,21],"damage_taken":[{"damage":1,"enemies":"2 Louse","floor":1,"turns":4},{"damage":0,"enemies":"Jaw Worm","floor":2,"turns":4},{"damage":4,"enemies":"Small Slimes","floor":4,"turns":4},{"damage":11,"enemies":"Exordium Wildlife","floor":5,"turns":6},{"damage":25,"enemies":"3 Sentries","floor":6,"turns":8},{"damage":3,"enemies":"Gremlin Nob","floor":10,"turns":3},{"damage":15,"enemies":"3 Sentries","floor":12,"turns":8},{"damage":10,"enemies":"Hexaghost","floor":16,"turns":8},{"damage":14,"enemies":"2 Thieves","floor":18,"turns":4},{"damage":33,"enemies":"3 Byrds","floor":20,"turns":8},{"damage":23,"enemies":"Cultist and Chosen","floor":21,"turns":5}],"seed_played":"669872589745123937","potions_obtained":[{"floor":5,"key":"SpeedPotion"},{"floor":6,"key":"FearPotion"},{"floor":10,"key":"EntropicBrew"}],"is_trial":false,"path_per_floor":["M","M","?","M","M","E","?","R","T","E","R","E","T","?","R","B",null,"M","?","M","M"],"character_chosen":"THE_SILENT","items_purchased":[],"campfire_rested":1,"item_purchase_floors":[],"current_hp_per_floor":[58,58,63,59,48,23,23,44,44,41,41,26,26,26,26,16,52,38,38,5,0,0],"gold":323,"neow_bonus":"RANDOM_COMMON_RELIC","is_daily":false,"chose_seed":false,"campfire_upgraded":2,"win_rate":0.0,"timestamp":1614118975,"path_taken":["M","M","?","M","M","E","?","R","T","E","R","E","?","?","R","BOSS","M","?","?","M"],"items_purchased_type":[],"build_version":"2020-12-18","purchased_purges":0,"victory":false,"max_hp_per_floor":[66,66,71,71,71,71,71,71,71,71,71,71,71,64,64,64,64,64,64,64,64,64],"relic_stats":{"Centennial Puzzle":[6],"counters":[11,62],"Sundial":[4],"Shuriken":[12],"Golden Idol":26,"Blue Candle":[0],"MealTicket":0,"PreservedInsect":86,"Nloth\u0027s Gift":0,"obtain_stats":[{"Golden Idol":14,"Blue Candle":17,"Thread and Needle":17,"PreservedInsect":0,"Juzu Bracelet":6,"Calling Bell":17,"Centennial Puzzle":17,"Sundial":10,"Shuriken":13,"MealTicket":9,"Bag of Marbles":12,"Nloth\u0027s Gift":19,"Ring of the Snake":0},{"Golden Idol":7,"Blue Candle":8,"Thread and Needle":8,"PreservedInsect":0,"Juzu Bracelet":5,"Calling Bell":8,"Centennial Puzzle":8,"Sundial":6,"Shuriken":7,"MealTicket":5,"Bag of Marbles":7,"Nloth\u0027s Gift":9,"Ring of the Snake":0},{"Golden Idol":37,"Blue Candle":45,"Thread and Needle":45,"PreservedInsect":0,"Juzu Bracelet":26,"Calling Bell":45,"Centennial Puzzle":45,"Sundial":29,"Shuriken":37,"MealTicket":26,"Bag of Marbles":37,"Nloth\u0027s Gift":49,"Ring of the Snake":0}],"Ring of the Snake":[22]},"card_choices":[{"not_picked":["Deadly Poison","Heel Hook"],"picked":"Blade Dance","floor":1},{"not_picked":["Tactician","Escape Plan"],"picked":"Acrobatics","floor":2},{"not_picked":["Sucker Punch","Outmaneuver"],"picked":"Infinite Blades","floor":4},{"not_picked":["Underhanded Strike","Blur"],"picked":"Cloak And Dagger","floor":5},{"not_picked":["Tactician","Deflect"],"picked":"Deadly Poison","floor":6},{"not_picked":["Deflect","Choke"],"picked":"Backflip","floor":10},{"not_picked":["Eviscerate","Backflip"],"picked":"Envenom","floor":12},{"not_picked":["Venomology","Malaise"],"picked":"Wraith Form v2","floor":16},{"not_picked":["Blade Dance","Dodge and Roll+1"],"picked":"Leg Sweep","floor":18},{"not_picked":["Sucker Punch","Expertise"],"picked":"Dodge and Roll+1","floor":20}],"player_experience":1348368,"relics_obtained":[{"floor":6,"key":"Juzu Bracelet"},{"floor":9,"key":"MealTicket"},{"floor":10,"key":"Sundial"},{"floor":12,"key":"Bag of Marbles"},{"floor":13,"key":"Shuriken"},{"floor":17,"key":"Centennial Puzzle"},{"floor":17,"key":"Blue Candle"},{"floor":17,"key":"Thread and Needle"}],"event_choices":[{"damage_healed":0,"gold_gain":0,"player_choice":"Donut","damage_taken":0,"max_hp_gain":5,"max_hp_loss":0,"event_name":"Big Fish","floor":3,"gold_loss":0},{"damage_healed":0,"gold_gain":0,"player_choice":"Grow","damage_taken":0,"max_hp_gain":0,"max_hp_loss":0,"event_name":"Living Wall","floor":7,"gold_loss":0,"cards_upgraded":["Blade Dance"]},{"damage_healed":0,"gold_gain":0,"player_choice":"Lose Max HP","damage_taken":0,"relics_obtained":["Golden Idol"],"max_hp_gain":0,"max_hp_loss":7,"event_name":"Golden Idol","floor":14,"gold_loss":0},{"damage_healed":0,"gold_gain":0,"player_choice":"Traded Relic","damage_taken":0,"relics_obtained":["Nloth\u0027s Gift"],"max_hp_gain":0,"max_hp_loss":0,"event_name":"N\u0027loth","floor":19,"relics_lost":["Juzu Bracelet"],"gold_loss":0}],"is_beta":true,"boss_relics":[{"not_picked":["Coffee Dripper","Philosopher\u0027s Stone"],"picked":"Calling Bell"}],"items_purged_floors":[],"is_endless":false,"potions_floor_spawned":[5,6,10,20],"killed_by":"Cultist and Chosen","ascension_level":20}}