{"host":"lxihx0b6awoz2w1j","time":1614056766,"event":{"mods":["BaseMod","Better Third Choice","BetterRewards","CapriCore","Colored Powertips","Conspire","Downfall","Fox Events","Infinite Spire","Melee Mod","Minty Spire (QoL Compilation)","Permanent Neow","Quick Restart","Relic Stats","Reliquary","Replay The Spire","Spicy Shops","StSLib","The Alterego","The Blue Laboratory","The Death Knight","The Forsaken","The Jungle","Waifu the Spire"],"gold_per_floor":[116,130,130,130,45,45,79,79,79,92,92,92,92,132,132,257,257,280,293,55,5,24,24,44,82,82,102,102,146,146,169,169,298,298,314,314,171,171],"floor_reached":37,"language":"ENG","playtime":1724,"items_purged":[],"score":438,"play_id":"28a0b9f6-e1a5-4347-93b2-6ca05299f1fc","local_time":"20210223060606","is_ascension_mode":true,"campfire_choices":[{"data":"DeathKnight:DeathStrike","floor":6.0,"key":"SMITH"},{"floor":8.0,"key":"REST"},{"data":"DeathKnight:DancingRuneblade","floor":12.0,"key":"SMITH"},{"floor":15.0,"key":"REST"},{"floor":23.0,"key":"REST"},{"floor":28.0,"key":"REST"},{"floor":30.0,"key":"REST"},{"floor":32.0,"key":"REST"}],"circlet_count":0,"master_deck":["DeathKnight:Strike_DeathKnight","DeathKnight:Strike_DeathKnight","DeathKnight:Strike_DeathKnight","DeathKnight:Strike_DeathKnight","DeathKnight:Strike_DeathKnight","DeathKnight:Defend_DeathKnight","DeathKnight:Defend_DeathKnight","DeathKnight:Defend_DeathKnight","DeathKnight:Defend_DeathKnight","DeathKnight:Defend_DeathKnight","DeathKnight:RuneTap+1","DeathKnight:RuneStrike","DeathKnight:DeathStrike+1","DeathKnight:BloodBoil","DeathKnight:FrostStrike","DeathKnight:DancingRuneblade+1","DeathKnight:BloodStrike","sneckomod:UnknownBlock+1","Juggernaut","DeathKnight:IceboundArmor+1","meleeMod_FalconKick","DeathKnight:IceboundArmor+1","DeathKnight:MindFreeze+1","Pommel Strike","sneckomod:UnknownClassDEATH_KNIGHT_COLOR+1","ReplayTheSpireMod:Black Plague+1","meleeMod_RaptorBoost","Brutality","CurseOfTheBell","Mind Blast","meleeMod_FalconDive+1"],"relics":["DeathKnight:BrokenRuneblade","Snack Pack","Replay:Wax Seal","Golden Idol","PrismaticShard","Toxic Egg 2","infinitespire:Eraser","DeathKnight:JainasLocket","reliquary:ThirdArm","Du-Vu Doll","reliquary:SilkGlove","Bottled Lightning","conspire:DeflatedDodgeball","Calling Bell","DeathKnight:PreciousRibbon","Mirror","reliquary:OuijaBoard","Orrery"],"acts_visited":["Exordium","TheCity","TheBeyond"],"potions_floor_usage":[],"damage_taken":[{"damage":1.0,"enemies":"Cultist","floor":1.0,"turns":3.0},{"damage":7.0,"enemies":"Small Slimes","floor":2.0,"turns":3.0},{"damage":11.0,"enemies":"Jaw Worm","floor":5.0,"turns":3.0},{"damage":20.0,"enemies":"Gremlin Nob","floor":7.0,"turns":4.0},{"damage":24.0,"enemies":"3 Louse","floor":10.0,"turns":3.0},{"damage":31.0,"enemies":"Lagavulin","floor":14.0,"turns":7.0},{"damage":53.0,"enemies":"The Guardian","floor":16.0,"turns":9.0},{"damage":28.0,"enemies":"Spheric Guardian","floor":18.0,"turns":5.0},{"damage":5.0,"enemies":"Chosen","floor":19.0,"turns":4.0},{"damage":33.0,"enemies":"Snake Plant","floor":22.0,"turns":6.0},{"damage":27.0,"enemies":"Centurion and Healer","floor":24.0,"turns":6.0},{"damage":48.0,"enemies":"Gremlin Leader","floor":25.0,"turns":9.0},{"damage":10.0,"enemies":"Cultist and Chosen","floor":27.0,"turns":7.0},{"damage":37.0,"enemies":"Nightmare","floor":29.0,"turns":8.0},{"damage":23.0,"enemies":"Snake Plant","floor":31.0,"turns":4.0},{"damage":42.0,"enemies":"Collector","floor":33.0,"turns":9.0},{"damage":10.0,"enemies":"Orb Walker","floor":35.0,"turns":5.0}],"seed_played":"-3013268479553712481","potions_obtained":[{"floor":1.0,"key":"FairyPotion"},{"floor":10.0,"key":"SkillPotion"},{"floor":14.0,"key":"Fire Potion"},{"floor":29.0,"key":"blueLaboratory:AbyssPotion"},{"floor":31.0,"key":"Regen Potion"}],"is_trial":false,"path_per_floor":["M","M","?","?","M","R","E","R","T","M","?","R","?","E","R","B",null,"M","M","$","?","M","R","M","E","T","M","R","NM","R","M","R","B",null,"M","?","$"],"character_chosen":"DEATH_KNIGHT","items_purchased":["DeathKnight:DeathStrike","Snack Pack","DeathKnight:BloodBoil","Replay:Wax Seal","DeathKnight:FrostStrike","Du-Vu Doll","DeathKnight:IceboundArmor+1","DeathKnight:MindFreeze+1","Orrery"],"campfire_rested":6,"item_purchase_floors":[0,0,0,0,0,20,20,20,37],"current_hp_per_floor":[73,73,55,55,53,53,44,66,66,55,60,60,60,43,67,35,80,62,69,69,69,50,74,65,31,31,33,57,32,56,45,69,42,80,70,70,70,70],"gold":171,"neow_bonus":"","is_daily":false,"chose_seed":false,"campfire_upgraded":2,"win_rate":0.0,"timestamp":1614056766,"path_taken":["M","M","?","?","M","R","E","R","T","?","?","R","?","E","R","BOSS","M","?","$","?","M","R","M","E","T","M","R","NM","R","M","R","BOSS","M","?","$"],"items_purchased_type":["Card","Relic","Card","Relic","Card","Relic","Card","Card","Relic"],"build_version":"2020-12-22","purchased_purges":0,"victory":false,"max_hp_per_floor":[75,75,75,75,75,75,75,75,75,75,80,80,80,80,80,80,80,80,80,80,80,80,80,80,80,80,80,80,80,80,80,80,80,80,80,80,80,80],"relic_stats":{"counters":[17,95],"Golden Idol":117,"obtain_stats":[{"reliquary:OuijaBoard":34,"reliquary:SilkGlove":25,"Golden Idol":3,"DeathKnight:PreciousRibbon":34,"PrismaticShard":4,"reliquary:ThirdArm":17,"Du-Vu Doll":20,"Calling Bell":34,"Orrery":37,"Snack Pack":0,"Bottled Lightning":26,"Replay:Wax Seal":0,"Toxic Egg 2":7,"infinitespire:Eraser":9,"conspire:DeflatedDodgeball":29,"Mirror":34,"DeathKnight:BrokenRuneblade":0,"DeathKnight:JainasLocket":14},{"reliquary:OuijaBoard":16,"reliquary:SilkGlove":12,"Golden Idol":2,"DeathKnight:PreciousRibbon":16,"PrismaticShard":2,"reliquary:ThirdArm":7,"Du-Vu Doll":9,"Calling Bell":16,"Orrery":17,"Snack Pack":0,"Bottled Lightning":12,"Replay:Wax Seal":0,"Toxic Egg 2":4,"infinitespire:Eraser":4,"conspire:DeflatedDodgeball":14,"Mirror":16,"DeathKnight:BrokenRuneblade":0,"DeathKnight:JainasLocket":6},{"reliquary:OuijaBoard":90,"reliquary:SilkGlove":62,"Golden Idol":6,"DeathKnight:PreciousRibbon":90,"PrismaticShard":6,"reliquary:ThirdArm":32,"Du-Vu Doll":41,"Calling Bell":90,"Orrery":95,"Snack Pack":0,"Bottled Lightning":62,"Replay:Wax Seal":0,"Toxic Egg 2":13,"infinitespire:Eraser":13,"conspire:DeflatedDodgeball":77,"Mirror":90,"DeathKnight:BrokenRuneblade":0,"DeathKnight:JainasLocket":23}]},"card_choices":[{"not_picked":["DeathKnight:PillarOfFrost","DeathKnight:FesteringStrike","DeathKnight:ShatteringStrikes"],"picked":"SKIP","floor":1.0},{"not_picked":["DeathKnight:DeathsAdvance","DeathKnight:PlagueStrike"],"picked":"DeathKnight:DancingRuneblade","floor":2.0},{"not_picked":["hexamod:Firestarter","Impatience"],"picked":"DeathKnight:BloodStrike","floor":5.0},{"not_picked":["champ:RapidStrikes","Capacitor","bronze:Frontload+1"],"picked":"SKIP","floor":7.0},{"not_picked":["sneckomod:SoulExchange+1","DeathKnight:DeathCoil","Guardian:Incinerate"],"picked":"SKIP","floor":10.0},{"not_picked":["theForsaken:Parry+1","alterego_mod:MaintainEyeContact+1"],"picked":"sneckomod:UnknownBlock+1","floor":14.0},{"not_picked":["theForsaken:SpreadingPlague","Master of Strategy+1"],"picked":"Juggernaut","floor":16.0},{"not_picked":["bronze:Invalidate+1","Slice+1"],"picked":"DeathKnight:IceboundArmor+1","floor":18.0},{"not_picked":["DeathKnight:ChainsOfIce+1","DeathKnight:BoneSpear+1"],"picked":"meleeMod_FalconKick","floor":19.0},{"not_picked":["theForsaken:SpinAttack","DeathKnight:DeathRune+1","Slimebound:DuplicatedForm"],"picked":"SKIP","floor":22.0},{"not_picked":["sneckomod:UnknownDraw+1","Chill+1"],"picked":"Pommel Strike","floor":24.0},{"not_picked":["hexamod:FifthSeal","CutThroughFate+1"],"picked":"sneckomod:UnknownClassDEATH_KNIGHT_COLOR+1","floor":25.0},{"not_picked":["Replay:Anticipation+1","ReplayTheSpireMod:LeadingStrike","conspire:DoublingDagger+1"],"picked":"SKIP","floor":27.0},{"not_picked":["infinitespire:Gouge","infinitespire:SealOfDarkness+"],"picked":"ReplayTheSpireMod:Black Plague","floor":29.0},{"not_picked":["Rebound","theForsaken:WardingHymn+1"],"picked":"meleeMod_RaptorBoost","floor":29.0},{"not_picked":["champ:IronFortress","DeathKnight:UnholyFrenzy+1","bronze:FineTuning+1"],"picked":"SKIP","floor":31.0},{"not_picked":["Guardian:FastForward+1","Venomology+1"],"picked":"Brutality","floor":33.0},{"not_picked":["Slimebound:SamplingLick+1","Wild Strike","Deadly Poison+1"],"picked":"SKIP","floor":35.0},{"not_picked":["ReplayTheSpireMod:Necrogeddon","The Bomb+1"],"picked":"Mind Blast","floor":36.0},{"not_picked":["theForsaken:Eulogy+1","Slimebound:SplitBruiser+1"],"picked":"meleeMod_FalconDive+1","floor":37}],"player_experience":643252,"relics_obtained":[{"floor":7.0,"key":"Toxic Egg 2"},{"floor":9.0,"key":"infinitespire:Eraser"},{"floor":14.0,"key":"DeathKnight:JainasLocket"},{"floor":25.0,"key":"reliquary:SilkGlove"},{"floor":26.0,"key":"Bottled Lightning"},{"floor":29.0,"key":"conspire:DeflatedDodgeball"},{"floor":34.0,"key":"DeathKnight:PreciousRibbon"},{"floor":34.0,"key":"Mirror"},{"floor":34.0,"key":"reliquary:OuijaBoard"}],"event_choices":[{"damage_healed":0.0,"max_hp_gain":0.0,"max_hp_loss":0.0,"gold_gain":0.0,"event_name":"Golden Idol","player_choice":"Take Damage","floor":3.0,"gold_loss":0.0,"damage_taken":18.0,"relics_obtained":["Golden Idol"]},{"damage_healed":0.0,"max_hp_gain":5.0,"max_hp_loss":0.0,"gold_gain":0.0,"event_name":"Big Fish","player_choice":"Donut","floor":11.0,"gold_loss":0.0,"damage_taken":0.0},{"damage_healed":0.0,"max_hp_gain":0.0,"max_hp_loss":0.0,"gold_gain":0.0,"event_name":"Upgrade Shrine","player_choice":"Upgraded","floor":13.0,"gold_loss":0.0,"damage_taken":0.0,"cards_upgraded":["DeathKnight:RuneTap"]},{"damage_healed":0.0,"max_hp_gain":0.0,"max_hp_loss":0.0,"gold_gain":0.0,"event_name":"The Joust","player_choice":"Bet on Murderer","floor":21.0,"gold_loss":50.0,"damage_taken":0.0},{"damage_healed":0.0,"max_hp_gain":0.0,"max_hp_loss":0.0,"gold_gain":0.0,"event_name":"SensoryStone","player_choice":"Memory 1","floor":36.0,"gold_loss":0.0,"damage_taken":0.0}],"is_beta":false,"boss_relics":[{"not_picked":["Astrolabe","ReplayTheSpireMod:DimensionalGlitch"],"picked":"reliquary:ThirdArm"},{"not_picked":["Empty Cage","Kintsugi"],"picked":"Calling Bell"}],"items_purged_floors":[],"is_endless":true,"potions_floor_spawned":[1,10,14,16,24,29,31],"ascension_level":1}}