{"host":"0ke4ewd6kv0tgkyi","time":1614041336,"event":{"mods":["2.2 Compatiblity","Act Like it!","Aspiration","BaseMod","Conspire","Elementarium","Gensokyo","Gremlin Mod","Hallownest","Hermit","Highlight Path","Hubris","JesterMod","Menagerie","Minty Spire (QoL Compilation)","Pale of the Ancients","Permanent Neow","Quarter Circle Forward PUNCH!","Reliquary","Ruina","Shade Mod","StSLib","The Alterego","The Bug Knight","The Gatherer","The Judge","The Valiant","The Wild Card","The Witch","TheVacant","Yuri Mod","thorton"],"gold_per_floor":[115,40,53,53,70,70,81,81,81,81,91,118,157,168,168,268,268,285,285,302,302,302,319,329,329,329,329,355,46,93,124,124,124,124],"floor_reached":33,"language":"ENG","playtime":2439,"items_purged":["yuri:yuriStrike","yuri:yuriStrike","yuri:yuriStrike","Strike_G","yuri:yuriStab"],"score":285,"play_id":"61f02ea1-74b9-40a0-abc7-af6e2f004b81","local_time":"20210222164856","is_ascension_mode":false,"campfire_choices":[{"data":"yuri:BookGreen","floor":6,"key":"SMITH"},{"data":"yuri:BookBlue","floor":8,"key":"SMITH"},{"data":"yuri:Oolong","floor":10,"key":"SMITH"},{"data":"yuri:DuplicateCode","floor":15,"key":"SMITH"},{"floor":25,"key":"REST"},{"floor":27,"key":"REST"},{"floor":32,"key":"REST"}],"circlet_count":0,"master_deck":["yuri:yuriDefend","yuri:yuriDefend","yuri:Oolong+1","yuri:Stalk","yuri:ArmBrace","yuri:BookGreen+1","yuri:BlackTea","yuri:HeavierStrike","yuri:BookBlue+1","yuri:ArmBrace","yuri:DuplicateCode+1","yuri:Stare","yuri:DuplicateCode","Bane","Crippling Poison","Night Terror","yuri:BookBlue","yuri:MagneticKnives"],"relics":["yuri:yuriKnife","HollowMod:LifeEnderRelic","Strawberry","hubris:SphereOfDissonance","Fusion Hammer","reliquary:RoseTintedGlasses","qcfpunch:Black_Training_Shirt","hubris:Zylophone","reliquary:Aerogel","Toxic Egg 2"],"acts_visited":["Exordium","Exordium"],"potions_floor_usage":[11,16,23],"damage_taken":[{"damage":1,"enemies":"Cultist","floor":1,"turns":2},{"damage":1,"enemies":"Jaw Worm","floor":3,"turns":4},{"damage":0,"enemies":"2 Louse","floor":5,"turns":3},{"damage":9,"enemies":"Looter","floor":7,"turns":3},{"damage":8,"enemies":"Lots of Slimes","floor":11,"turns":3},{"damage":2,"enemies":"HollowMod:MossKnight","floor":12,"turns":4},{"damage":7,"enemies":"conspire:MimicChest","floor":13,"turns":7},{"damage":4,"enemies":"Blue Slaver","floor":14,"turns":3},{"damage":7,"enemies":"Hexaghost","floor":16,"turns":6},{"damage":18,"enemies":"Gensokyo:AngelMirror","floor":18,"turns":4},{"damage":6,"enemies":"Gensokyo:3_Dogs","floor":20,"turns":4},{"damage":30,"enemies":"Gensokyo:Slime_Group","floor":23,"turns":6},{"damage":30,"enemies":"Gensokyo:Mirror_and_Dog","floor":24,"turns":5},{"damage":47,"enemies":"Gensokyo:Koishi","floor":28,"turns":6},{"damage":38,"enemies":"Gensokyo:Reisen","floor":31,"turns":5},{"damage":49,"enemies":"Gensokyo:Eternal_Rivals","floor":33,"turns":4}],"seed_played":"-6359668098234149648","potions_obtained":[{"floor":1,"key":"Weak Potion"},{"floor":3,"key":"ColorlessPotion"},{"floor":7,"key":"EssenceOfSteel"},{"floor":14,"key":"Block Potion"},{"floor":16,"key":"SteroidPotion"},{"floor":20,"key":"Block Potion"},{"floor":28,"key":"SneckoOil"}],"is_trial":false,"path_per_floor":["M","$","M","?","M","R","M","R","T","R","M","E","?","M","R","B",null,"M","?","M","?","$","M","M","R","T","R","E","$","T","E","R","B"],"character_chosen":"YURI","items_purchased":["hubris:Zylophone"],"campfire_rested":3,"item_purchase_floors":[29],"current_hp_per_floor":[80,80,80,80,80,80,71,71,71,71,70,82,80,83,83,83,87,76,76,84,76,44,49,33,59,59,85,45,45,45,14,40,0,0],"gold":124,"neow_bonus":"TRANSFORM_CARD","is_daily":false,"chose_seed":false,"campfire_upgraded":4,"win_rate":0.0,"timestamp":1614041336,"path_taken":["M","$","?","?","M","R","M","R","T","R","?","E","?","?","R","BOSS","M","?","?","?","?","M","M","R","T","R","E","$","?","E","R","BOSS"],"items_purchased_type":["Relic"],"build_version":"2020-12-22","purchased_purges":5,"victory":false,"max_hp_per_floor":[80,80,80,80,80,80,80,80,80,80,80,87,87,87,87,87,87,87,87,87,87,87,87,87,87,87,87,87,87,87,87,87,87,87],"card_choices":[{"not_picked":["yuri:HoldBack","yuri:Stalk"],"picked":"yuri:ArmBrace","floor":1},{"not_picked":["yuri:InsanityDefense","yuri:MPose"],"picked":"yuri:BookGreen","floor":3},{"not_picked":["yuri:yuriHeavyStrike","yuri:Skip"],"picked":"yuri:HeavierStrike","floor":5},{"not_picked":["yuri:BrokenCode","yuri:Spin"],"picked":"yuri:BookBlue","floor":7},{"not_picked":["yuri:yuriQuickStrike","yuri:Stalk"],"picked":"yuri:ArmBrace","floor":11},{"not_picked":["yuri:DebugCard","yuri:WickedSlash"],"picked":"yuri:DuplicateCode","floor":12},{"not_picked":["yuri:TPose","yuri:ChibiInvasion"],"picked":"yuri:Stare","floor":13},{"not_picked":["yuri:GlitchedStrike","yuri:ThrowBook","yuri:Stalk"],"picked":"SKIP","floor":14},{"not_picked":["yuri:MirrorInsanity","yuri:ExploitStrike"],"picked":"yuri:DuplicateCode","floor":16},{"not_picked":["yuri:yuriHeavyStrike+1","yuri:DebugCard","yuri:Stare"],"picked":"SKIP","floor":18},{"not_picked":["yuri:SeeingDouble+1","yuri:yuriHeavyStrike","yuri:CalmingAura"],"picked":"SKIP","floor":20},{"not_picked":["yuri:MultiDip","yuri:DeepBreathing"],"picked":"yuri:BookBlue","floor":23},{"not_picked":["yuri:HeavierStrike","yuri:MPose","yuri:yuriHeavyStrike"],"picked":"SKIP","floor":24},{"not_picked":["yuri:ThrowBook","yuri:ChibiInvasion"],"picked":"yuri:MagneticKnives","floor":28},{"not_picked":["yuri:HeavierStrike","yuri:GlitchedStrike","yuri:MirrorInsanity+1"],"picked":"SKIP","floor":31}],"player_experience":1063174,"relics_obtained":[{"floor":9,"key":"HollowMod:LifeEnderRelic"},{"floor":12,"key":"Strawberry"},{"floor":13,"key":"hubris:SphereOfDissonance"},{"floor":26,"key":"reliquary:RoseTintedGlasses"},{"floor":28,"key":"qcfpunch:Black_Training_Shirt"},{"floor":30,"key":"reliquary:Aerogel"},{"floor":31,"key":"Toxic Egg 2"}],"event_choices":[{"damage_healed":0,"gold_gain":0,"cards_transformed":["yuri:yuriDefend"],"player_choice":"Transformed","damage_taken":0,"max_hp_gain":0,"max_hp_loss":0,"event_name":"Transmorgrifier","floor":4,"gold_loss":0,"cards_obtained":["yuri:BlackTea"]}],"is_beta":false,"boss_relics":[{"not_picked":["hubris:ScarierMask","hubris:Backtick"],"picked":"Fusion Hammer"}],"items_purged_floors":[2,22,22,22,22],"is_endless":false,"potions_floor_spawned":[1,3,7,14,16,20,28],"killed_by":"Gensokyo:Eternal_Rivals","ascension_level":0}}