{"host":"dwyzfvnzfcqffr30","time":1614094189,"event":{"mods":["2.2 Compatiblity","Act Like it!","Aspiration","BaseMod","Beaked The Cultist","Better Altar","Better Match","Better Note","Better Sensory Stone","Better Skull","Better Third Choice","Clockwork Mod","Colored Map","Colored Powertips","Conspire","Downfall","Elementarium","GifTheSpireLib","Halation","Hermit","Hubris","Infinite Spire","Ironclad Rager","Jedi Mod","Menagerie","Mimic Mod","Minty Spire (QoL Compilation)","Permanent Neow","Random Character Button","Relic Filter Mod","Reliquary","Replay The Spire","Shapeshifter Mod","Spicy Shops","Spikes Relics","StSLib","Stuff the Spire","The Construct","The Disciple","The Druid","The Marked","TheFirefly","Trackpad","Wandering Minibosses"],"gold_per_floor":[364,403,512,512,629,775,870,962,962,962,185,246,246,320,320,491,491,572,657,751,751,895,1024,1184,1328,1328,1497,1497,1497,1497,1615,1615,1901,1901,2130,1517,1599,1742,1958,2166,2324,2324,2703,2905,3162,3162,3446,3693,3693,3700,3700],"floor_reached":50,"language":"ENG","playtime":6973,"items_purged":["Writhe","hermit:Strike_Hermit+1","hermit:Strike_Hermit+1"],"score":1129,"play_id":"64a29eea-1ed8-4391-8a84-5f33cad081e7","local_time":"20210223072949","is_ascension_mode":true,"campfire_choices":[{"floor":10,"key":"REST"},{"floor":28,"key":"REST"},{"floor":32,"key":"RECALL"},{"data":"hermit:DeadOrAlive+1","floor":46,"key":"PURGE"},{"data":"ReplayTheSpireMod:Corrosion Curse+1","floor":49,"key":"SMITH"}],"circlet_count":0,"master_deck":["AscendersBane","ReplayTheSpireMod:Corrosion Curse+2","hermit:Defend_Hermit+1","hermit:Defend_Hermit+1","hermit:Defend_Hermit+1","hermit:Snapshot+1","hermit:Covet+1","Doubt","HandOfGreed+1","Apotheosis+1","MasterReality+1","hermit:Determination+1","hermit:Quickdraw+1","hermit:Scavenge+1","hermit:Horror+1","hermit:FlashPowder+1","hermit:Coalescence+1","Apotheosis+1","hermit:Snipe+1","hermit:Gestalt+1","hermit:HoleUp+1","hermit:FromBeyond+1","hermit:Desperado+1"],"relics":["hermit:Momento","Frozen Egg 2","Toxic Egg 2","Molten Egg 2","Quantum Egg","infinitespire:EvilPickle","conspire:InfiniteJournal","SacredBark","halation:Prosthetics","hubris:TinFlute","Bottled Tornado","trackpad:SneckoScepter","reliquary:Spinner","Replay:Multitool","sneckomod:BlankCard","Vajra","Sling","jedi:cryingmask","Empty Cage","wanderingMiniBosses:AbyssPearl","Bottled Tornado","halation:SwordOfLegend","Elementarium:GolemsHeart","Elementarium:ElementariumTrophy","bronze:MakeshiftBattery","halation:LettersToHer","aspiration:FrozenJewel","infinitespire:Broken Mirror","trackpad:CultistFigurine","Old Coin","reliquary:TatteredRug"],"acts_visited":["Exordium","Elementarium:Elementarium","TheBeyond"],"potions_floor_usage":[8,16,18,23,31,38,39,41,47,50,50],"damage_taken":[{"damage":5,"enemies":"Cultist","floor":1,"turns":4},{"damage":10,"enemies":"Jaw Worm","floor":2,"turns":6},{"damage":12,"enemies":"2 Louse","floor":3,"turns":7},{"damage":2,"enemies":"2 Fungi Beasts","floor":5,"turns":6},{"damage":9,"enemies":"3 Sentries","floor":6,"turns":8},{"damage":9,"enemies":"Blue Slaver","floor":7,"turns":3},{"damage":0,"enemies":"Gremlin Nob","floor":8,"turns":3},{"damage":7,"enemies":"Exordium Thugs","floor":12,"turns":5},{"damage":8,"enemies":"Exordium Wildlife","floor":14,"turns":4},{"damage":0,"enemies":"Hexaghost","floor":16,"turns":9},{"damage":16,"enemies":"Elementarium:VoidCorruption","floor":18,"turns":6},{"damage":0,"enemies":"Elementarium:2_ELEMENTALS","floor":19,"turns":4},{"damage":4,"enemies":"Elementarium:RubyGolem","floor":20,"turns":4},{"damage":0,"enemies":"Elementarium:3_ELEMENTALS","floor":22,"turns":6},{"damage":7,"enemies":"Elementarium:ElementalPortal","floor":23,"turns":10},{"damage":13,"enemies":"Elementarium:CYCLONE_AND_LIVING_STORMCLOUD","floor":24,"turns":7},{"damage":16,"enemies":"Elementarium:WarGolem","floor":25,"turns":4},{"damage":2,"enemies":"Elementarium:CYCLONE_AND_ORB_OF_FIRE","floor":27,"turns":7},{"damage":3,"enemies":"Elementarium:RubyGolem","floor":31,"turns":6},{"damage":1,"enemies":"Elementarium:PHOENIXES","floor":33,"turns":15},{"damage":4,"enemies":"3 Shapes","floor":35,"turns":9},{"damage":0,"enemies":"conspire:MimicChest","floor":37,"turns":8},{"damage":0,"enemies":"Orb Walker","floor":38,"turns":1},{"damage":1,"enemies":"Jaw Worm Horde","floor":39,"turns":6},{"damage":2,"enemies":"Giant Head","floor":40,"turns":7},{"damage":4,"enemies":"3 Darklings","floor":41,"turns":3},{"damage":2,"enemies":"Maw","floor":43,"turns":7},{"damage":0,"enemies":"Maw","floor":44,"turns":8},{"damage":1,"enemies":"Writhing Mass","floor":45,"turns":7},{"damage":0,"enemies":"Nemesis","floor":47,"turns":9},{"damage":1,"enemies":"Transient","floor":48,"turns":5},{"damage":52,"enemies":"hubris:GrandSnecko","floor":50,"turns":9}],"seed_played":"-4507572421616764746","potions_obtained":[{"floor":7,"key":"jedi:StrikingPotion"},{"floor":14,"key":"Dexterity Potion"},{"floor":16,"key":"ColorlessPotion"},{"floor":20,"key":"EssenceOfSteel"},{"floor":27,"key":"hermit:Tonic"},{"floor":33,"key":"Explosive Potion"},{"floor":35,"key":"SkillPotion"},{"floor":39,"key":"Toxic Potion"},{"floor":44,"key":"Strength Potion"},{"floor":47,"key":"SpeedPotion"},{"floor":48,"key":"Strength Potion"}],"is_trial":false,"path_per_floor":["M","M","M","?","M","E","M","E","T","R","$","M","T","M","R_BF","B",null,"M","M","M","?","M","E","M","E","T","M","R","?","?","M","R","B",null,"M","$","?","M","M","E","M","?","MIM","M","M","R","E","M","R","B"],"character_chosen":"HERMIT","items_purchased":["sneckomod:BlankCard","hermit:FlashPowder+1","hermit:Coalescence+1","Apotheosis+1","Vajra","Sling","halation:LettersToHer","aspiration:FrozenJewel"],"campfire_rested":2,"item_purchase_floors":[11,11,11,11,11,11,36,36],"current_hp_per_floor":[35,25,13,17,15,6,27,27,27,39,39,32,32,24,36,36,39,23,23,19,23,23,16,3,17,17,15,30,30,30,27,30,29,37,33,33,33,33,32,30,26,26,24,24,23,40,40,39,40,0,0],"gold":3700,"neow_bonus":"RANDOM_COLORLESS_2","is_daily":false,"chose_seed":false,"campfire_upgraded":1,"win_rate":0.0,"timestamp":1614094189,"path_taken":["M","M","M","?","?","E","M","E","T","R","$","M","?","M","R_BF","BOSS","M","M","M","?","M","E","?","E","T","M","R","?","?","M","R","BOSS","M","$","?","?","M","E","M","?","MIM","?","M","R","E","M","R","BOSS"],"items_purchased_type":["Relic","Card","Card","Card","Relic","Relic","Relic","Relic"],"build_version":"2020-12-22","purchased_purges":3,"victory":false,"max_hp_per_floor":[40,40,40,40,40,40,40,40,40,40,40,40,40,40,40,40,40,40,40,40,40,40,40,40,40,40,40,40,40,40,40,40,40,40,40,40,40,40,40,40,40,40,40,40,40,40,40,40,40,40,40],"card_choices":[{"not_picked":["Mayhem","Poisoned Strike"],"picked":"HandOfGreed","floor":0},{"not_picked":["hermit:Spite+1","hermit:PistolWhip+1"],"picked":"hermit:Determination+1","floor":1},{"not_picked":["hermit:Glare+1","hermit:Reprieve+1"],"picked":"hermit:Quickdraw+1","floor":2},{"not_picked":["hermit:Manifest+1","hermit:Feint+1"],"picked":"hermit:Scavenge+1","floor":3},{"not_picked":["hermit:Manifest+1","hermit:Headshot+1"],"picked":"hermit:Horror+1","floor":5},{"not_picked":["hermit:LoneWolf+1","hermit:DeadOrAlive+1","hermit:Enervate+1"],"picked":"SKIP","floor":6},{"not_picked":["hermit:Scavenge+1","hermit:Quickdraw+1","hermit:Combo+1"],"picked":"SKIP","floor":7},{"not_picked":["hermit:Gambit+1","hermit:Ricochet+1","hermit:Glare+1"],"picked":"SKIP","floor":8},{"not_picked":["hermit:Spite+1","hermit:NoHoldsBarred+1","hermit:TrackingShot+1"],"picked":"SKIP","floor":12},{"not_picked":["hermit:Coalescence+1","hermit:Quickdraw+1","hermit:Ricochet+1"],"picked":"SKIP","floor":14},{"not_picked":["hermit:WideOpen+1","hermit:ItchyTrigger+1","hermit:GoldenBullet+1"],"picked":"SKIP","floor":18},{"not_picked":["hermit:BodyArmor+1","hermit:Dive+1"],"picked":"hermit:Snipe+1","floor":19},{"not_picked":["hermit:LowProfile+1","hermit:Desperado+1"],"picked":"hermit:Gestalt+1","floor":20},{"not_picked":["hermit:Manifest+1","hermit:HighCaliber+1","hermit:Shortfuse+1"],"picked":"SKIP","floor":22},{"not_picked":["hermit:Adapt+1","hermit:Glare+1","hermit:LuckOfTheDraw+1"],"picked":"SKIP","floor":23},{"not_picked":["hermit:Misfire+1","hermit:Scavenge+1","hermit:WideOpen+1"],"picked":"SKIP","floor":24},{"not_picked":["hermit:Headshot+1","hermit:Vantage+1","hermit:SprayPray+1"],"picked":"SKIP","floor":25},{"not_picked":["hermit:Roulette+1","hermit:Cheat+1"],"picked":"hermit:HoleUp+1","floor":27},{"not_picked":["hermit:BigShot+1","hermit:Snipe+1","hermit:TrackingShot+1"],"picked":"SKIP","floor":31},{"not_picked":["hermit:OverwhelmingPower+1","hermit:Roughhouse+1"],"picked":"hermit:FromBeyond+1","floor":33},{"not_picked":["hermit:Spite+1","hermit:CursedWeapon+1","hermit:Roulette+1"],"picked":"SKIP","floor":35},{"not_picked":["hermit:Manifest+1","hermit:Quickdraw+1","hermit:NoHoldsBarred+1"],"picked":"SKIP","floor":38},{"not_picked":["hermit:Horror+1","hermit:HighCaliber+1","hermit:DeadMansHand+1"],"picked":"SKIP","floor":39},{"not_picked":["hermit:Dive+1","hermit:Headshot+1","hermit:Quickdraw+1"],"picked":"SKIP","floor":40},{"not_picked":["hermit:GhostlyPresence+1","hermit:HoleUp+1","hermit:Grudge+1"],"picked":"SKIP","floor":41},{"not_picked":["hermit:Feint+1","hermit:Vantage+1"],"picked":"hermit:Desperado+1","floor":43},{"not_picked":["hermit:Vantage+1","hermit:CalledShot+1","hermit:Coalescence+1"],"picked":"SKIP","floor":44},{"not_picked":["hermit:Showdown+1","hermit:HoleUp+1","hermit:HeroicBravado+1"],"picked":"SKIP","floor":45},{"not_picked":["hermit:Coalescence+1","hermit:TrackingShot+1","hermit:Desperado+1"],"picked":"SKIP","floor":47},{"not_picked":["hermit:Ricochet+1","hermit:Coalescence+1","hermit:Desperado+1"],"picked":"SKIP","floor":48}],"player_experience":3525969,"relics_obtained":[{"floor":6,"key":"trackpad:SneckoScepter"},{"floor":8,"key":"reliquary:Spinner"},{"floor":9,"key":"Replay:Multitool"},{"floor":13,"key":"jedi:cryingmask"},{"floor":18,"key":"wanderingMiniBosses:AbyssPearl"},{"floor":23,"key":"Bottled Tornado"},{"floor":25,"key":"halation:SwordOfLegend"},{"floor":37,"key":"infinitespire:Broken Mirror"},{"floor":40,"key":"trackpad:CultistFigurine"},{"floor":43,"key":"Old Coin"},{"floor":43,"key":"halation:LettersToHer"},{"floor":47,"key":"reliquary:TatteredRug"}],"event_choices":[{"damage_healed":0,"gold_gain":0,"player_choice":"Simplicity","damage_taken":0,"max_hp_gain":0,"max_hp_loss":8,"event_name":"betterThird:BetterWriting","floor":0,"gold_loss":0},{"damage_healed":0,"gold_gain":0,"player_choice":"Chest","damage_taken":0,"relics_obtained":["Elementarium:GolemsHeart"],"max_hp_gain":0,"max_hp_loss":0,"event_name":"Elementarium:AbandonedFactory","floor":29,"gold_loss":0,"cards_obtained":["Pain"]},{"cards_removed":["Pain"],"damage_healed":0,"gold_gain":0,"player_choice":"Burn","damage_taken":0,"max_hp_gain":0,"max_hp_loss":0,"event_name":"Elementarium:LostScrolls","floor":30,"gold_loss":0},{"damage_healed":0,"gold_gain":0,"cards_transformed":["hermit:Strike_Hermit"],"player_choice":"Transformed","damage_taken":0,"max_hp_gain":0,"max_hp_loss":0,"event_name":"Transmorgrifier","floor":42,"gold_loss":0,"cards_obtained":["hermit:DeadOrAlive"]}],"is_beta":false,"boss_relics":[{"not_picked":["ReplayTheSpireMod:DimensionalGlitch","Philosopher\u0027s Stone"],"picked":"Empty Cage"},{"not_picked":["CosmicIsotope","StuffTheSpire:RunicHypercube"],"picked":"bronze:MakeshiftBattery"}],"items_purged_floors":[11,36,36],"is_endless":false,"potions_floor_spawned":[1,6,7,14,16,20,23,27,33,35,39,44,47,48],"killed_by":"hubris:GrandSnecko","ascension_level":11}}