{"host":"fxrgx7wt2cpkbhka","time":1614057584,"event":{"mods":["AchievementEnabler","BaseMod","Colored Powertips","Dark Map","Minty Spire (QoL Compilation)","Permanent Neow","Quick Restart","Slay-I","StSLib","Waifu the Spire"],"gold_per_floor":[213,29,39,39,214,224,240,260,340,323,323,335,300,318,318,318,318],"floor_reached":16,"language":"ENG","playtime":552,"items_purged":[],"score":163,"play_id":"175f4341-1fe4-40d9-aa7b-1b96cccb6994","local_time":"20210222211944","is_ascension_mode":true,"campfire_choices":[{"data":"Self Repair","floor":15,"key":"SMITH"}],"circlet_count":0,"master_deck":["AscendersBane","Strike_B","Strike_B+1","Strike_B","Strike_B","Defend_B","Defend_B","Defend_B","Defend_B","Zap","Dualcast","Cold Snap","Self Repair+1","Doubt","Cold Snap","Glacier+1","Cold Snap","Sunder"],"relics":["Cracked Core","DataDisk","StrikeDummy"],"acts_visited":["Exordium"],"potions_floor_usage":[14],"damage_taken":[{"damage":12,"enemies":"Small Slimes","floor":1,"turns":4},{"damage":2,"enemies":"Jaw Worm","floor":3,"turns":3},{"damage":2,"enemies":"Cultist","floor":6,"turns":4},{"damage":9,"enemies":"Looter","floor":7,"turns":4},{"damage":16,"enemies":"Large Slime","floor":8,"turns":7},{"damage":8,"enemies":"Exordium Thugs","floor":10,"turns":6},{"damage":0,"enemies":"3 Louse","floor":12,"turns":4},{"damage":2,"enemies":"Exordium Wildlife","floor":14,"turns":2},{"damage":62,"enemies":"Hexaghost","floor":16,"turns":16}],"seed_played":"5241428589724504655","potions_obtained":[{"floor":3,"key":"Energy Potion"},{"floor":8,"key":"Regen Potion"},{"floor":14,"key":"PotionOfCapacity"}],"is_trial":false,"path_per_floor":["M","$","M","$","?","M","M","M","T","M","?","M","?","M","R","B"],"character_chosen":"DEFECT","items_purchased":["DataDisk","Self Repair"],"campfire_rested":0,"item_purchase_floors":[2,2],"current_hp_per_floor":[52,52,57,57,57,62,60,51,51,50,36,43,60,58,58,0,0],"gold":318,"neow_bonus":"HUNDRED_GOLD","is_daily":false,"chose_seed":false,"campfire_upgraded":1,"win_rate":0.0,"timestamp":1614057584,"path_taken":["M","$","M","$","?","M","M","M","T","M","?","?","?","M","R","BOSS"],"items_purchased_type":["Relic","Card"],"build_version":"2020-12-22","purchased_purges":0,"victory":false,"max_hp_per_floor":[71,71,71,71,71,71,71,71,71,71,71,71,71,71,71,71,71],"card_choices":[{"not_picked":["BootSequence","Genetic Algorithm"],"picked":"Cold Snap","floor":1},{"not_picked":["Turbo","Gash","Compile Driver"],"picked":"SKIP","floor":3},{"not_picked":["Compile Driver","Gash","Barrage"],"picked":"SKIP","floor":6},{"not_picked":["Streamline","Biased Cognition"],"picked":"Cold Snap","floor":7},{"not_picked":["Steam Power","Stack"],"picked":"Glacier","floor":8},{"not_picked":["Conserve Battery","Compile Driver"],"picked":"Cold Snap","floor":10},{"not_picked":["Rebound","BootSequence"],"picked":"Sunder","floor":12},{"not_picked":["Hologram","Leap","Barrage"],"picked":"SKIP","floor":14}],"player_experience":806279,"relics_obtained":[{"floor":9,"key":"StrikeDummy"}],"event_choices":[{"damage_healed":0,"gold_gain":175,"player_choice":"AGREE","damage_taken":0,"max_hp_gain":0,"max_hp_loss":0,"event_name":"Liars Game","floor":5,"gold_loss":0,"cards_obtained":["Doubt"]},{"damage_healed":0,"gold_gain":0,"player_choice":"Entered Light","damage_taken":14,"max_hp_gain":0,"max_hp_loss":0,"event_name":"Shining Light","floor":11,"gold_loss":0,"cards_upgraded":["Strike_B","Glacier"]},{"damage_healed":17,"gold_gain":0,"player_choice":"Healed","damage_taken":0,"max_hp_gain":0,"max_hp_loss":0,"event_name":"The Cleric","floor":13,"gold_loss":35}],"is_beta":false,"boss_relics":[],"items_purged_floors":[],"is_endless":false,"potions_floor_spawned":[3,8,10,14],"killed_by":"Hexaghost","ascension_level":14}}