{"host":"2se5dq1do2gp0x9k","time":1614052055,"event":{"mods":["AchievementEnabler","BaseMod","Block Reminder","Colored Map","Colored Powertips","Minty Spire (QoL Compilation)","Relic Stats","StSLib","SuperFastMode"],"gold_per_floor":[119,119,132,132,132,132,165,165,165,179,204,204,235,248,248,344,344,365,111,134,158,174,174,215,215,215,215,215,115,115,130,130,229,229,252,252,272,292,306,306,337,372,372,372,403,403,419,442,442,442],"floor_reached":51,"language":"ENG","playtime":2971,"items_purged":["Strike_P"],"score":1640,"play_id":"8dad86ff-aece-4d26-8116-62021bd7615a","local_time":"20210222194735","is_ascension_mode":true,"campfire_choices":[{"data":"Eruption","floor":6.0,"key":"SMITH"},{"data":"Scrawl","floor":8.0,"key":"SMITH"},{"data":"Vigilance","floor":15.0,"key":"SMITH"},{"floor":23.0,"key":"REST"},{"data":"Fasting2","floor":27.0,"key":"SMITH"},{"data":"MentalFortress","floor":30.0,"key":"SMITH"},{"data":"JustLucky","floor":32.0,"key":"SMITH"},{"floor":40,"key":"REST"},{"floor":44,"key":"REST"},{"floor":49,"key":"REST"}],"circlet_count":0,"master_deck":["AscendersBane","Strike_P+1","Strike_P+1","Defend_P+1","Eruption+1","Vigilance+1","FlurryOfBlows+1","Nirvana+1","MentalFortress+1","Scrawl+1","JustLucky+1","Halt+1","Weave+1","LessonLearned","JustLucky+1","Fasting2+1","Panacea+1","FlurryOfBlows+1","Sanctity+1","Wireheading+1","JustLucky+1","Vault+1","Prostrate+1","JustLucky+1","Prostrate+1","LikeWater+1"],"relics":["PureWater","NeowsBlessing","Golden Idol","InkBottle","Bag of Preparation","CloakClasp","Black Star","Gremlin Horn","Toy Ornithopter","Bag of Marbles","Empty Cage","GoldenEye","Bottled Flame","Pocketwatch","TeardropLocket","Boot","White Beast Statue"],"acts_visited":["Exordium","TheCity","TheBeyond"],"potions_floor_usage":[33,50,50],"damage_taken":[{"damage":0.0,"enemies":"2 Louse","floor":1.0,"turns":2.0},{"damage":0.0,"enemies":"Jaw Worm","floor":3.0,"turns":2.0},{"damage":0.0,"enemies":"Lagavulin","floor":7.0,"turns":2.0},{"damage":7.0,"enemies":"Small Slimes","floor":10.0,"turns":4.0},{"damage":1.0,"enemies":"Gremlin Gang","floor":11.0,"turns":4.0},{"damage":23.0,"enemies":"Gremlin Nob","floor":13.0,"turns":4.0},{"damage":1.0,"enemies":"3 Louse","floor":14.0,"turns":2.0},{"damage":6.0,"enemies":"The Guardian","floor":16.0,"turns":14.0},{"damage":6.0,"enemies":"Spheric Guardian","floor":18.0,"turns":4.0},{"damage":7.0,"enemies":"Chosen","floor":20.0,"turns":3.0},{"damage":13.0,"enemies":"Shelled Parasite and Fungi","floor":21.0,"turns":4.0},{"damage":4.0,"enemies":"Snake Plant","floor":22.0,"turns":5.0},{"damage":0.0,"enemies":"Book of Stabbing","floor":24.0,"turns":5.0},{"damage":0.0,"enemies":"Cultist and Chosen","floor":31.0,"turns":5.0},{"damage":0,"enemies":"Automaton","floor":33,"turns":6},{"damage":0,"enemies":"3 Shapes","floor":35,"turns":3},{"damage":0,"enemies":"3 Darklings","floor":37,"turns":4},{"damage":5,"enemies":"Maw","floor":38,"turns":6},{"damage":0,"enemies":"Spire Growth","floor":39,"turns":5},{"damage":17,"enemies":"Mind Bloom Boss Battle","floor":41,"turns":6},{"damage":0,"enemies":"Giant Head","floor":42,"turns":5},{"damage":0,"enemies":"Nemesis","floor":45,"turns":7},{"damage":9,"enemies":"Writhing Mass","floor":47,"turns":5},{"damage":0,"enemies":"Sphere and 2 Shapes","floor":48,"turns":7},{"damage":12,"enemies":"Awakened One","floor":50,"turns":9}],"seed_played":"8930190483433340018","potions_obtained":[{"floor":7.0,"key":"Dexterity Potion"},{"floor":14.0,"key":"Ancient Potion"},{"floor":22.0,"key":"DistilledChaos"},{"floor":31.0,"key":"Swift Potion"},{"floor":37,"key":"SpeedPotion"}],"is_trial":false,"path_per_floor":["M","?","M","?","?","R","E","R","T","M","M","?","E","M","R","B",null,"M","$","M","M","M","R","E","?","T","R","?","$","R","M","R","B",null,"M","?","M","M","M","R","?","E","T","R","E","?","M","M","R","B",null],"character_chosen":"WATCHER","items_purchased":["Fasting2","Panacea","Wireheading","JustLucky"],"campfire_rested":4,"item_purchase_floors":[19,19,29,29],"current_hp_per_floor":[61,61,61,54,54,54,54,54,54,47,46,62,39,38,38,32,55,49,49,42,29,25,43,43,43,43,43,43,43,43,43,43,48,59,59,59,59,54,54,62,45,45,45,62,62,62,53,53,62,50],"gold":442,"neow_bonus":"THREE_ENEMY_KILL","is_daily":false,"chose_seed":false,"campfire_upgraded":6,"win_rate":0.0,"timestamp":1614052055,"path_taken":["M","?","M","?","?","R","E","R","T","M","M","?","E","M","R","BOSS","M","$","M","M","M","R","E","?","T","R","?","$","R","M","R","BOSS","M","?","M","M","M","R","?","E","T","R","E","?","M","?","R","BOSS"],"items_purchased_type":["Card","Card","Card","Card"],"build_version":"2020-12-22","purchased_purges":1,"victory":true,"max_hp_per_floor":[68,68,68,68,62,62,62,62,62,62,62,62,62,62,62,62,62,62,62,62,62,62,62,62,62,62,62,62,62,62,62,62,62,62,62,62,62,62,62,62,62,62,62,62,62,62,62,62,62,62],"relic_stats":{"Gremlin Horn":[13,13],"counters":[25,123],"Golden Idol":153,"Bag of Preparation":[44],"CloakClasp":[226],"Black Star":3,"GoldenEye":[109],"Boot":[10],"obtain_stats":[{"NeowsBlessing":0,"Gremlin Horn":24,"Golden Idol":5,"Bag of Preparation":9,"CloakClasp":13,"TeardropLocket":43,"Empty Cage":34,"GoldenEye":41,"Boot":45,"White Beast Statue":45,"Bottled Flame":42,"Black Star":17,"Bag of Marbles":26,"PureWater":0,"InkBottle":7,"Toy Ornithopter":24,"Pocketwatch":42},{"NeowsBlessing":0,"Gremlin Horn":13,"Golden Idol":2,"Bag of Preparation":3,"CloakClasp":6,"TeardropLocket":21,"Empty Cage":15,"GoldenEye":20,"Boot":22,"White Beast Statue":22,"Bottled Flame":21,"Black Star":8,"Bag of Marbles":13,"PureWater":0,"InkBottle":3,"Toy Ornithopter":13,"Pocketwatch":21},{"NeowsBlessing":0,"Gremlin Horn":55,"Golden Idol":4,"Bag of Preparation":6,"CloakClasp":18,"TeardropLocket":95,"Empty Cage":66,"GoldenEye":90,"Boot":102,"White Beast Statue":102,"Bottled Flame":95,"Black Star":34,"Bag of Marbles":55,"PureWater":0,"InkBottle":6,"Toy Ornithopter":55,"Pocketwatch":95}],"InkBottle":[71],"Toy Ornithopter":5,"Pocketwatch":[6]},"card_choices":[{"not_picked":["Crescendo","Prostrate"],"picked":"FlurryOfBlows","floor":1.0},{"not_picked":["PathToVictory","Crescendo"],"picked":"MentalFortress","floor":3.0},{"not_picked":["Crescendo","ReachHeaven"],"picked":"Scrawl","floor":7.0},{"not_picked":["Vengeance","Crescendo"],"picked":"JustLucky","floor":10.0},{"not_picked":["EmptyFist","EmptyMind"],"picked":"Halt","floor":11.0},{"not_picked":["Protect","CarveReality"],"picked":"Weave","floor":13.0},{"not_picked":["ForeignInfluence","SashWhip","Brilliance"],"picked":"SKIP","floor":14.0},{"not_picked":["Scrawl","SpiritShield"],"picked":"LessonLearned","floor":16.0},{"not_picked":["Protect","SashWhip"],"picked":"JustLucky+1","floor":18.0},{"not_picked":["SashWhip","Worship"],"picked":"FlurryOfBlows","floor":20.0},{"not_picked":["EmptyFist","FlurryOfBlows","WreathOfFlame"],"picked":"SKIP","floor":21.0},{"not_picked":["CrushJoints","EmptyBody+1","Crescendo"],"picked":"SKIP","floor":22.0},{"not_picked":["SashWhip","PathToVictory"],"picked":"Sanctity","floor":24.0},{"not_picked":["FlurryOfBlows","WheelKick","EmptyBody"],"picked":"SKIP","floor":31.0},{"not_picked":["Scrawl","Wish"],"picked":"Vault","floor":33},{"not_picked":["Conclude","Evaluate","Perseverance+1"],"picked":"SKIP","floor":35},{"not_picked":["SashWhip","Protect"],"picked":"Prostrate","floor":37},{"not_picked":["Collect","EmptyBody"],"picked":"JustLucky","floor":38},{"not_picked":["FollowUp","ClearTheMind+1","ReachHeaven+1"],"picked":"SKIP","floor":39},{"not_picked":["WheelKick","Protect"],"picked":"Prostrate+1","floor":41},{"not_picked":["LikeWater","ThirdEye","EmptyFist"],"picked":"SKIP","floor":42},{"not_picked":["SpiritShield","Tantrum"],"picked":"LikeWater+1","floor":45},{"not_picked":["BowlingBash","Wireheading","EmptyFist"],"picked":"SKIP","floor":47},{"not_picked":["Worship+1","EmptyFist","PathToVictory"],"picked":"SKIP","floor":48}],"player_experience":4121436,"relics_obtained":[{"floor":7.0,"key":"InkBottle"},{"floor":9.0,"key":"Bag of Preparation"},{"floor":13.0,"key":"CloakClasp"},{"floor":24.0,"key":"Gremlin Horn"},{"floor":24.0,"key":"Toy Ornithopter"},{"floor":26.0,"key":"Bag of Marbles"},{"floor":41,"key":"GoldenEye"},{"floor":42,"key":"Bottled Flame"},{"floor":42,"key":"Pocketwatch"},{"floor":43,"key":"TeardropLocket"},{"floor":45,"key":"Boot"},{"floor":45,"key":"White Beast Statue"}],"event_choices":[{"damage_healed":0.0,"max_hp_gain":0.0,"max_hp_loss":0.0,"gold_gain":0.0,"cards_transformed":["Strike_P"],"event_name":"Living Wall","player_choice":"Change","floor":2.0,"gold_loss":0.0,"damage_taken":0.0,"cards_obtained":["Nirvana"]},{"cards_removed":["Defend_P"],"damage_healed":0.0,"max_hp_gain":0.0,"max_hp_loss":0.0,"gold_gain":0.0,"event_name":"Golden Wing","player_choice":"Card Removal","floor":4.0,"gold_loss":0.0,"damage_taken":7.0},{"damage_healed":0.0,"max_hp_gain":0.0,"max_hp_loss":6.0,"gold_gain":0.0,"event_name":"Golden Idol","player_choice":"Lose Max HP","floor":5.0,"gold_loss":0.0,"damage_taken":0.0,"relics_obtained":["Golden Idol"]},{"damage_healed":20.0,"max_hp_gain":0.0,"max_hp_loss":0.0,"gold_gain":0.0,"event_name":"Big Fish","player_choice":"Banana","floor":12.0,"gold_loss":0.0,"damage_taken":0.0},{"damage_healed":0.0,"max_hp_gain":0.0,"max_hp_loss":0.0,"gold_gain":0.0,"event_name":"The Mausoleum","player_choice":"Ignored","floor":25.0,"gold_loss":0.0,"damage_taken":0.0},{"damage_healed":0.0,"max_hp_gain":0.0,"max_hp_loss":0.0,"gold_gain":0.0,"event_name":"Back to Basics","player_choice":"Simplicity","floor":28.0,"gold_loss":0.0,"damage_taken":0.0,"cards_upgraded":["Strike_P","Strike_P","Defend_P","Defend_P"]},{"damage_healed":0,"gold_gain":0,"player_choice":"Ignored","damage_taken":0,"max_hp_gain":0,"max_hp_loss":0,"event_name":"Tomb of Lord Red Mask","floor":36,"gold_loss":0},{"damage_healed":0,"gold_gain":0,"player_choice":"Fight","damage_taken":0,"max_hp_gain":0,"max_hp_loss":0,"event_name":"MindBloom","floor":41,"gold_loss":0},{"damage_healed":0,"gold_gain":0,"player_choice":"Ignored","damage_taken":0,"max_hp_gain":0,"max_hp_loss":0,"event_name":"SecretPortal","floor":46,"gold_loss":0}],"is_beta":false,"boss_relics":[{"not_picked":["Sozu","Ectoplasm"],"picked":"Black Star"},{"not_picked":["VioletLotus","Velvet Choker"],"picked":"Empty Cage"}],"items_purged_floors":[19],"is_endless":false,"potions_floor_spawned":[7,14,22,31,37,39,41,47,48],"ascension_level":18}}