{"host":"juzxcsbtp4zm18uq","time":1614052613,"event":{"mods":["BaseMod","Colored Map","Highlight Path","Minty Spire (QoL Compilation)","Relic Stats"],"gold_per_floor":[119,132,82,257,257,288,133,133,181,199,234,234,264,243,243,341,341,352,369,389,400,400,400],"floor_reached":22,"language":"ENG","playtime":2955,"items_purged":["Doubt"],"score":214,"play_id":"16a49d3c-e4d2-4c01-909e-7758d460cbc2","local_time":"20210223035653","is_ascension_mode":true,"campfire_choices":[{"data":"Capacitor","floor":8.0,"key":"SMITH"},{"floor":12.0,"key":"REST"},{"floor":15.0,"key":"REST"}],"circlet_count":0,"master_deck":["Strike_B","Strike_B","Strike_B","Strike_B","Defend_B","Defend_B","Defend_B","Zap","Dualcast+1","Tempest","Compile Driver","Undo","Capacitor+1","Coolheaded","Storm","Double Energy","Aggregate","Glacier","Creative AI","Sweeping Beam","Blizzard","Echo Form"],"relics":["Cracked Core","Ornamental Fan","Bronze Scales","Dream Catcher","Shovel","Sozu"],"acts_visited":["Exordium","TheCity"],"potions_floor_usage":[],"damage_taken":[{"damage":0.0,"enemies":"2 Louse","floor":1.0,"turns":3.0},{"damage":1.0,"enemies":"Small Slimes","floor":2.0,"turns":3.0},{"damage":26.0,"enemies":"Lagavulin","floor":6.0,"turns":6.0},{"damage":0.0,"enemies":"Cultist","floor":10.0,"turns":3.0},{"damage":14.0,"enemies":"3 Sentries","floor":11.0,"turns":7.0},{"damage":34.0,"enemies":"Lagavulin","floor":13.0,"turns":5.0},{"damage":31.0,"enemies":"Slime Boss","floor":16.0,"turns":12.0},{"damage":18.0,"enemies":"Spheric Guardian","floor":18.0,"turns":4.0},{"damage":5.0,"enemies":"Chosen","floor":19.0,"turns":4.0},{"damage":33,"enemies":"Shelled Parasite and Fungi","floor":20,"turns":6},{"damage":25,"enemies":"Sentry and Sphere","floor":21,"turns":5},{"damage":2,"enemies":"3 Cultists","floor":22,"turns":2}],"seed_played":"-3421366189436357502","potions_obtained":[{"floor":1.0,"key":"AttackPotion"},{"floor":2.0,"key":"SteroidPotion"},{"floor":6.0,"key":"Weak Potion"},{"floor":16.0,"key":"Energy Potion"}],"is_trial":false,"path_per_floor":["M","M","?","?","?","E","$","R","T","M","E","R","E","?","R","B",null,"M","M","M","M","M"],"character_chosen":"DEFECT","items_purchased":["Capacitor"],"campfire_rested":2,"item_purchase_floors":[7],"current_hp_per_floor":[82,81,81,81,81,55,55,55,55,55,41,65,31,31,55,24,82,64,59,26,1,0,0],"gold":400,"neow_bonus":"TEN_PERCENT_HP_BONUS","is_daily":false,"chose_seed":false,"campfire_upgraded":1,"win_rate":0.0,"timestamp":1614052613,"path_taken":["M","M","?","?","?","E","$","R","T","?","E","R","E","?","R","BOSS","M","M","M","M","M"],"items_purchased_type":["Card"],"build_version":"2020-12-22","purchased_purges":1,"victory":false,"max_hp_per_floor":[82,82,82,82,82,82,82,82,82,82,82,82,82,82,82,82,82,82,82,82,82,82,82],"relic_stats":{"Sozu":2,"Dream Catcher":2,"Shovel":0,"counters":[12,60],"Ornamental Fan":[28],"Bronze Scales":[92],"obtain_stats":[{"Sozu":17,"Dream Catcher":11,"Shovel":13,"Ornamental Fan":6,"Bronze Scales":9,"Cracked Core":0},{"Sozu":7,"Dream Catcher":5,"Shovel":6,"Ornamental Fan":3,"Bronze Scales":3,"Cracked Core":0},{"Sozu":39,"Dream Catcher":22,"Shovel":27,"Ornamental Fan":12,"Bronze Scales":12,"Cracked Core":0}]},"card_choices":[{"not_picked":["Stack","White Noise"],"picked":"Tempest","floor":1.0},{"not_picked":["Doom and Gloom","Steam"],"picked":"Compile Driver","floor":2.0},{"not_picked":["Turbo","Stack"],"picked":"Undo","floor":6.0},{"not_picked":["Ball Lightning","Force Field"],"picked":"Coolheaded","floor":10.0},{"not_picked":["Scrape","Hello World"],"picked":"Storm","floor":11.0},{"not_picked":["Turbo","Echo Form"],"picked":"Double Energy","floor":12.0},{"not_picked":["Double Energy","Cold Snap"],"picked":"Aggregate","floor":13.0},{"not_picked":["Go for the Eyes","Leap"],"picked":"Glacier","floor":15.0},{"not_picked":["Echo Form","All For One"],"picked":"Creative AI","floor":16.0},{"not_picked":["Turbo+1","Gash+1"],"picked":"Sweeping Beam","floor":18.0},{"not_picked":["Stack","Barrage+1"],"picked":"Blizzard","floor":19.0},{"not_picked":["Force Field","Sunder+1"],"picked":"Echo Form","floor":20},{"not_picked":["Reprogram+1","Compile Driver+1","Leap"],"picked":"SKIP","floor":21}],"player_experience":35453,"relics_obtained":[{"floor":6.0,"key":"Ornamental Fan"},{"floor":9.0,"key":"Bronze Scales"},{"floor":11.0,"key":"Dream Catcher"},{"floor":13.0,"key":"Shovel"}],"event_choices":[{"cards_removed":["Defend_B"],"damage_healed":0.0,"max_hp_gain":0.0,"max_hp_loss":0.0,"gold_gain":0.0,"event_name":"The Cleric","player_choice":"Card Removal","floor":3.0,"gold_loss":50.0,"damage_taken":0.0},{"damage_healed":0.0,"max_hp_gain":0.0,"max_hp_loss":0.0,"gold_gain":175.0,"event_name":"Liars Game","player_choice":"AGREE","floor":4.0,"gold_loss":0.0,"damage_taken":0.0,"cards_obtained":["Doubt"]},{"damage_healed":0.0,"max_hp_gain":0.0,"max_hp_loss":0.0,"gold_gain":0.0,"event_name":"Accursed Blacksmith","player_choice":"Forge","floor":5.0,"gold_loss":0.0,"damage_taken":0.0,"cards_upgraded":["Dualcast"]},{"damage_healed":0.0,"max_hp_gain":0.0,"max_hp_loss":0.0,"gold_gain":0.0,"event_name":"World of Goop","player_choice":"Left Gold","floor":14.0,"gold_loss":21.0,"damage_taken":0.0}],"is_beta":false,"boss_relics":[{"not_picked":["Ectoplasm","Tiny House"],"picked":"Sozu"}],"items_purged_floors":[7],"is_endless":false,"potions_floor_spawned":[1,2,6,16,18,20],"killed_by":"3 Cultists","ascension_level":1}}