{"host":"roto7j7840a50pxh","time":1614107692,"event":{"mods":["Act Like it!","BaseMod","Better Altar","Better Note","Better Sensory Stone","Better Skull","Better Third Choice","BetterRewards","Colored Map","Colored Powertips","Downfall","Hermit","Highlight Path","Hubris","Infinite Spire","Minty Spire (QoL Compilation)","Replay The Spire","Robot Space Explorer","Shade Mod","Spicy Shops","StSLib","The Construct","The Cursed","The Dragon Tamer","The Hierophant","The Necromancer","The Runesmith","The Servant 0.9.4","TheVacant"],"gold_per_floor":[116,132,132,144,155,189,189,189,212,243,243,243,259,288,288,386,386,405,423,441,3,16,16,30,56,82,101,135,135,152,182,182,280,280,300,353,218,218,70,90,105,105,129,129,154,154,185,200,200,200],"floor_reached":51,"language":"ENG","playtime":4031,"items_purged":[],"score":1588,"play_id":"2bdd554f-fa2c-4c6f-a8e5-15d7b0aae862","local_time":"20210223141452","is_ascension_mode":true,"campfire_choices":[{"data":"Shade:AuraOfUnlife","floor":7,"key":"SMITH"},{"data":"ReplayTheSpireMod:Brewmster","floor":11,"key":"SMITH"},{"data":"Shade:RavenousHorde","floor":15,"key":"SMITH"},{"data":"Shade:SkeletonArmy","floor":23,"key":"SMITH"},{"data":"Shade:AnimateDead","floor":29,"key":"SMITH"},{"floor":32,"key":"DIG"},{"data":"Shade:ExtraLimbs","floor":42,"key":"SMITH"},{"data":"Shade:SoulPierce","floor":46,"key":"SMITH"},{"data":"infinitespire:TheBestDefense","floor":49,"key":"SMITH"}],"circlet_count":0,"master_deck":["Shade:Strike_Shade","Shade:Strike_Shade","Shade:Strike_Shade","Shade:Defend_Shade","Shade:Defend_Shade+1","Shade:Defend_Shade","Shade:Defend_Shade","Shade:AnimateDead+1","Shade:CarefulCut","Shade:StitchTogether+1","Shade:FeralStrike","Shade:FreshBones","Shade:AuraOfUnlife+1","Shade:FleshToFlesh","Shade:PressTheAttack","ReplayTheSpireMod:Brewmster+1","Shade:ExtraLimbs+1","Shade:FeralStrike","Shade:FeralStrike","Shade:GreyBargain","Shade:FuneraryArmor","Shade:Bonestorm","Shade:SkeletonHug","Shade:Coordination","Shade:Frenzy","Shade:FleshToFlesh","infinitespire:TheBestDefense+1","Shade:FingerOfDeath","Shade:Awaken","Shade:FeralStrike","Shade:RavenousHorde+1","Shade:SoulPierce+1","Shade:AblativeArmor","Shade:SoulPierce","AbeCurse","Shade:CoffinDance","Shade:SpectralStrikes","Shade:WallOfFlesh+1","Shade:SkeletonArmy+1","Shade:StitchTogether","Shade:FuneraryArmor+1","Shade:Awaken+1","Shade:CommandSoldier","Shade:ExtraLimbs","Shade:CallWraith+1","Shade:UnbarTheGrave","CurseOfTheBell","Shade:FleshToFlesh+1","Injury","Shade:Carnophage","Shade:Bite_Shade+1","Poisoned Strike","Mind Blast","Shade:Doomsay+1","Shade:PressTheAttack+1","Shade:SpectralStrikes","Shade:FuneraryArmor+1","Shade:Frenzy+1"],"relics":["Shade:YorickSkull","Meat on the Bone","Lee\u0027s Waffle","Replay:Ringing Soul","Orrery","Replay:Rubber Ducky","Akabeko","Blood Vial","Pen Nib","Abe\u0027s Treasure","Durian","hubris:EmptyBottle","Happy Flower","Bag of Marbles","Regal Pillow","Centennial Puzzle","Vajra","Calling Bell","PreservedInsect","Replay:WaspNest","Incense Burner","hubris:TenFootPole","ReplayTheSpireMod:CursedCoin","Chemical X","Ancient Tea Set","Pondfish Scales","Anchor"],"acts_visited":["Exordium","TheCity","TheBeyond"],"potions_floor_usage":[5,5,10,16,16,16,16,16,16,20,24,24,25,25,27,27,28,28,28,28,30,31,31,31,31,33,33,33,33,33,33,33,45,45,47,47,48,48,50,50,50],"damage_taken":[{"damage":0,"enemies":"Cultist","floor":1,"turns":3},{"damage":0,"enemies":"Jaw Worm","floor":2,"turns":4},{"damage":0,"enemies":"Small Slimes","floor":4,"turns":2},{"damage":9,"enemies":"Gremlin Gang","floor":5,"turns":4},{"damage":0,"enemies":"Replay:BlueRogue","floor":6,"turns":5},{"damage":18,"enemies":"Gremlin Nob","floor":10,"turns":3},{"damage":0,"enemies":"Lots of Slimes","floor":13,"turns":1},{"damage":13,"enemies":"Lagavulin","floor":14,"turns":8},{"damage":21,"enemies":"Hexaghost","floor":16,"turns":13},{"damage":0,"enemies":"Chosen","floor":18,"turns":4},{"damage":2,"enemies":"Shell Parasite","floor":19,"turns":2},{"damage":12,"enemies":"Snake Plant","floor":20,"turns":5},{"damage":2,"enemies":"3 Cultists","floor":22,"turns":4},{"damage":0,"enemies":"Cultist and Chosen","floor":24,"turns":3},{"damage":35,"enemies":"Book of Stabbing","floor":25,"turns":6},{"damage":2,"enemies":"Centurion and Healer","floor":27,"turns":7},{"damage":0,"enemies":"Replay:Snechameleon","floor":28,"turns":8},{"damage":0,"enemies":"Snake Plant","floor":30,"turns":1},{"damage":14,"enemies":"Slavers","floor":31,"turns":3},{"damage":16,"enemies":"Champ","floor":33,"turns":8},{"damage":29,"enemies":"3 Darklings","floor":35,"turns":5},{"damage":0,"enemies":"3 Shapes","floor":40,"turns":3},{"damage":5,"enemies":"Maw","floor":41,"turns":7},{"damage":26,"enemies":"Nemesis","floor":45,"turns":7},{"damage":2,"enemies":"Giant Head","floor":47,"turns":5},{"damage":1,"enemies":"4 Shapes","floor":48,"turns":4},{"damage":3,"enemies":"Donu and Deca","floor":50,"turns":8}],"seed_played":"-6272856855606349337","potions_obtained":[{"floor":2,"key":"Milkshake"},{"floor":5,"key":"GamblersBrew"},{"floor":6,"key":"bronze:BurnAndBuffPotion"},{"floor":16,"key":"Fruit Juice"},{"floor":18,"key":"PowerPotion"},{"floor":27,"key":"champ:CounterPotion"},{"floor":33,"key":"Dexterity Potion"},{"floor":47,"key":"SkillPotion"}],"is_trial":false,"path_per_floor":["M","M","?","M","M","E","R","?","T","E","R","?","M","E","R","B",null,"M","M","M","$","M","R","M","E","T","M","E","R","M","E","R_BF","B",null,"M","T","$","?","$","M","M","R","T","?","E","R","E","M","R","B",null],"character_chosen":"SHADE","items_purchased":["Shade:StitchTogether+1","Shade:FeralStrike","Shade:FreshBones","Meat on the Bone","Lee\u0027s Waffle","Shade:AuraOfUnlife","Shade:FleshToFlesh","Shade:PressTheAttack","ReplayTheSpireMod:Brewmster","Shade:ExtraLimbs","Shade:FeralStrike","Replay:Ringing Soul","Orrery","Fire Potion","Durian","hubris:EmptyBottle","ReplayTheSpireMod:CursedCoin","Shade:Carnophage","Shade:Bite_Shade+1","Chemical X"],"campfire_rested":0,"item_purchase_floors":[0,0,0,0,0,0,0,0,0,0,0,0,0,0,21,21,37,37,37,39],"current_hp_per_floor":[78,81,64,67,61,64,64,64,64,61,61,64,69,71,71,70,105,110,113,106,111,114,114,119,96,96,109,124,124,129,120,120,109,146,122,122,125,128,128,136,146,146,146,172,149,149,159,173,173,181],"gold":200,"neow_bonus":"","is_daily":false,"chose_seed":false,"campfire_upgraded":8,"win_rate":0.0,"timestamp":1614107692,"path_taken":["M","?","?","M","M","E","R","?","T","E","R","?","M","E","R","BOSS","M","M","?","?","M","R","M","E","T","M","E","R","M","E","R_BF","BOSS","M","?","$","?","$","M","M","R","T","?","E","R","E","M","R","BOSS"],"items_purchased_type":["Card","Card","Card","Relic","Relic","Card","Card","Card","Card","Card","Card","Relic","Relic","Potion","Relic","Relic","Relic","Card","Card","Relic"],"build_version":"2020-12-22","purchased_purges":0,"victory":true,"max_hp_per_floor":[78,81,84,87,90,93,93,93,93,96,96,99,102,105,105,113,116,119,122,125,130,133,133,136,139,139,142,145,145,148,151,151,154,157,160,160,163,166,166,169,172,172,172,172,175,175,178,181,181,181],"card_choices":[{"not_picked":["Shade:Premonition","Shade:BoneShards"],"picked":"Shade:GreyBargain","floor":0},{"not_picked":["Shade:Excise","Shade:StitchTogether"],"picked":"Shade:FuneraryArmor","floor":0},{"not_picked":["Shade:SkeletonHug","Shade:SensePrey"],"picked":"Shade:Bonestorm","floor":0},{"not_picked":["Shade:MadHubris","Shade:LastGasp"],"picked":"Shade:SkeletonHug","floor":0},{"not_picked":["Shade:SanguineRitual","Shade:Trample"],"picked":"Shade:Coordination","floor":0},{"not_picked":["Shade:FleshOffering","Shade:Haruspicy"],"picked":"Shade:Frenzy","floor":1},{"not_picked":["Shade:FreshBones","Shade:Premonition"],"picked":"Shade:FleshToFlesh","floor":2},{"not_picked":["ReplayTheSpireMod:Chaos Vortex","infinitespire:Execution"],"picked":"infinitespire:TheBestDefense","floor":3},{"not_picked":["Shade:SpontaneousRitual","Shade:AncientSpear"],"picked":"Shade:FingerOfDeath","floor":4},{"not_picked":["Shade:Premonition","Shade:FingerOfDeath"],"picked":"Shade:Awaken","floor":5},{"not_picked":["Shade:Premonition","Shade:AncientSpear"],"picked":"Shade:FeralStrike","floor":6},{"not_picked":["Shade:FleshOffering","Shade:SkeletonHug"],"picked":"Shade:RavenousHorde","floor":10},{"not_picked":["Shade:LyeBath","Shade:FingerOfDeath"],"picked":"Shade:SoulPierce","floor":13},{"not_picked":["Shade:Brains","Shade:FuneraryArmor"],"picked":"Shade:AblativeArmor","floor":14},{"not_picked":["Shade:LastGasp","Shade:Coordination"],"picked":"Shade:SoulPierce","floor":16},{"not_picked":["Shade:ExtraLimbs","Shade:FleshToFlesh+1"],"picked":"Shade:CoffinDance","floor":18},{"not_picked":["Shade:Haruspicy","Shade:FeralStrike+1"],"picked":"Shade:SpectralStrikes","floor":19},{"not_picked":["Shade:GoDigging","Shade:Awaken+1"],"picked":"Shade:WallOfFlesh+1","floor":20},{"not_picked":["Shade:GraveStillness","Shade:CommandSoldier"],"picked":"Shade:SkeletonArmy","floor":22},{"not_picked":["Shade:AncientSpear","Shade:Asphyxiate"],"picked":"Shade:StitchTogether","floor":24},{"not_picked":["Shade:GreyBargain","Shade:ClawBack"],"picked":"Shade:FuneraryArmor+1","floor":25},{"not_picked":["Shade:GraveStillness+1","Shade:LastGasp"],"picked":"Shade:Awaken+1","floor":27},{"not_picked":["Shade:Premonition","Shade:BoneShards"],"picked":"Shade:CommandSoldier","floor":28},{"not_picked":["Shade:Premonition","Shade:FleshToFlesh"],"picked":"Shade:ExtraLimbs","floor":30},{"not_picked":["Shade:GreyBargain+1","Shade:FleshOffering"],"picked":"Shade:CallWraith+1","floor":31},{"not_picked":["Shade:OneIsEnough","Shade:SelfBurial"],"picked":"Shade:UnbarTheGrave","floor":33},{"not_picked":["Shade:PressTheAttack","Shade:WallOfFlesh"],"picked":"Shade:FleshToFlesh+1","floor":35},{"not_picked":["Mayhem","Jack Of All Trades"],"picked":"Poisoned Strike","floor":38},{"not_picked":["Dramatic Entrance","Dark Shackles"],"picked":"Mind Blast","floor":38},{"not_picked":["Shade:PoundOfFlesh","Shade:Premonition+1"],"picked":"Shade:Doomsay+1","floor":40},{"not_picked":["Shade:Trample+1","Shade:BoneShards+1"],"picked":"Shade:PressTheAttack+1","floor":41},{"not_picked":["Shade:Trample","Shade:Bonestorm"],"picked":"Shade:SpectralStrikes","floor":45},{"not_picked":["Shade:SensePrey","Shade:PoundOfFlesh"],"picked":"Shade:FuneraryArmor+1","floor":47},{"not_picked":["Shade:DangerousRitual","Shade:Bite_Shade+1"],"picked":"Shade:Frenzy+1","floor":48}],"player_experience":2003338,"relics_obtained":[{"floor":6,"key":"Replay:Rubber Ducky"},{"floor":9,"key":"Akabeko"},{"floor":10,"key":"Blood Vial"},{"floor":14,"key":"Pen Nib"},{"floor":25,"key":"Happy Flower"},{"floor":26,"key":"Bag of Marbles"},{"floor":28,"key":"Regal Pillow"},{"floor":31,"key":"Centennial Puzzle"},{"floor":32,"key":"Vajra"},{"floor":34,"key":"PreservedInsect"},{"floor":34,"key":"Replay:WaspNest"},{"floor":34,"key":"Incense Burner"},{"floor":36,"key":"hubris:TenFootPole"},{"floor":43,"key":"Ancient Tea Set"},{"floor":45,"key":"Pondfish Scales"},{"floor":47,"key":"Anchor"}],"event_choices":[{"damage_healed":0,"gold_gain":0,"cards_transformed":["Shade:Strike_Shade"],"player_choice":"Transformed","damage_taken":0,"max_hp_gain":0,"max_hp_loss":0,"event_name":"Transmorgrifier","floor":12,"gold_loss":0,"cards_obtained":["Shade:PotionOfRestlessness"]},{"damage_healed":0,"gold_gain":3,"player_choice":"1","damage_taken":0,"max_hp_gain":0,"max_hp_loss":0,"event_name":"betterStone:BetterStone","floor":38,"gold_loss":0},{"cards_removed":["Shade:PotionOfRestlessness"],"damage_healed":26,"gold_gain":0,"player_choice":"Offered Uncommon","damage_taken":0,"max_hp_gain":0,"max_hp_loss":0,"event_name":"Bonfire Elementals","floor":44,"gold_loss":0}],"is_beta":false,"boss_relics":[{"not_picked":["Ectoplasm","hubris:CrackedHourglass"],"picked":"Abe\u0027s Treasure"},{"not_picked":["ReplayTheSpireMod:SealedPack","Replay:Wanted Poster"],"picked":"Calling Bell"}],"items_purged_floors":[],"is_endless":false,"potions_floor_spawned":[2,5,6,16,18,27,30,33,45,47,48],"ascension_level":6}}