{"host":"ndqkyrxelzss439h","time":1614055131,"event":{"mods":["2.2 Compatiblity","Act Like it!","BaseMod","Better Third Choice","Colored Map","Colored Powertips","Hallownest","Highlight Path","Minty Spire (QoL Compilation)","Permanent Neow","Quick Restart","Replay The Spire","StSLib","The Bug Knight"],"gold_per_floor":[109,122,139,139,139,166,166,14,85,112,222,242,258,258,258,353,353,368,385,8,79,79,79,98,98,98,110,122,122,122,141,141,236,286,286,286],"floor_reached":35,"language":"ENG","playtime":2949,"items_purged":["HollowMod:FocusHealStart"],"score":392,"play_id":"e686f12c-ed4f-4866-9d73-94b78c18c092","local_time":"20210222233851","is_ascension_mode":false,"campfire_choices":[{"floor":7,"key":"RECALL"},{"floor":15,"key":"REST"},{"floor":23,"key":"REST"},{"floor":25,"key":"REST"},{"floor":32,"key":"REST"}],"circlet_count":0,"master_deck":["HollowMod:NailStrikeStart","HollowMod:NailStrikeStart","HollowMod:NailStrikeStart","HollowMod:PogoStrike","HollowMod:MothsMistake","HollowMod:DoubleDash","HollowMod:BrokenVessel","HollowMod:MothsMistake","Hallownest:skillLeafShield","Hallownest:skillLeafShield","Hallownest:skillLeafShield","Hallownest:skillLeafShield","Hallownest:skillLeafShield","HollowMod:InfectedCysts","HollowMod:NewGlowingWomb+1","HollowMod:MawleksShell+1"],"relics":["Fusion Hammer","Centennial Puzzle","Replay:Mystery Machine","SlaversCollar","Calipers","Du-Vu Doll","Tiny House"],"acts_visited":["Hallownest:Greenpath","Hallownest:CityofTears","Hallownest:KingdomsEdge"],"potions_floor_usage":[13,13,16,16,28,33,33,33,33,33,33,35],"damage_taken":[{"damage":0,"enemies":"Hallownest:monsterHuskWarrior","floor":1,"turns":2},{"damage":0,"enemies":"Hallownest:monsterHuskGuard","floor":2,"turns":4},{"damage":1,"enemies":"Hallownest:2_Tiktiks_and_1_Crawlid","floor":3,"turns":3},{"damage":0,"enemies":"Hallownest:monsterAspidMother","floor":4,"turns":4},{"damage":9,"enemies":"Hallownest:eliteVengeflyKing","floor":6,"turns":7},{"damage":6,"enemies":"Hallownest:eliteMossKnight","floor":10,"turns":8},{"damage":0,"enemies":"Hallownest:Wandering_and_Horned","floor":12,"turns":4},{"damage":2,"enemies":"Hallownest:Guard_and_Warrior","floor":13,"turns":4},{"damage":71,"enemies":"Hallownest:BossHornet","floor":16,"turns":10},{"damage":17,"enemies":"Hallownest:3_Youths","floor":18,"turns":5},{"damage":1,"enemies":"Hallownest:Flukemon_and_Top","floor":19,"turns":6},{"damage":20,"enemies":"Hallownest:2_Flukemon","floor":24,"turns":5},{"damage":20,"enemies":"Hallownest:Master_and_Novice","floor":27,"turns":4},{"damage":7,"enemies":"Hallownest:monsterShrumalOgre","floor":28,"turns":5},{"damage":23,"enemies":"Hallownest:2_Flukemon","floor":31,"turns":6},{"damage":22,"enemies":"Hallownest:BossSoulMaster","floor":33,"turns":7},{"damage":80,"enemies":"Hallownest:3_Siblings","floor":35,"turns":6}],"seed_played":"8384844630123205272","potions_obtained":[{"floor":2,"key":"Strength Potion"},{"floor":6,"key":"Ancient Potion"},{"floor":12,"key":"EssenceOfSteel"},{"floor":13,"key":"FearPotion"},{"floor":16,"key":"CultistPotion"},{"floor":18,"key":"GamblersBrew"},{"floor":19,"key":"Reflective Coating"},{"floor":21,"key":"Regen Potion"},{"floor":21,"key":"DistilledChaos"},{"floor":34,"key":"Strength Potion"}],"is_trial":false,"path_per_floor":["M","M","M","M","?","E","R","$","T","E","?","M","M","?","R","B",null,"M","M","$","?","?","R","M","R","T","M","M","?","?","M","R","B",null,"M"],"character_chosen":"THE_BUGKNIGHT","items_purchased":["HollowMod:MothsMistake","HollowMod:NewGlowingWomb","Calipers"],"campfire_rested":4,"item_purchase_floors":[8,20,20],"current_hp_per_floor":[75,75,74,74,74,65,65,65,65,59,59,59,57,57,75,4,75,58,57,57,39,39,61,41,63,63,43,51,51,51,28,50,28,80,0,0],"gold":286,"neow_bonus":"BOSS_RELIC","is_daily":false,"chose_seed":false,"campfire_upgraded":0,"win_rate":0.0,"timestamp":1614055131,"path_taken":["M","M","M","M","?","E","R","$","T","E","?","M","M","?","R","BOSS","M","M","$","?","?","R","?","R","T","M","M","?","?","M","R","BOSS","M"],"items_purchased_type":["Card","Card","Relic"],"build_version":"2020-12-22","purchased_purges":1,"victory":false,"max_hp_per_floor":[75,75,75,75,75,75,75,75,75,75,75,75,75,75,75,75,75,75,75,75,75,75,75,75,75,75,75,75,75,75,75,75,75,80,80,80],"card_choices":[{"not_picked":["HollowMod:VengefulVoid","HollowMod:CornifersMapStart"],"picked":"HollowMod:MothsMistake","floor":1},{"not_picked":["HollowMod:QuirrelsAssistance","HollowMod:WraithStrike","HollowMod:NewLittleFool"],"picked":"SKIP","floor":2},{"not_picked":["HollowMod:NewLittleFool","HollowMod:HowlingWraiths"],"picked":"HollowMod:DoubleDash","floor":3},{"not_picked":["HollowMod:VengefulVoid","HollowMod:SoulStrike","HollowMod:theNailsmith"],"picked":"SKIP","floor":4},{"not_picked":["HollowMod:CloakDash","HollowMod:InfectedAttack"],"picked":"HollowMod:BrokenVessel","floor":6},{"not_picked":["HollowMod:SoulSplash","HollowMod:PureVessel","HollowMod:VengefulVoid"],"picked":"SKIP","floor":10},{"not_picked":["HollowMod:SiblingsShadow","HollowMod:HowlingWraiths","HollowMod:SiblingsSouls"],"picked":"SKIP","floor":12},{"not_picked":["HollowMod:RecoilStrike","HollowMod:LifebloodCocoon","HollowMod:BlackTendrils"],"picked":"SKIP","floor":13},{"not_picked":["HollowMod:LifebloodCocoon+1","HollowMod:GoodIntentions+1","HollowMod:DashSlash"],"picked":"SKIP","floor":18},{"not_picked":["HollowMod:ChannelNail","HollowMod:Grubsong"],"picked":"HollowMod:InfectedCysts","floor":19},{"not_picked":["HollowMod:RecoilStrike","HollowMod:NewLittleFool","HollowMod:HuntersJournal"],"picked":"SKIP","floor":24},{"not_picked":["HollowMod:HeavyBlow","HollowMod:VoidDash","HollowMod:GrimmsGift"],"picked":"SKIP","floor":27},{"not_picked":["HollowMod:HuntersJournal+1","HollowMod:WraithStrike","HollowMod:HowlingWraiths"],"picked":"SKIP","floor":28},{"not_picked":["HollowMod:PerfectDash","HollowMod:CycloneSlash","HollowMod:VengefulVoid"],"picked":"SKIP","floor":31},{"not_picked":["HollowMod:DescendingDark+1","HollowMod:ChannelNail"],"picked":"HollowMod:MawleksShell+1","floor":34}],"player_experience":95517,"relics_obtained":[{"floor":6,"key":"Centennial Puzzle"},{"floor":10,"key":"Replay:Mystery Machine"},{"floor":26,"key":"Du-Vu Doll"}],"event_choices":[],"is_beta":false,"boss_relics":[{"not_picked":["Ectoplasm","Painkiller Herb"],"picked":"SlaversCollar"},{"not_picked":["Abe\u0027s Treasure","Kintsugi"],"picked":"Tiny House"}],"items_purged_floors":[8],"is_endless":false,"potions_floor_spawned":[2,6,12,13,16,18,19,24,27],"killed_by":"Hallownest:3_Siblings","ascension_level":0}}