{"host":"ll3bk5uyh699087h","time":1614057785,"event":{"mods":["2.2 Compatiblity","AchievementEnabler","Act Like it!","Ascension Unlocker","Aspiration","BaseMod","Block Reminder","Card Forge","Colored Map","Colored Powertips","Conspire","Dark Map","Energized Spire","GifTheSpireLib","Hubris","Infinite Spire","Marked Mod","Minty Spire (QoL Compilation)","Practice Mode","Rare Cards Sparkle","Reliquary","Remove Card Discount Mod","Replay The Spire","Shop Mod","Spicy Shops","StSLib","Stuff the Spire","Uncapped"],"gold_per_floor":[116,116,96,113,128,243,243,243,317,327,114,114,124,154,154,255,255,269,14,33,50,50,68,68,68,148,148,148,148,148,160,160,273,273,301,332,332,364,202,202,202,412,412,412,412,412,412,464,464,464],"floor_reached":51,"language":"ENG","playtime":2345,"items_purged":["conspire:Blindness","Strike_R","Strike_R","Strike_R","Bash","Strike_R","Strike_R","Pride","Defend_R","Defend_R","Heavy Blade+1","Flex","Inflame","Defend_R"],"score":1019,"play_id":"d5ddafd3-c1f9-44c0-8bf5-18a84642c243","local_time":"20210223002305","is_ascension_mode":false,"campfire_choices":[{"data":"Body Slam","floor":8.0,"key":"SMITH"},{"data":"Body Slam","floor":12.0,"key":"SMITH"},{"floor":15.0,"key":"DIG"},{"data":"Seeing Red","floor":24.0,"key":"SMITH"},{"data":"Seeing Red","floor":27.0,"key":"SMITH"},{"data":"Armaments","floor":29.0,"key":"SMITH"},{"data":"StuffTheSpire:PestControl","floor":32.0,"key":"SMITH"},{"data":"Specialist","floor":44,"key":"SMITH"},{"data":"ReplayTheSpireMod:Private Reserves","floor":47,"key":"SMITH"},{"data":"hubris:Fate","floor":49,"key":"SMITH"}],"circlet_count":0,"master_deck":["Defend_R","Rampage","Pommel Strike","Body Slam+1","Body Slam+1","Pommel Strike","Seeing Red+1","Impervious","Armaments+1","Seeing Red+1","hubris:Fate+1","StuffTheSpire:PestControl+1","Impervious","Searing Blow","ReplayTheSpireMod:Stacked","Inflame","Specialist+1","ReplayTheSpireMod:Private Reserves+1","Body Slam","Good Instincts"],"relics":["Burning Blood","Hammer of Thor","Seething Fire","Anvil of the Gods","NeowsBlessing","ReplayTheSpireMod:CursedCoin","StuffTheSpire:CocoNut","Oddly Smooth Stone","ClockworkSouvenir","hubris:MedicalManual","Replay:Kaleidoscope","reliquary:ThirdArm","Ginger","hubris:EmptyBottle","hubris:SlimyHat","PreservedInsect","HandDrill","Meat on the Bone","Bag of Marbles","infinitespire:EvilPickle","reliquary:Boomerang","reliquary:Bookmark","Anchor","StuffTheSpire:BottledEssence","Replay:Bottled Snecko","hubris:Potato","Lee\u0027s Waffle","PrismaticShard","StuffTheSpire:Mouthbags","hubris:64BitClover","hubris:Icosahedron","Bottled Lightning"],"acts_visited":["Exordium","TheCity","TheBeyond"],"potions_floor_usage":[38,38,48,48],"damage_taken":[{"damage":0.0,"enemies":"Small Slimes","floor":1.0,"turns":1.0},{"damage":2.0,"enemies":"conspire:RoseBush","floor":4.0,"turns":1.0},{"damage":0.0,"enemies":"Cultist","floor":5.0,"turns":1.0},{"damage":2.0,"enemies":"3 Louse","floor":10.0,"turns":3.0},{"damage":0.0,"enemies":"Exordium Wildlife","floor":13.0,"turns":2.0},{"damage":12.0,"enemies":"Lagavulin","floor":14.0,"turns":4.0},{"damage":23.0,"enemies":"Slime Boss","floor":16.0,"turns":8.0},{"damage":8.0,"enemies":"2 Thieves","floor":18.0,"turns":3.0},{"damage":0.0,"enemies":"Shell Parasite","floor":20.0,"turns":1.0},{"damage":13.0,"enemies":"conspire:HollyBat","floor":21.0,"turns":5.0},{"damage":0.0,"enemies":"Sentry and Sphere","floor":23.0,"turns":3.0},{"damage":0.0,"enemies":"Shelled Parasite and Fungi","floor":31.0,"turns":2.0},{"damage":24,"enemies":"Pondfish","floor":33,"turns":8},{"damage":0,"enemies":"Orb Walker","floor":35,"turns":1},{"damage":23,"enemies":"3 Darklings","floor":36,"turns":4},{"damage":17,"enemies":"conspire:MimicChest","floor":38,"turns":6},{"damage":13,"enemies":"R_Hoarder","floor":48,"turns":3},{"damage":28,"enemies":"Awakened One","floor":50,"turns":6}],"seed_played":"2607607353207439001","potions_obtained":[{"floor":1.0,"key":"ElixirPotion"},{"floor":3.0,"key":"conspire:TimeTravelPotion"},{"floor":4.0,"key":"Dexterity Potion"},{"floor":16.0,"key":"Explosive Potion"},{"floor":18.0,"key":"EssenceOfSteel"},{"floor":20.0,"key":"SpeedPotion"},{"floor":21.0,"key":"Reflective Coating"},{"floor":35,"key":"LifebloodPotion"},{"floor":38,"key":"FearPotion"}],"is_trial":false,"path_per_floor":["M","?","?","M","M","$","?","R","T","M","$","R","M","E","R_BF","B",null,"M","$","M","M","AVR","M","R","?","T","R","?","R","?","M","R","B",null,"M","M","AVR","?","$","T","?","$","T","R","?","?","R","E","R_BF","B",null],"character_chosen":"IRONCLAD","items_purchased":["ReplayTheSpireMod:CursedCoin","Body Slam","Oddly Smooth Stone","ClockworkSouvenir","Ginger","hubris:EmptyBottle","hubris:SlimyHat","PreservedInsect","HandDrill","Good Instincts","Armaments","reliquary:Bookmark","Anchor","StuffTheSpire:BottledEssence","Inflame","Specialist","hubris:Potato","Body Slam","Lee\u0027s Waffle","PrismaticShard","StuffTheSpire:Mouthbags"],"campfire_rested":0,"item_purchase_floors":[6,6,11,11,19,19,19,19,19,19,19,39,39,39,39,39,42,42,42,42,42],"current_hp_per_floor":[80,80,80,80,80,80,80,80,87,87,87,87,87,87,87,70,87,85,85,87,80,80,86,86,86,86,86,86,86,66,72,72,54,87,87,70,70,59,59,59,59,94,94,94,89,89,89,82,82,60],"gold":464,"neow_bonus":"THREE_ENEMY_KILL","is_daily":false,"chose_seed":false,"campfire_upgraded":9,"win_rate":0.0,"timestamp":1614057785,"path_taken":["M","?","?","M","?","$","?","R","T","M","?","R","M","E","R_BF","BOSS","M","$","M","M","AVR","M","R","?","T","R","?","R","?","M","R","BOSS","M","M","AVR","?","$","?","?","?","T","R","?","?","R","E","R_BF","BOSS"],"items_purchased_type":["Relic","Card","Relic","Relic","Relic","Relic","Relic","Relic","Relic","Card","Card","Relic","Relic","Relic","Card","Card","Relic","Card","Relic","Relic","Relic"],"build_version":"2020-12-22","purchased_purges":14,"victory":true,"max_hp_per_floor":[80,80,80,80,80,80,80,80,87,87,87,87,87,87,87,87,87,87,87,87,87,87,87,87,87,87,87,87,87,87,87,87,87,87,87,87,87,87,87,87,87,94,94,94,89,89,89,89,89,89],"card_choices":[{"not_picked":["Hemokinesis","Anger"],"picked":"Rampage","floor":1.0},{"not_picked":["Dark Embrace","Headbutt"],"picked":"Pommel Strike","floor":4.0},{"not_picked":["Rage","Shrug It Off"],"picked":"Body Slam","floor":5.0},{"not_picked":["Perfected Strike","Eclipse"],"picked":"Pommel Strike","floor":10.0},{"not_picked":["Hemokinesis","StuffTheSpire:Incineration","Perfected Strike"],"picked":"SKIP","floor":13.0},{"not_picked":["Twin Strike","ReplayTheSpireMod:Corrosion Curse"],"picked":"Seeing Red","floor":14.0},{"not_picked":["conspire:Purge","Berserk"],"picked":"Impervious","floor":16.0},{"not_picked":["Pummel","hubris:SharpeningStone+1"],"picked":"Heavy Blade+1","floor":18.0},{"not_picked":["Warcry","True Grit"],"picked":"Inflame","floor":20.0},{"not_picked":["Rage","hubris:ReadiedAction"],"picked":"Seeing Red","floor":21.0},{"not_picked":["Dark Embrace+1","Twin Strike","ReplayTheSpireMod:Limb From Limb"],"picked":"SKIP","floor":23.0},{"not_picked":["Twin Strike","Infernal Blade","Pummel"],"picked":"SKIP","floor":31.0},{"not_picked":["hubris:StunningStrike","conspire:HitWhereItHurts"],"picked":"Impervious","floor":33},{"not_picked":["Flame Barrier+1","Clothesline"],"picked":"Searing Blow","floor":35},{"not_picked":["Searing Blow","ReplayTheSpireMod:Strike From Hell+1","Thunderclap"],"picked":"SKIP","floor":36},{"not_picked":["Headbutt","Rage+1"],"picked":"ReplayTheSpireMod:Stacked","floor":38},{"not_picked":["Replay:Parry","Flash of Steel"],"picked":"ReplayTheSpireMod:Private Reserves","floor":41},{"not_picked":["Conserve Battery+1","ReplayTheSpireMod:Corrosion Curse","Flechettes"],"picked":"SKIP","floor":48}],"player_experience":52609,"relics_obtained":[{"floor":9.0,"key":"StuffTheSpire:CocoNut"},{"floor":14.0,"key":"hubris:MedicalManual"},{"floor":15.0,"key":"Replay:Kaleidoscope"},{"floor":26.0,"key":"Meat on the Bone"},{"floor":38,"key":"reliquary:Boomerang"},{"floor":40,"key":"Replay:Bottled Snecko"},{"floor":43,"key":"hubris:64BitClover"},{"floor":48,"key":"Bottled Lightning"}],"event_choices":[{"damage_healed":0.0,"max_hp_gain":0.0,"max_hp_loss":0.0,"gold_gain":0.0,"event_name":"The Woman in Blue","player_choice":"Bought 1 Potion","floor":3.0,"gold_loss":0.0,"damage_taken":0.0},{"damage_healed":0.0,"max_hp_gain":0.0,"max_hp_loss":0.0,"gold_gain":0.0,"event_name":"The Mausoleum","player_choice":"Opened","floor":28.0,"gold_loss":0.0,"damage_taken":0.0,"relics_obtained":["Bag of Marbles"],"cards_obtained":["Writhe"]},{"damage_healed":0,"gold_gain":0,"player_choice":"Memory 1","damage_taken":0,"max_hp_gain":0,"max_hp_loss":0,"event_name":"SensoryStone","floor":41,"gold_loss":0},{"damage_healed":0,"gold_gain":0,"player_choice":"Max HP","damage_taken":0,"max_hp_gain":0,"max_hp_loss":5,"event_name":"Winding Halls","floor":45,"gold_loss":0}],"is_beta":false,"boss_relics":[{"not_picked":["Fusion Hammer","reliquary:Craggleroot"],"picked":"reliquary:ThirdArm"},{"not_picked":["Replay:Bronze Core","Snecko Eye","aspiration:FutureDiary"]}],"items_purged_floors":[6,6,6,6,6,6,11,11,19,19,39,39,39,39],"is_endless":false,"potions_floor_spawned":[1,4,16,18,20,21,35,38],"ascension_level":0}}