{"host":"7jxhn92mkgyil7o5","time":1614095120,"event":{"mods":["BaseMod","Colored Map","Colored Powertips","Friendly Minions","Hermit","Kiyohime????","Marisa????????","Minty Spire (QoL Compilation)","Permanent Neow","StSLib","The Cursed","The Disciple","The Hierophant","The Poker Player","The Runesmith"],"gold_per_floor":[111,36,55,55,73,108,108,143,143,176,193,193,220,236,236,312,312,324,324,324,77,90,124,24,50,76,105,105,105],"floor_reached":28,"language":"ENG","playtime":1382,"items_purged":["Strike_P","Defend_P"],"score":608,"play_id":"b231d6c1-c55f-494a-a444-9197e3a7dc87","local_time":"20210223164520","is_ascension_mode":true,"campfire_choices":[{"data":"Establishment","floor":7.0,"key":"SMITH"},{"data":"Vigilance","floor":15.0,"key":"SMITH"}],"circlet_count":0,"master_deck":["AscendersBane","Strike_P","Strike_P","Defend_P","Defend_P","Defend_P","Eruption","Vigilance+1","Consecrate","BattleHymn+1","Halt","Establishment+1","Pray+1","DeceiveReality","ClearTheMind","Study","DeusExMachina","WaveOfTheHand","Indignation","InnerPeace","Fasting2","EmptyBody","TalkToTheHand"],"relics":["PureWater","Matryoshka","Pocketwatch","Happy Flower","Regal Pillow","Gremlin Horn","SlaversCollar","Strange Spoon","Letter Opener","Boot","Shuriken","Runesmith:AutoHammer","Anchor"],"acts_visited":["Exordium","TheCity"],"potions_floor_usage":[],"damage_taken":[{"damage":3.0,"enemies":"2 Louse","floor":1.0,"turns":6.0},{"damage":2.0,"enemies":"Small Slimes","floor":3.0,"turns":4.0},{"damage":0.0,"enemies":"Cultist","floor":5.0,"turns":2.0},{"damage":5.0,"enemies":"Gremlin Nob","floor":6.0,"turns":3.0},{"damage":17.0,"enemies":"3 Sentries","floor":8.0,"turns":5.0},{"damage":9.0,"enemies":"Lagavulin","floor":10.0,"turns":6.0},{"damage":6.0,"enemies":"Looter","floor":11.0,"turns":4.0},{"damage":10.0,"enemies":"Gremlin Nob","floor":13.0,"turns":3.0},{"damage":3.0,"enemies":"Large Slime","floor":14.0,"turns":3.0},{"damage":1.0,"enemies":"Hexaghost","floor":16.0,"turns":8.0},{"damage":1.0,"enemies":"Spheric Guardian","floor":18.0,"turns":5.0},{"damage":0.0,"enemies":"Chosen","floor":22.0,"turns":3.0},{"damage":14.0,"enemies":"Gremlin Leader","floor":23.0,"turns":5.0},{"damage":31.0,"enemies":"Slavers","floor":25.0,"turns":7.0},{"damage":9,"enemies":"Book of Stabbing","floor":27,"turns":4},{"damage":4,"enemies":"Centurion and Healer","floor":28,"turns":2}],"seed_played":"7794639034655421908","potions_obtained":[{"floor":0.0,"key":"DuplicationPotion"},{"floor":0.0,"key":"Regen Potion"},{"floor":3.0,"key":"Regen Potion"},{"floor":10.0,"key":"Swift Potion"},{"floor":11.0,"key":"Dexterity Potion"},{"floor":13.0,"key":"SkillPotion"},{"floor":14.0,"key":"BlessingOfTheForge"},{"floor":20.0,"key":"CultistPotion"},{"floor":20.0,"key":"Explosive Potion"},{"floor":22.0,"key":"ColorlessPotion"}],"is_trial":false,"path_per_floor":["M","?","M","?","M","E","R","E","T","E","M","?","E","M","R","B",null,"M","?","?","$","M","E","$","E","T","E","M"],"character_chosen":"WATCHER","items_purchased":["Strange Spoon"],"campfire_rested":0,"item_purchase_floors":[21],"current_hp_per_floor":[68,68,66,66,66,61,61,58,58,49,43,43,33,30,30,29,58,57,57,57,57,57,43,43,12,12,3,0,0],"gold":105,"neow_bonus":"THREE_SMALL_POTIONS","is_daily":false,"chose_seed":false,"campfire_upgraded":2,"win_rate":0.0,"timestamp":1614095120,"path_taken":["M","?","M","?","M","E","R","E","T","E","?","?","E","M","R","BOSS","M","?","?","$","?","E","?","E","T","E","?"],"items_purchased_type":["Relic"],"build_version":"2020-12-22","purchased_purges":2,"victory":false,"max_hp_per_floor":[68,68,68,68,68,68,68,68,68,68,68,68,68,68,68,68,68,68,68,68,68,68,68,68,68,68,68,68,68],"card_choices":[{"not_picked":["EmptyBody","Protect"],"picked":"Consecrate","floor":1.0},{"not_picked":["FollowUp","Pray"],"picked":"BattleHymn","floor":3.0},{"not_picked":["FlyingSleeves","BowlingBash"],"picked":"Halt","floor":5.0},{"not_picked":["ClearTheMind","Perseverance"],"picked":"Establishment","floor":6.0},{"not_picked":["Evaluate","Consecrate"],"picked":"Pray","floor":8.0},{"not_picked":["FearNoEvil","ReachHeaven"],"picked":"DeceiveReality","floor":10.0},{"not_picked":["Halt","BowlingBash"],"picked":"ClearTheMind","floor":11.0},{"not_picked":["Swivel","Halt","JustLucky"],"picked":"SKIP","floor":13.0},{"not_picked":["FlurryOfBlows","BattleHymn"],"picked":"Study","floor":14.0},{"not_picked":["Alpha","Ragnarok"],"picked":"DeusExMachina","floor":16.0},{"not_picked":["FlyingSleeves","ForeignInfluence"],"picked":"WaveOfTheHand","floor":18.0},{"not_picked":["SashWhip","Evaluate","InnerPeace"],"picked":"SKIP","floor":22.0},{"not_picked":["SashWhip","Evaluate"],"picked":"InnerPeace","floor":22.0},{"not_picked":["SashWhip","Study"],"picked":"Fasting2","floor":23.0},{"not_picked":["SandsOfTime","FollowUp"],"picked":"EmptyBody","floor":25.0},{"not_picked":["Omniscience","Swivel"],"picked":"TalkToTheHand","floor":27}],"player_experience":2034223,"relics_obtained":[{"floor":6.0,"key":"Matryoshka"},{"floor":8.0,"key":"Pocketwatch"},{"floor":9.0,"key":"Happy Flower"},{"floor":10.0,"key":"Regal Pillow"},{"floor":13.0,"key":"Gremlin Horn"},{"floor":23.0,"key":"Letter Opener"},{"floor":25.0,"key":"Boot"},{"floor":26.0,"key":"Shuriken"},{"floor":26.0,"key":"Runesmith:AutoHammer"},{"floor":27,"key":"Anchor"}],"event_choices":[{"cards_removed":["Strike_P"],"damage_healed":0.0,"max_hp_gain":0.0,"max_hp_loss":0.0,"gold_gain":0.0,"event_name":"The Cleric","player_choice":"Card Removal","floor":2.0,"gold_loss":75.0,"damage_taken":0.0},{"damage_healed":0.0,"max_hp_gain":0.0,"max_hp_loss":0.0,"gold_gain":0.0,"event_name":"Upgrade Shrine","player_choice":"Upgraded","floor":4.0,"gold_loss":0.0,"damage_taken":0.0,"cards_upgraded":["BattleHymn"]},{"damage_healed":0.0,"max_hp_gain":0.0,"max_hp_loss":0.0,"gold_gain":0.0,"event_name":"Living Wall","player_choice":"Grow","floor":12.0,"gold_loss":0.0,"damage_taken":0.0,"cards_upgraded":["Pray"]},{"damage_healed":0.0,"max_hp_gain":0.0,"max_hp_loss":0.0,"gold_gain":0.0,"event_name":"The Library","player_choice":"Read","floor":19.0,"gold_loss":0.0,"damage_taken":0.0,"cards_obtained":["Indignation"]},{"damage_healed":0.0,"max_hp_gain":0.0,"max_hp_loss":0.0,"gold_gain":0.0,"event_name":"Lab","player_choice":"Got Potions","floor":20.0,"gold_loss":0.0,"damage_taken":0.0}],"is_beta":false,"boss_relics":[{"not_picked":["Tiny House","Runesmith:UraniumAnvil"],"picked":"SlaversCollar"}],"items_purged_floors":[21,24],"is_endless":false,"potions_floor_spawned":[3,10,11,13,14,22],"killed_by":"Centurion and Healer","ascension_level":20}}