{"host":"jonta","time":1614039434,"event":{"mods":["BaseMod","Colored Map","Colored Powertips","DeckTracker","Highlight Path","Minty Spire (QoL Compilation)","Quick Restart","Relic Stats","StSLib","SuperFastMode"],"gold_per_floor":[113,124,199,199,210,210,242,242,242,242,272,0,17,49,49,150,150,161,161,178,178,178,178,178,178],"floor_reached":24,"language":"JPN","playtime":789,"items_purged":["Strike_G"],"score":298,"play_id":"715064e9-2418-448f-9298-e37cf11d0066","local_time":"20210223091714","is_ascension_mode":true,"campfire_choices":[{"data":"Poisoned Stab","floor":6,"key":"SMITH"},{"floor":8,"key":"REST"},{"floor":10,"key":"REST"},{"data":"Noxious Fumes","floor":15,"key":"SMITH"},{"data":"Glass Knife","floor":23,"key":"SMITH"}],"circlet_count":0,"master_deck":["Strike_G","Strike_G","Strike_G","Strike_G","Defend_G","Defend_G","Defend_G+1","Defend_G","Defend_G+1","Survivor","Neutralize","Dagger Throw","Poisoned Stab+1","Dagger Spray","Sucker Punch","Well Laid Plans","Noxious Fumes+1","Backstab","Terror+1","Glass Knife+1","Escape Plan+1","Ghostly+1","Ghostly+1","Ghostly+1","Ghostly+1","Ghostly+1","Acrobatics+1","RitualDagger"],"relics":["Black Star","Tiny Chest","The Courier","Toxic Egg 2","Blood Vial","Anchor","PreservedInsect","Bird Faced Urn","Cursed Key"],"acts_visited":["Exordium","TheCity"],"potions_floor_usage":[14,18],"damage_taken":[{"damage":5,"enemies":"2 Louse","floor":1,"turns":3},{"damage":8,"enemies":"Jaw Worm","floor":2,"turns":6},{"damage":0,"enemies":"Small Slimes","floor":5,"turns":3},{"damage":22,"enemies":"Lagavulin","floor":7,"turns":7},{"damage":0,"enemies":"Exordium Wildlife","floor":13,"turns":2},{"damage":4,"enemies":"3 Sentries","floor":14,"turns":6},{"damage":32,"enemies":"Hexaghost","floor":16,"turns":10},{"damage":3,"enemies":"2 Thieves","floor":18,"turns":3},{"damage":2,"enemies":"Spheric Guardian","floor":20,"turns":6},{"damage":46,"enemies":"Gremlin Leader","floor":24,"turns":3}],"seed_played":"2816587765158084349","potions_obtained":[{"floor":7,"key":"Block Potion"},{"floor":13,"key":"Strength Potion"}],"is_trial":false,"path_per_floor":["M","M","?","?","M","R","E","R","T","R","?","$","M","E","R","B",null,"M","?","M","?","T","R","E"],"character_chosen":"THE_SILENT","items_purchased":["Well Laid Plans","Anchor","Noxious Fumes"],"campfire_rested":2,"item_purchase_floors":[12,12,12],"current_hp_per_floor":[58,50,39,25,25,25,3,24,24,45,45,45,47,45,45,19,57,58,35,35,29,29,29,0,0],"gold":178,"neow_bonus":"BOSS_RELIC","is_daily":false,"chose_seed":false,"campfire_upgraded":3,"win_rate":0.0,"timestamp":1614039434,"path_taken":["M","M","?","?","M","R","E","R","T","R","?","$","M","E","R","BOSS","M","?","M","?","?","R","E"],"items_purchased_type":["Card","Relic","Card"],"build_version":"2020-12-18","purchased_purges":1,"victory":false,"max_hp_per_floor":[70,70,70,70,70,70,70,70,70,70,70,70,70,70,70,70,70,70,35,35,35,35,35,35,35],"relic_stats":{"Blood Vial":10,"counters":[10,49],"Bird Faced Urn":[10],"Tiny Chest":1,"PreservedInsect":47,"Black Star":2,"Cursed Key":0,"obtain_stats":[{"Blood Vial":11,"Anchor":12,"Bird Faced Urn":14,"Tiny Chest":7,"The Courier":7,"PreservedInsect":14,"Black Star":0,"Toxic Egg 2":9,"Cursed Key":17,"Ring of the Snake":0},{"Blood Vial":4,"Anchor":4,"Bird Faced Urn":6,"Tiny Chest":4,"The Courier":4,"PreservedInsect":6,"Black Star":0,"Toxic Egg 2":4,"Cursed Key":7,"Ring of the Snake":0},{"Blood Vial":19,"Anchor":19,"Bird Faced Urn":27,"Tiny Chest":19,"The Courier":19,"PreservedInsect":27,"Black Star":0,"Toxic Egg 2":19,"Cursed Key":37,"Ring of the Snake":0}]},"card_choices":[{"not_picked":["Outmaneuver","Flying Knee"],"picked":"Dagger Throw","floor":1},{"not_picked":["Sucker Punch","Deadly Poison"],"picked":"Poisoned Stab","floor":2},{"not_picked":["Eviscerate","All Out Attack"],"picked":"Dagger Spray","floor":5},{"not_picked":["Quick Slash","Bane"],"picked":"Sucker Punch","floor":7},{"not_picked":["Sucker Punch","Slice"],"picked":"Backstab","floor":13},{"not_picked":["Predator","Dash"],"picked":"Terror+1","floor":14},{"not_picked":["Storm of Steel+1","Grand Finale"],"picked":"Glass Knife","floor":16},{"not_picked":["Dagger Throw","Terror+1"],"picked":"Escape Plan+1","floor":18},{"not_picked":["Blade Dance+1","Flechettes+1"],"picked":"Acrobatics+1","floor":20}],"player_experience":222212,"relics_obtained":[{"floor":7,"key":"Tiny Chest"},{"floor":7,"key":"The Courier"},{"floor":9,"key":"Toxic Egg 2"},{"floor":14,"key":"PreservedInsect"},{"floor":14,"key":"Bird Faced Urn"}],"event_choices":[{"damage_healed":0,"gold_gain":75,"player_choice":"Gather Gold","damage_taken":11,"max_hp_gain":0,"max_hp_loss":0,"event_name":"World of Goop","floor":3,"gold_loss":0},{"damage_healed":0,"gold_gain":0,"player_choice":"Entered Light","damage_taken":14,"max_hp_gain":0,"max_hp_loss":0,"event_name":"Shining Light","floor":4,"gold_loss":0,"cards_upgraded":["Defend_G","Defend_G"]},{"damage_healed":0,"gold_gain":30,"player_choice":"Searched \u00272\u0027 times","damage_taken":0,"relics_obtained":["Blood Vial"],"max_hp_gain":0,"max_hp_loss":0,"event_name":"Dead Adventurer","floor":11,"gold_loss":0},{"damage_healed":0,"gold_gain":0,"player_choice":"Became a Ghost","damage_taken":0,"max_hp_gain":0,"max_hp_loss":35,"event_name":"Ghosts","floor":19,"gold_loss":0,"cards_obtained":["Ghostly","Ghostly","Ghostly","Ghostly","Ghostly"]},{"damage_healed":0,"gold_gain":0,"player_choice":"Joined the Cult","damage_taken":6,"max_hp_gain":0,"max_hp_loss":0,"event_name":"Nest","floor":21,"gold_loss":0,"cards_obtained":["RitualDagger"]}],"is_beta":true,"boss_relics":[{"not_picked":["Philosopher\u0027s Stone","WristBlade"],"picked":"Cursed Key"}],"items_purged_floors":[12],"is_endless":false,"potions_floor_spawned":[7,13],"killed_by":"Gremlin Leader","ascension_level":7}}