{"host":"y2nx07t75db4hs5p","time":1614071485,"event":{"mods":["Act Like it!","BaseMod","Gensokyo","Lobotomy","LobotomyExtend","Minty Spire (QoL Compilation)","StSLib"],"gold_per_floor":[115,132,132,62,76,111,111,146,146,162,162,162,178,103,103,198,198,208,208,88,104,104,104],"floor_reached":22,"language":"ZHS","playtime":855,"items_purged":["Pain"],"score":194,"play_id":"498b036f-2432-41dc-ae58-2ec3563aac68","local_time":"20210223171125","is_ascension_mode":false,"campfire_choices":[{"floor":7,"key":"RECALL"},{"floor":12,"key":"REST"},{"data":"Eruption","floor":15,"key":"SMITH"}],"circlet_count":0,"master_deck":["Strike_P","Strike_P","Strike_P","Strike_P","Defend_P+1","Defend_P","Defend_P+1","Defend_P+1","Eruption+1","Vigilance","Wellcheers","Conclude","CrumblingArmor","LessonLearned+1","OldLady","ShyLook","CutThroughFate","VoidDream","Scrawl","UniverseFragment","EmptyBody","BeautyBeast","LaLuna","Blasphemy","Rudolta","Bloodbath"],"relics":["HolyWater","CogitoBucket","LetterFromLob","Gensokyo:LunaticRedEyes","TeardropLocket","CaptainsWheel","FossilizedHelix","AspirationHeart","Gensokyo:ConquerorOfFear","Gensokyo:SpiderMask"],"acts_visited":["Gensokyo:Gensokyo","Gensokyo:Gensokyoer"],"potions_floor_usage":[6,10],"damage_taken":[{"damage":6,"enemies":"Gensokyo:2_Kodama","floor":1,"turns":4},{"damage":0,"enemies":"Gensokyo:Gryphon","floor":2,"turns":2},{"damage":0,"enemies":"Gensokyo:Python","floor":5,"turns":2},{"damage":47,"enemies":"Gensokyo:Aya","floor":6,"turns":6},{"damage":12,"enemies":"Gensokyo:Cirno","floor":8,"turns":6},{"damage":9,"enemies":"Gensokyo:CorruptedTreant","floor":10,"turns":4},{"damage":0,"enemies":"Gensokyo:Kitsune","floor":13,"turns":2},{"damage":10,"enemies":"Gensokyo:Reimu","floor":16,"turns":6},{"damage":0,"enemies":"Gensokyo:Chomper","floor":18,"turns":2},{"damage":24,"enemies":"Gensokyo:3_Dogs","floor":21,"turns":4},{"damage":100054,"enemies":"Gensokyo:Swordslinger","floor":22,"turns":5}],"seed_played":"-8789030923863587026","potions_obtained":[{"floor":2,"key":"Dexterity Potion"},{"floor":6,"key":"FearPotion"},{"floor":13,"key":"SpeedPotion"},{"floor":16,"key":"Dexterity Potion"}],"is_trial":false,"path_per_floor":["M","M","?","?","M","E","R","E","T","M","?","R","M","$","R","B",null,"M","?","?","M","M"],"character_chosen":"WATCHER","items_purchased":[],"campfire_rested":1,"item_purchase_floors":[],"current_hp_per_floor":[66,69,69,69,72,28,28,22,22,26,26,50,50,50,50,40,82,82,82,82,58,0,0],"gold":104,"neow_bonus":"","is_daily":false,"chose_seed":false,"campfire_upgraded":1,"win_rate":0.0,"timestamp":1614071485,"path_taken":["M","?","?","?","?","E","R","E","T","M","?","R","M","$","R","BOSS","M","?","?","M","M"],"items_purchased_type":[],"build_version":"2020-12-22","purchased_purges":1,"victory":false,"max_hp_per_floor":[72,72,72,72,72,72,72,72,72,82,82,82,82,82,82,82,82,82,82,82,82,82,82],"card_choices":[{"not_picked":["SpiderBud","MHz"],"picked":"Wellcheers","floor":1},{"not_picked":["Collect","Consecrate"],"picked":"Conclude","floor":1},{"not_picked":["SingingMachine","ShyLook"],"picked":"CrumblingArmor","floor":2},{"not_picked":["Consecrate","FlyingSleeves"],"picked":"LessonLearned","floor":2},{"not_picked":["SpiderBud","CherryBlossoms"],"picked":"OldLady","floor":5},{"not_picked":["Crescendo","Weave","FlyingSleeves"],"picked":"SKIP","floor":5},{"not_picked":["WallGazer","SingingMachine"],"picked":"ShyLook","floor":6},{"not_picked":["Conclude","DeceiveReality"],"picked":"CutThroughFate","floor":6},{"not_picked":["NakedNest","Freischutz"],"picked":"VoidDream","floor":8},{"not_picked":["PathToVictory","ClearTheMind"],"picked":"Scrawl","floor":8},{"not_picked":["Funeral","LaLuna","DespairKnight"],"picked":"Singing Bowl","floor":10},{"not_picked":["Bloodbath","BlueStar"],"picked":"UniverseFragment","floor":10},{"not_picked":["SignatureMove","FlyingSleeves"],"picked":"EmptyBody","floor":10},{"not_picked":["Porccubus","WallGazer"],"picked":"BeautyBeast","floor":13},{"not_picked":["LikeWater","Alpha","FollowUp"],"picked":"SKIP","floor":13},{"not_picked":["LittlePrince","OSAHOGD"],"picked":"LaLuna","floor":16},{"not_picked":["LessonLearned","Judgement"],"picked":"Blasphemy","floor":16},{"not_picked":["HappyTeddy","DreamingCurrent"],"picked":"Rudolta","floor":18},{"not_picked":["Crescendo","JustLucky+1","FollowUp+1"],"picked":"SKIP","floor":18},{"not_picked":["WallGazer","SpiderBud"],"picked":"Bloodbath","floor":21},{"not_picked":["FollowUp","Consecrate","CutThroughFate"],"picked":"SKIP","floor":21}],"player_experience":240116,"relics_obtained":[{"floor":1,"key":"LetterFromLob"},{"floor":6,"key":"TeardropLocket"},{"floor":8,"key":"CaptainsWheel"},{"floor":9,"key":"FossilizedHelix"},{"floor":21,"key":"Gensokyo:ConquerorOfFear"}],"event_choices":[],"is_beta":false,"boss_relics":[{"not_picked":["Cursed Key","SlaversCollar"],"picked":"HolyWater"}],"items_purged_floors":[14],"is_endless":false,"potions_floor_spawned":[2,6,13,16],"killed_by":"Gensokyo:Swordslinger","ascension_level":0}}