{"host":"roto7j7840a50pxh","time":1614051426,"event":{"mods":["Act Like it!","BaseMod","Better Altar","Better Note","Better Sensory Stone","Better Skull","Better Third Choice","BetterRewards","Colored Map","Colored Powertips","Downfall","Hermit","Highlight Path","Hubris","Infinite Spire","Minty Spire (QoL Compilation)","Replay The Spire","Robot Space Explorer","Shade Mod","Spicy Shops","StSLib","The Construct","The Cursed","The Dragon Tamer","The Hierophant","The Necromancer","The Runesmith","The Servant 0.9.4","TheVacant"],"gold_per_floor":[117,128,141,155,155,155,181,181,208,240,259,259,259,273,273,369,369,385,385,15,30,30,64,76,110,133,113,40,75,75,88,88,185,185,203,203,219,236,253,253,283,330,382,382,382,436,436,463,463,463],"floor_reached":51,"language":"ENG","playtime":3515,"items_purged":["Regret","Strike_W","Strike_W"],"score":1152,"play_id":"8d9d6707-4e96-4640-a3b4-4996dea4c964","local_time":"20210222223706","is_ascension_mode":true,"campfire_choices":[{"data":"Blood_for_Blood","floor":6,"key":"SMITH"},{"floor":8,"key":"REST"},{"data":"Cloudkill","floor":13,"key":"SMITH"},{"data":"Summon_Undead","floor":15,"key":"SMITH"},{"data":"Cloudkill","floor":30,"key":"SMITH"},{"data":"Blood_Wake","floor":32,"key":"SMITH"},{"data":"Siphon_Strength","floor":40,"key":"SMITH"},{"data":"ReplayUltimateDefense","floor":47,"key":"SMITH"},{"floor":49,"key":"REST"}],"circlet_count":0,"master_deck":["Defend_W","Defend_W","Defend_W","Defend_W","Negative_Energy_Arrows","Bone_Wall","Stop_Heart","Summon_Lich","Life_Tap","Negative_Energy_Burst","Cloudkill+1","Bone_Bullets","Cloudkill+1","Cloudkill+1","Bone_Armor","Spectral_Walk","Necrotic_Claws","Bone_Armory","Hellfire","Shackles_Of_Pain","Summon_Undead+1","Spectral_Armor","Blood_Wake+1","Whirlwind_of_Bones","Blood_for_Blood","Blood_for_Blood","Bone_Prison","Acid_Javelin+1","hubris:InfiniteBlow+900","Summon_Undead_Army+1","Plague_Bolt+1","Negative_Energy_Shield","Life_Tap","Siphon_Strength+1","Grasp_Heart","Blood_Is_Power+1","infinitespire:SevenWalls+1","Toxic_Smoke_Screen","Consume_Illness+1","Toxic_Smoke_Screen+1","Blood_Is_Power","Negative_Energy_Mist+1","ReplayUltimateDefense+1","Crow Ritual","ReplayTheSpireMod:Splinters","Toxic_Smoke_Screen","Negative_Energy_Shield+1","Vampiric_Strike+1"],"relics":["Vampire_Amulet","bronze:DonusWashers","Anchor","hubris:Towel","infinitespire:Bottled Soul","PreservedInsect","Pocketwatch","Empty Cage","hubris:EmptyBottle","Pet Ghost","sneckomod:BlankCard","infinitespire:Satchel","infinitespire:Lucky Rock","infinitespire:PuzzleCube","Toy Ornithopter","Ring of Chaos","Replay:Mystery Machine","Counterbalance","Replay:Rubber Ducky","Sundial","Gremlin Food"],"acts_visited":["Exordium","TheCity","TheBeyond"],"potions_floor_usage":[7,10,21,21,24,24,25,33,33,37,50],"damage_taken":[{"damage":0.0,"enemies":"2 Louse","floor":1.0,"turns":1.0},{"damage":6.0,"enemies":"Cultist","floor":2.0,"turns":4.0},{"damage":0.0,"enemies":"Jaw Worm","floor":3.0,"turns":3.0},{"damage":0,"enemies":"2 Fungi Beasts","floor":4,"turns":4},{"damage":30,"enemies":"Gremlin Nob","floor":7,"turns":4},{"damage":6,"enemies":"3 Sentries","floor":10,"turns":4},{"damage":6,"enemies":"Lots of Slimes","floor":11,"turns":3},{"damage":2,"enemies":"Large Slime","floor":14,"turns":4},{"damage":17,"enemies":"Hexaghost","floor":16,"turns":8},{"damage":14,"enemies":"Shell Parasite","floor":18,"turns":3},{"damage":5,"enemies":"Spheric Guardian","floor":21,"turns":4},{"damage":1,"enemies":"Replay:Snechameleon","floor":23,"turns":4},{"damage":0,"enemies":"Snake Plant","floor":24,"turns":2},{"damage":8,"enemies":"Nightmare","floor":25,"turns":4},{"damage":0,"enemies":"Gremlin Leader","floor":29,"turns":4},{"damage":2,"enemies":"Shelled Parasite and Fungi","floor":31,"turns":1},{"damage":0,"enemies":"Collector","floor":33,"turns":3},{"damage":0,"enemies":"3 Shapes","floor":35,"turns":4},{"damage":6,"enemies":"3 Darklings","floor":37,"turns":3},{"damage":0,"enemies":"Transient","floor":38,"turns":1},{"damage":2,"enemies":"4 Shapes","floor":39,"turns":3},{"damage":0,"enemies":"Reptomancer","floor":41,"turns":2},{"damage":3,"enemies":"2 Orb Walkers","floor":42,"turns":3},{"damage":28,"enemies":"R_Hoarder","floor":48,"turns":6},{"damage":4,"enemies":"Replay:Hell Engine","floor":50,"turns":5}],"seed_played":"-8718621263849945512","potions_obtained":[{"floor":1.0,"key":"Elixir"},{"floor":3.0,"key":"Weak Potion"},{"floor":4,"key":"Adrenaline Potion"},{"floor":7,"key":"Energy Potion"},{"floor":11,"key":"FearPotion"},{"floor":18,"key":"Energy Potion"},{"floor":19,"key":"Swift Potion"},{"floor":19,"key":"DistilledChaos"},{"floor":25,"key":"Elixir"},{"floor":27,"key":"Milkshake"},{"floor":31,"key":"ColorlessPotion"},{"floor":35,"key":"PowerPotion"},{"floor":38,"key":"EssenceOfSteel"}],"is_trial":false,"path_per_floor":["M","M","M","M","?","R","E","R","T","E","M","?","R","M","R","B",null,"M","?","$","M","AVR","E","M","NM","T","?","$","E","R","M","R","B",null,"M","?","M","M","M","R","E","?","T","?","?","?","R","E","R","B",null],"character_chosen":"NECROMANCER","items_purchased":["bronze:DonusWashers","Stop_Heart","Summon_Lich","Life_Tap","Negative_Energy_Burst","Cloudkill","Bone_Bullets","Blood_for_Blood","Cloudkill","Anchor","Blood_for_Blood","Bone_Prison","hubris:EmptyBottle","infinitespire:PuzzleCube"],"campfire_rested":2,"item_purchase_floors":[0,0,0,0,0,0,0,0,0,0,20,20,20,28],"current_hp_per_floor":[31,27,29,33,33,33,5,27,27,27,31,75,75,75,75,60,71,59,59,59,62,62,63,65,59,59,59,59,65,65,67,67,75,75,75,75,74,75,75,75,75,74,74,74,74,74,74,48,70,73],"gold":463,"neow_bonus":"","is_daily":false,"chose_seed":false,"campfire_upgraded":7,"win_rate":0.0,"timestamp":1614051426,"path_taken":["M","M","M","M","?","R","E","R","T","E","M","?","R","?","R","BOSS","M","?","$","?","AVR","E","M","NM","T","?","$","E","R","M","R","BOSS","M","?","?","?","M","R","E","?","T","?","?","?","R","E","R","BOSS"],"items_purchased_type":["Relic","Card","Card","Card","Card","Card","Card","Card","Card","Relic","Card","Card","Relic","Relic"],"build_version":"2020-12-22","purchased_purges":3,"victory":true,"max_hp_per_floor":[75,75,75,75,75,75,75,75,75,75,75,75,75,75,75,75,75,75,75,75,75,75,75,75,75,75,75,75,75,75,75,75,75,75,75,75,75,75,75,75,75,75,75,75,75,75,75,75,75,75],"card_choices":[{"not_picked":["Bone_Spikes","Uncharnel"],"picked":"Bone_Armor","floor":1.0},{"not_picked":["Blood_Whip","Bone_Shift"],"picked":"Spectral_Walk","floor":2.0},{"not_picked":["Negative_Energy_Shield","Summon_Death_Knight"],"picked":"Necrotic_Claws","floor":3.0},{"not_picked":["Blood_Shield","Bone_Spikes"],"picked":"Bone_Armory","floor":4},{"not_picked":["Bone_Shift","Chill_Blood"],"picked":"Hellfire","floor":7},{"not_picked":["Death_Coil","Shade_Step"],"picked":"Shackles_Of_Pain","floor":10},{"not_picked":["Bone_Prison","Chill_Blood"],"picked":"Summon_Undead","floor":11},{"not_picked":["Blood_Shield","Vampiric_Strike"],"picked":"Spectral_Armor","floor":14},{"not_picked":["Cloudkill","Negative_Energy_Bomb"],"picked":"Blood_Wake","floor":16},{"not_picked":["Bone_Armor","Chill_Blood+1"],"picked":"Whirlwind_of_Bones","floor":18},{"not_picked":["Spectral_Walk","Blood_Whip"],"picked":"Acid_Javelin+1","floor":21},{"not_picked":["Death_Coil","Life_Drain+1"],"picked":"Summon_Undead_Army+1","floor":23},{"not_picked":["Bone_Shift","Blood_Whip"],"picked":"Plague_Bolt+1","floor":24},{"not_picked":["Death_March_Dance+1","Blood_Whip"],"picked":"Negative_Energy_Shield","floor":25},{"not_picked":["Summon_Lich","Bone_Shift"],"picked":"Life_Tap","floor":29},{"not_picked":["Pandemic+1","Negative_Energy_Mist+1"],"picked":"Siphon_Strength","floor":31},{"not_picked":["Detonate_Bones","Blood_Wake"],"picked":"Grasp_Heart","floor":33},{"not_picked":["Exploit+1","Blood_Whip+1"],"picked":"Blood_Is_Power","floor":35},{"not_picked":["Bone_Armor","Consume_Illness"],"picked":"Toxic_Smoke_Screen","floor":37},{"not_picked":["Necromantic_Selection","Summon_Lich"],"picked":"Consume_Illness+1","floor":38},{"not_picked":["Negative_Energy_Mist+1","Bone_Armor+1"],"picked":"Toxic_Smoke_Screen+1","floor":39},{"not_picked":["Negative_Energy_Javelin","Blood_Magic"],"picked":"Blood_Is_Power","floor":41},{"not_picked":["Bone_Spikes+1","Blood_Whip"],"picked":"Negative_Energy_Mist+1","floor":42},{"not_picked":["Replay:Sssssssssshield","The Bomb"],"picked":"ReplayUltimateDefense","floor":45},{"not_picked":["Replay:Sssssssssstrike","Replay:Parry"],"picked":"Crow Ritual","floor":45},{"not_picked":["Bone_Spikes+1","Blood_for_Blood"],"picked":"Toxic_Smoke_Screen","floor":46},{"not_picked":["Bone_Shift+1","Bone_Armory+1"],"picked":"Negative_Energy_Shield+1","floor":46},{"not_picked":["Negative_Energy_Sphere+1","Bone_Spikes+1"],"picked":"Vampiric_Strike+1","floor":48}],"player_experience":1999823,"relics_obtained":[{"floor":7,"key":"infinitespire:Bottled Soul"},{"floor":9,"key":"PreservedInsect"},{"floor":10,"key":"Pocketwatch"},{"floor":23,"key":"sneckomod:BlankCard"},{"floor":25,"key":"infinitespire:Satchel"},{"floor":26,"key":"infinitespire:Lucky Rock"},{"floor":29,"key":"Toy Ornithopter"},{"floor":41,"key":"Replay:Mystery Machine"},{"floor":42,"key":"Counterbalance"},{"floor":43,"key":"Replay:Rubber Ducky"},{"floor":46,"key":"Sundial"},{"floor":48,"key":"Gremlin Food"}],"event_choices":[{"cards_removed":["Blood_for_Blood"],"damage_healed":44,"gold_gain":0,"player_choice":"Offered Uncommon","damage_taken":0,"max_hp_gain":0,"max_hp_loss":0,"event_name":"Bonfire Elementals","floor":12,"gold_loss":0},{"damage_healed":0,"gold_gain":0,"player_choice":"Got Potions","damage_taken":0,"max_hp_gain":0,"max_hp_loss":0,"event_name":"Lab","floor":19,"gold_loss":0},{"damage_healed":0,"gold_gain":0,"player_choice":"Bought 1 Potion","damage_taken":0,"max_hp_gain":0,"max_hp_loss":0,"event_name":"The Woman in Blue","floor":27,"gold_loss":0},{"cards_removed":["Siphon_Strength"],"damage_healed":0,"gold_gain":0,"player_choice":"Take \u0026 Give","damage_taken":0,"max_hp_gain":0,"max_hp_loss":0,"event_name":"betterNote:BetterNote","floor":36,"gold_loss":0,"cards_obtained":["infinitespire:SevenWalls"]},{"damage_healed":0,"gold_gain":0,"player_choice":"Fight","damage_taken":0,"max_hp_gain":0,"max_hp_loss":0,"event_name":"Mysterious Sphere","floor":42,"gold_loss":0},{"damage_healed":0,"gold_gain":3,"player_choice":"1","damage_taken":0,"max_hp_gain":0,"max_hp_loss":0,"event_name":"betterStone:BetterStone","floor":45,"gold_loss":0}],"is_beta":false,"boss_relics":[{"not_picked":["hubris:Stopwatch","Runic Pyramid"],"picked":"Empty Cage"},{"not_picked":["Sozu","Kintsugi"],"picked":"Ring of Chaos"}],"items_purged_floors":[0,20,22],"is_endless":false,"potions_floor_spawned":[1,3,4,7,11,18,25,31,35,38,42],"ascension_level":6}}