{"host":"8lno9xwgef3sjccz","time":1614118284,"event":{"mods":["AchievementEnabler","BaseMod","Minty Spire (QoL Compilation)","Relic Stats","StSLib"],"gold_per_floor":[110,129,129,148,161,161,189,199,199,199,232,250,250,268,268,268,268],"floor_reached":16,"language":"ENG","playtime":423,"items_purged":[],"score":120,"play_id":"4937ae83-2d7a-43d9-86d0-f3d9af334fef","local_time":"20210223171124","is_ascension_mode":true,"campfire_choices":[{"data":"Fire Breathing","floor":6,"key":"SMITH"},{"floor":10,"key":"REST"},{"floor":13,"key":"REST"},{"data":"Rampage","floor":15,"key":"SMITH"}],"circlet_count":0,"master_deck":["Strike_R","Strike_R","Strike_R+1","Strike_R","Strike_R","Defend_R","Defend_R","Defend_R","Defend_R","Bash+1","Bludgeon","Anger","Dual Wield","Fire Breathing+1","Armaments","Rampage+1","Pommel Strike"],"relics":["Burning Blood","Ancient Tea Set","Singing Bowl","Juzu Bracelet"],"acts_visited":["Exordium"],"potions_floor_usage":[7],"damage_taken":[{"damage":11,"enemies":"Jaw Worm","floor":1,"turns":2},{"damage":5,"enemies":"Small Slimes","floor":2,"turns":2},{"damage":7,"enemies":"2 Louse","floor":4,"turns":2},{"damage":16,"enemies":"Large Slime","floor":5,"turns":4},{"damage":26,"enemies":"Lagavulin","floor":7,"turns":5},{"damage":13,"enemies":"2 Fungi Beasts","floor":8,"turns":3},{"damage":27,"enemies":"Gremlin Nob","floor":11,"turns":4},{"damage":14,"enemies":"Blue Slaver","floor":12,"turns":4},{"damage":15,"enemies":"Exordium Thugs","floor":14,"turns":4},{"damage":35,"enemies":"Slime Boss","floor":16,"turns":3}],"seed_played":"610618178105119112","potions_obtained":[{"floor":2,"key":"DistilledChaos"},{"floor":4,"key":"Weak Potion"},{"floor":7,"key":"Block Potion"},{"floor":11,"key":"SkillPotion"}],"is_trial":false,"path_per_floor":["M","M","?","M","M","R","E","M","T","R","E","M","R","M","R","B"],"character_chosen":"IRONCLAD","items_purchased":[],"campfire_rested":2,"item_purchase_floors":[],"current_hp_per_floor":[67,68,54,53,43,43,23,16,16,37,18,10,32,25,25,0,0],"gold":268,"neow_bonus":"THREE_RARE_CARDS","is_daily":false,"chose_seed":false,"campfire_upgraded":2,"win_rate":0.0,"timestamp":1614118284,"path_taken":["M","M","?","M","M","R","E","M","T","R","E","M","R","M","R","BOSS"],"items_purchased_type":[],"build_version":"2020-12-22","purchased_purges":0,"victory":false,"max_hp_per_floor":[72,72,72,72,72,72,72,72,72,72,74,74,74,76,76,76,76],"relic_stats":{"Singing Bowl":4,"counters":[10,33],"Juzu Bracelet":0,"obtain_stats":[{"Singing Bowl":9,"Juzu Bracelet":11,"Ancient Tea Set":7,"Burning Blood":0},{"Singing Bowl":6,"Juzu Bracelet":7,"Ancient Tea Set":5,"Burning Blood":0},{"Singing Bowl":18,"Juzu Bracelet":22,"Ancient Tea Set":15,"Burning Blood":0}],"Burning Blood":54},"card_choices":[{"not_picked":["Impervious","Corruption"],"picked":"Bludgeon","floor":0},{"not_picked":["Heavy Blade","Dropkick"],"picked":"Anger","floor":1},{"not_picked":["Rage","Heavy Blade","Headbutt"],"picked":"SKIP","floor":2},{"not_picked":["Armaments","Feel No Pain"],"picked":"Dual Wield","floor":4},{"not_picked":["Wild Strike","Whirlwind"],"picked":"Fire Breathing","floor":5},{"not_picked":["Shrug It Off","Sword Boomerang"],"picked":"Armaments","floor":7},{"not_picked":["Barricade","Iron Wave"],"picked":"Rampage","floor":8},{"not_picked":["Pommel Strike","Havoc","Reckless Charge"],"picked":"Singing Bowl","floor":11},{"not_picked":["Clothesline","Havoc"],"picked":"Pommel Strike","floor":12},{"not_picked":["Armaments","Thunderclap","Pommel Strike"],"picked":"Singing Bowl","floor":14}],"player_experience":142051,"relics_obtained":[{"floor":7,"key":"Ancient Tea Set"},{"floor":9,"key":"Singing Bowl"},{"floor":11,"key":"Juzu Bracelet"}],"event_choices":[{"damage_healed":0,"gold_gain":0,"player_choice":"Entered Light","damage_taken":14,"max_hp_gain":0,"max_hp_loss":0,"event_name":"Shining Light","floor":3,"gold_loss":0,"cards_upgraded":["Strike_R","Bash"]}],"is_beta":false,"boss_relics":[],"items_purged_floors":[],"is_endless":false,"potions_floor_spawned":[2,4,7,11],"killed_by":"Slime Boss","ascension_level":1}}