{"host":"zcqxp6x6rw0ud13y","time":1614113300,"event":{"mods":["Aspiration","Bard","BaseMod","Beaked The Cultist","Bestiary","Better Altar","Better Match","Better Note","Better Sensory Stone","Better Skull","Better Third Choice","ChefMod","Colored Map","Colored Powertips","Conspire","Downfall","Energized Spire","Friendly Minions","Gremlin Mod","Highlight Path","Hubris","Infinite Spire","Minty Spire (QoL Compilation)","Random Character Button","Rare Cards Sparkle","Reliquary","Replay The Spire","SIMod","Slumbering Mod","Spicy Shops","StSLib","The Blue Laboratory","The Disciple","The Dragon Tamer","The Gatherer","The Hierophant","The Runesmith","The Showman","The Spell Scribe","The Trickster","The Valiant","TheBandit","Trackpad","Wandering Minibosses"],"gold_per_floor":[112,112,125,50,50,85,103,103,149,149,115,135,135,142,142,259,259,291,0,32,62,62,62,90,122,146,146,175,175,175,202,202,319,319,331,353,353,380,401,401,401],"floor_reached":40,"language":"ENG","playtime":6949,"items_purged":["hierophant:Strike_Hierophant","hierophant:Strike_Hierophant"],"score":470,"play_id":"7d7ac86e-4c5c-4912-8896-3e0507615f50","local_time":"20210223214820","is_ascension_mode":false,"campfire_choices":[{"data":"hierophant:RepressedViolence","floor":8,"key":"SMITH"},{"data":"hierophant:Repentance","floor":10,"key":"SMITH"},{"data":"hierophant:Doubloon","floor":15,"key":"SMITH"},{"data":"hubris:InfiniteBlow","floor":23,"key":"SMITH"},{"data":"hubris:InfiniteBlow+1","floor":27,"key":"SMITH"},{"data":"hubris:InfiniteBlow+2","floor":30,"key":"SMITH"},{"data":"hubris:InfiniteBlow+3","floor":32,"key":"SMITH"}],"circlet_count":0,"master_deck":["hierophant:Strike_Hierophant+1","hierophant:Punish","hierophant:Defend_Hierophant","hierophant:Defend_Hierophant","hierophant:Defend_Hierophant","hierophant:ChurchCoffers","hierophant:RepressedViolence+1","hierophant:OrnateBuckler+1","hierophant:Repentance+1","hierophant:Invocation","hierophant:FieryStrike","hierophant:SealAway","hierophant:Doubloon+1","hierophant:DivineIntervention","hierophant:Repentance","hubris:InfiniteBlow+4","hierophant:TollTheBells","hierophant:PassingBell+1","hubris:InfiniteBlow+4"],"relics":["hierophant:PropheticMaskRelic","NeowsBlessing","aspiration:Lifesprig","reliquary:RosewoodLute","reliquary:Spinner","infinitespire:Joker Card","Incense Burner","Coffee Dripper","Replay:Ringing Soul","Chameleon Ring","Regal Pillow","Empty Cage"],"acts_visited":["Exordium","TheCity","TheBeyond"],"potions_floor_usage":[33,33,39],"damage_taken":[{"damage":0,"enemies":"Jaw Worm","floor":1,"turns":1},{"damage":0,"enemies":"Small Slimes","floor":3,"turns":1},{"damage":0,"enemies":"Gremlin Nob","floor":6,"turns":1},{"damage":0,"enemies":"theSlumbering:NewCultist","floor":7,"turns":4},{"damage":8,"enemies":"Exordium Thugs","floor":11,"turns":5},{"damage":2,"enemies":"3 Sentries","floor":12,"turns":7},{"damage":6,"enemies":"Red Slaver","floor":14,"turns":3},{"damage":20,"enemies":"The Guardian","floor":16,"turns":12},{"damage":4,"enemies":"3 Byrds","floor":18,"turns":3},{"damage":3,"enemies":"conspire:FuzzyDice","floor":20,"turns":3},{"damage":20,"enemies":"Snake Plant","floor":21,"turns":4},{"damage":22,"enemies":"Slavers","floor":24,"turns":4},{"damage":0,"enemies":"Snecko","floor":25,"turns":3},{"damage":8,"enemies":"Sentry and Sphere","floor":28,"turns":5},{"damage":0,"enemies":"Dream Cultist and Chosen","floor":31,"turns":4},{"damage":2,"enemies":"Champ","floor":33,"turns":9},{"damage":5,"enemies":"Orb Walker","floor":35,"turns":3},{"damage":12,"enemies":"3 Shapes","floor":36,"turns":5},{"damage":1,"enemies":"3 Darklings","floor":38,"turns":3},{"damage":45,"enemies":"Spire Growth","floor":39,"turns":4},{"damage":40,"enemies":"Nightmare","floor":40,"turns":3}],"seed_played":"-6297701593949741040","potions_obtained":[{"floor":1,"key":"blueLaboratory:NullPotion"},{"floor":7,"key":"blueLaboratory:FruitPunch"},{"floor":12,"key":"Energy Potion"},{"floor":20,"key":"GamblersBrew"},{"floor":24,"key":"blueLaboratory:BottleOfVodka"},{"floor":28,"key":"champ:CounterPotion"},{"floor":33,"key":"SteroidPotion"},{"floor":38,"key":"blueLaboratory:NullPotion"}],"is_trial":false,"path_per_floor":["M","?","M","$","?","E","M","R","T","R","M","E","?","M","R","B",null,"M","$","M","M","AVR","R","E","M","T","R","M","?","R","M","R","B",null,"M","M","?","M","M","NM"],"character_chosen":"HIEROPHANT","items_purchased":["Replay:Ringing Soul","hierophant:Repentance"],"campfire_rested":0,"item_purchase_floors":[19,19],"current_hp_per_floor":[75,68,68,68,53,53,53,53,53,53,45,43,43,37,37,17,75,71,74,71,51,54,54,32,32,32,32,27,35,35,38,38,39,90,85,73,76,75,30,0,0],"gold":401,"neow_bonus":"THREE_ENEMY_KILL","is_daily":false,"chose_seed":false,"campfire_upgraded":7,"win_rate":0.0,"timestamp":1614113300,"path_taken":["M","?","M","$","?","E","M","R","T","R","M","E","?","?","R","BOSS","M","?","M","M","AVR","R","E","M","T","R","?","?","R","M","R","BOSS","M","?","?","?","M","NM"],"items_purchased_type":["Relic","Card"],"build_version":"2020-12-22","purchased_purges":2,"victory":false,"max_hp_per_floor":[75,75,75,75,75,75,75,75,75,75,75,75,75,75,75,75,75,75,78,78,78,81,81,81,81,81,81,84,84,84,87,87,90,90,90,90,93,93,93,93,93],"card_choices":[{"not_picked":["hierophant:Blessing","hierophant:CursedGold"],"picked":"hierophant:RepressedViolence","floor":1},{"not_picked":["hierophant:FieryStrike","hierophant:ConvertCurrency"],"picked":"hierophant:OrnateBuckler","floor":3},{"not_picked":["hierophant:SolarFlare","hierophant:Alms"],"picked":"hierophant:Repentance","floor":6},{"not_picked":["hierophant:Encroach","hierophant:PassingBell"],"picked":"hierophant:Invocation","floor":7},{"not_picked":["hierophant:SealAway","hierophant:RepressedViolence"],"picked":"hierophant:FieryStrike","floor":11},{"not_picked":["hierophant:FlamingChariot","hierophant:MintersHammer"],"picked":"hierophant:SealAway","floor":12},{"not_picked":["hierophant:AuricBeam","hierophant:Patience"],"picked":"hierophant:Doubloon","floor":14},{"not_picked":["hierophant:Invocation","hierophant:Batter"],"picked":"hierophant:DivineIntervention","floor":16},{"not_picked":["hierophant:ConvertCurrency","hierophant:OrnateBuckler","hierophant:MorningPrayer"],"picked":"SKIP","floor":18},{"not_picked":["hierophant:Purify+1","hierophant:Doubloon+1","hierophant:Remorse"],"picked":"SKIP","floor":20},{"not_picked":["hierophant:CursedGold","hierophant:Doubloon","hierophant:OrnateJavelin"],"picked":"SKIP","floor":21},{"not_picked":["hierophant:FieryStrike","hierophant:FaithHealing+1","hierophant:Zeal+1"],"picked":"SKIP","floor":24},{"not_picked":["hierophant:AuricBeam","hierophant:RepressedViolence","hierophant:OrnateBuckler+1"],"picked":"SKIP","floor":25},{"not_picked":["hierophant:Chorus","hierophant:Purify+1"],"picked":"hierophant:TollTheBells","floor":28},{"not_picked":["hierophant:Shelter","hierophant:Endure"],"picked":"hierophant:PassingBell+1","floor":31},{"not_picked":["hierophant:Purify","hierophant:FieryStrike","hierophant:TollTheBells"],"picked":"SKIP","floor":35},{"not_picked":["hierophant:Shelter+1","hierophant:FieryStrike","hierophant:ConvertCurrency"],"picked":"SKIP","floor":36},{"not_picked":["hierophant:HammerAndAnvil+1","hierophant:OrnateBuckler","hierophant:ArchangelShield+1"],"picked":"SKIP","floor":38},{"not_picked":["hierophant:OrnateBuckler","hierophant:HammerAndAnvil+1","hierophant:Remorse+1"],"picked":"SKIP","floor":39}],"player_experience":98570,"relics_obtained":[{"floor":6,"key":"reliquary:RosewoodLute"},{"floor":9,"key":"reliquary:Spinner"},{"floor":12,"key":"infinitespire:Joker Card"},{"floor":24,"key":"Chameleon Ring"},{"floor":26,"key":"Regal Pillow"}],"event_choices":[{"damage_healed":0,"gold_gain":0,"player_choice":"Relic ","damage_taken":7,"max_hp_gain":0,"max_hp_loss":0,"event_name":"betterThird:BetterScrap","floor":2,"gold_loss":0,"cards_obtained":["Brutality"]},{"damage_healed":68,"gold_gain":0,"player_choice":"Upgrade","damage_taken":15,"max_hp_gain":0,"max_hp_loss":75,"event_name":"betterThird:BetterShining","floor":5,"gold_loss":0,"cards_upgraded":["hierophant:Strike_Hierophant","hierophant:OrnateBuckler"]},{"damage_healed":0,"gold_gain":0,"player_choice":"Gave Potion","damage_taken":0,"relics_obtained":["Incense Burner"],"max_hp_gain":0,"max_hp_loss":0,"event_name":"WeMeetAgain","floor":13,"gold_loss":0},{"damage_healed":0,"gold_gain":0,"player_choice":"Copied","damage_taken":0,"max_hp_gain":0,"max_hp_loss":0,"event_name":"Duplicator","floor":37,"gold_loss":0,"cards_obtained":["hubris:InfiniteBlow"]}],"is_beta":false,"boss_relics":[{"not_picked":["energizedSpire:RedRose","Fusion Hammer"],"picked":"Coffee Dripper"},{"not_picked":["conspire:RunicOctahedron","Replay:Drink Me"],"picked":"Empty Cage"}],"items_purged_floors":[4,19],"is_endless":false,"potions_floor_spawned":[1,7,12,20,24,28,31,33,36,38],"killed_by":"Nightmare","ascension_level":0}}