{"host":"rdkn868dy8jmb7gs","time":1614074928,"event":{"mods":["Act Like it!","Arknights","BaseMod","BetterRewards","Colored Map","Colored Powertips","Custom Start","Gensokyo","Hubris","Marisa£®ÏF”Í°°ƒß¿Ì…≥£©","Minty Spire (QoL Compilation)","Reimu£®≤©¿ˆ¡È√Œ£©","Remilia£®¿Ÿ√◊¿Ú—«£©","Replay The Spire","Spicy Shops","StSLib","The Servant 0.9.4","Youmu£®ªÍ∆«—˝√Œ£©","°æ“≈ŒÔø®≈∆°øREMEMod","ÛÙª÷∏ƒœ"],"gold_per_floor":[112,112,129,142,41,73,90,115,115,125,138,158,184,196,196,271,271,282,295,295,295,312,344,344,52,106,131,145,145,145,296,296,375,375,391,391,406,406,418,453,453,487,487,522,537,548,673,683,683,683,683,683,73,161,215],"floor_reached":56,"language":"ZHS","playtime":2944,"items_purged":["Injury","ats:Strike V","ats:Strike S"],"score":2927,"play_id":"5bd6bc6e-1562-4a63-ba05-9697b3c79075","local_time":"20210223180848","is_ascension_mode":true,"campfire_choices":[{"data":"ReplayTheSpireMod:Brewmster","floor":15.0,"key":"SMITH"},{"data":"ats:Flexible Camouflage","floor":24.0,"key":"SMITH"},{"data":"Night Terror","floor":30.0,"key":"SMITH"},{"data":"ats:Shadow Assault","floor":32.0,"key":"SMITH"},{"data":"Gensokyo:UnhurriedMind","floor":41.0,"key":"SMITH"},{"floor":49.0,"key":"RECALL"},{"data":"ats:Literary Storm","floor":52.0,"key":"SMITH"}],"circlet_count":0,"master_deck":["AscendersBane","ats:Armor Crushing Shot","ats:Defend","ats:Defend","ats:Defend","ats:Emotion Absorption","REME_MawOfCthun","ats:Charging Defense","ats:Demon Strength","ats:Red Shift+1","ats:Mental Burst","ats:Curse Doll+1","ReplayTheSpireMod:Brewmster+1","ats:Apocalypse","ats:Overload","ats:Thorns","ats:Flexible Camouflage+1","ats:Phantom+1","ats:Blood Oath","ats:Calcification","ats:Calcification+1","ats:True Silver Slash","ats:Healing Strengthening","ats:Wolf Pack","ats:Nebulous Foxfire+1","ats:Beaten Up","ats:Revitalization","Night Terror+1","ats:Shadow Assault+1","ats:Durian","Gensokyo:UnhurriedMind+1","ats:Beaten Up+1","ats:Wolf Pack","ats:Literary Storm+1","ats:Sashimi Platter+1"],"relics":["ats:Sanity","REME_ComplimentaryCards","Incense Burner","Omamori","Lizard Tail","Potion Belt","TentaclePot:ReiMu","Blue Doll","hubris:EmptyBottle","Mastiff:ReiMu","Bronze Scales","ats:Bonebreaker","ats:Originium","hubris:DeckOfHolding","FossilizedHelix","ats:Remnant Ash","Runic Dome","Gremlin Food","Guide Book","ats:Hidden Killer","REME_HandOfSuture","hubris:RunicObelisk","hubris:Icosahedron","Bag of Preparation","Happy Flower","ats:Berate","ats:Rhine Circuitry","White Beast Statue","REME_ArchaeologicalTools","hubris:TinFlute","Replay:Multitool"],"acts_visited":[],"potions_floor_usage":[55,55,55,55,55,55,55,55,55,55],"damage_taken":[{"damage":14.0,"enemies":"Gensokyo:Python","floor":1.0,"turns":6.0},{"damage":0.0,"enemies":"Gensokyo:2_Kodama","floor":3.0,"turns":3.0},{"damage":1.0,"enemies":"Gensokyo:3_Fairies","floor":4.0,"turns":8.0},{"damage":0.0,"enemies":"Gensokyo:Mamizou","floor":6.0,"turns":5.0},{"damage":5.0,"enemies":"Gensokyo:Gryphon_and_Rabbit","floor":7.0,"turns":4.0},{"damage":25.0,"enemies":"Gensokyo:Aya","floor":8.0,"turns":6.0},{"damage":9.0,"enemies":"Gensokyo:2_Rabbits","floor":10.0,"turns":4.0},{"damage":0.0,"enemies":"Gensokyo:VengefulSpirit","floor":11.0,"turns":4.0},{"damage":4.0,"enemies":"Gensokyo:Gryphon_and_Rabbit","floor":12.0,"turns":4.0},{"damage":0.0,"enemies":"Gensokyo:Mamizou","floor":13.0,"turns":6.0},{"damage":0.0,"enemies":"Gensokyo:LivingMonolith","floor":14.0,"turns":2.0},{"damage":8.0,"enemies":"Gensokyo:Kokoro","floor":16.0,"turns":4.0},{"damage":0.0,"enemies":"Gensokyo:CosmicMonolith","floor":18.0,"turns":2.0},{"damage":1.0,"enemies":"Gensokyo:AngelMirror","floor":19.0,"turns":4.0},{"damage":23.0,"enemies":"Gensokyo:Chomper_and_Gloop","floor":22.0,"turns":5.0},{"damage":6.0,"enemies":"Gensokyo:Reisen","floor":23.0,"turns":6.0},{"damage":0.0,"enemies":"Gensokyo:Koishi","floor":27.0,"turns":4.0},{"damage":0.0,"enemies":"Gensokyo:Wraith","floor":28.0,"turns":2.0},{"damage":59.0,"enemies":"Gensokyo:Tenshi","floor":31.0,"turns":4.0},{"damage":46.0,"enemies":"Gensokyo:Eternal_Rivals","floor":33.0,"turns":12.0},{"damage":0.0,"enemies":"Gensokyo:3_Boulders","floor":35.0,"turns":5.0},{"damage":9.0,"enemies":"Gensokyo:3_Bats","floor":37.0,"turns":3.0},{"damage":38.0,"enemies":"Gensokyo:Rafflesia","floor":39.0,"turns":6.0},{"damage":26.0,"enemies":"Gensokyo:Doremy","floor":40.0,"turns":6.0},{"damage":5.0,"enemies":"Gensokyo:Kasen","floor":42.0,"turns":7.0},{"damage":5.0,"enemies":"Gensokyo:Marisa","floor":44.0,"turns":7.0},{"damage":12.0,"enemies":"Gensokyo:Dusk_and_Dawn","floor":45.0,"turns":4.0},{"damage":4.0,"enemies":"Gensokyo:Sharpion","floor":46.0,"turns":5.0},{"damage":35.0,"enemies":"Gensokyo:Doremy","floor":47.0,"turns":4.0},{"damage":0.0,"enemies":"Gensokyo:AtlasGolem","floor":48.0,"turns":3.0},{"damage":8.0,"enemies":"Gensokyo:Yuyuko","floor":50.0,"turns":8.0},{"damage":4,"enemies":"Shield and Spear","floor":54,"turns":2},{"damage":24,"enemies":"The Heart","floor":55,"turns":6}],"seed_played":"-3986329200761759184","potions_obtained":[{"floor":1.0,"key":"SteroidPotion"},{"floor":8.0,"key":"BlessingOfTheForge"},{"floor":10.0,"key":"FearPotion"},{"floor":11.0,"key":"ats:Burn Big Potion"},{"floor":13.0,"key":"GrandPatriotsElixir:ReiMu"},{"floor":19.0,"key":"AttackPotion"},{"floor":22.0,"key":"Fire Potion"},{"floor":27.0,"key":"Toxic Potion"},{"floor":28.0,"key":"REME_GoldPotion"},{"floor":42.0,"key":"Reflective Coating"},{"floor":44.0,"key":"SneckoOil"},{"floor":47.0,"key":"Swift Potion"},{"floor":48.0,"key":"LifebloodPotion"},{"floor":54,"key":"Adrenaline Potion"}],"is_trial":false,"path_per_floor":["M","?","M","M","$","E","M","E","T","M","M","M","E","M","R","B",null,"M","M","?","?","M","E","R","$","T","E","M","?","R","E","R","B",null,"M","?","M","?","M","E","R","E","T","E","M","M","E","M","R","B",null,"R","$","E","B",null],"character_chosen":"DOCTOR_CLASS","items_purchased":["Incense Burner","REME_MawOfCthun","ats:Charging Defense","Omamori","ats:Demon Strength","ats:Red Shift+1","ats:Mental Burst","Lizard Tail","Potion Belt","TentaclePot:ReiMu","ats:Curse Doll+1","Blue Doll","hubris:EmptyBottle","Mastiff:ReiMu","Bronze Scales","ReplayTheSpireMod:Brewmster","ats:Apocalypse","ats:Bonebreaker","ats:Overload","ats:Calcification","Guide Book","ats:Revitalization","REME_ArchaeologicalTools","hubris:TinFlute","ats:Sashimi Platter+1"],"campfire_rested":0,"item_purchase_floors":[0,0,0,0,0,0,0,0,0,0,0,0,0,0,0,0,0,0,0,5,25,25,53,53,53],"current_hp_per_floor":[13,13,13,25,25,40,51,43,43,42,51,55,63,67,67,64,70,72,72,72,72,55,71,71,71,71,72,72,63,63,48,48,55,68,72,72,69,69,62,70,70,67,67,67,63,68,52,72,72,72,72,72,72,72,69],"gold":215,"neow_bonus":"","is_daily":false,"chose_seed":false,"campfire_upgraded":6,"win_rate":0.0,"timestamp":1614074928,"path_taken":["M","?","?","M","?","E","M","E","T","M","M","M","E","M","R","BOSS","M","M","?","?","?","E","R","$","T","E","M","?","R","E","R","BOSS","M","?","M","?","M","E","R","E","T","E","M","M","E","M","R","BOSS","R","$","E","BOSS"],"items_purchased_type":["Relic","Card","Card","Relic","Card","Card","Card","Relic","Relic","Relic","Card","Relic","Relic","Relic","Relic","Card","Card","Relic","Card","Card","Relic","Card","Relic","Relic","Card"],"build_version":"2020-12-22","purchased_purges":3,"victory":true,"max_hp_per_floor":[72,72,72,72,72,72,72,72,72,72,72,72,72,72,72,72,72,72,72,72,72,72,72,72,72,72,72,72,72,72,72,72,72,72,72,72,72,72,72,72,72,72,72,72,72,72,72,72,72,72,72,72,72,72,72],"card_choices":[{"not_picked":["ats:Absolute Focus","ats:Sword Rain"],"picked":"ats:Flexible Camouflage","floor":1.0},{"not_picked":["ats:Curse Doll","ats:Hammer On"],"picked":"ats:Revitalization","floor":3.0},{"not_picked":["ats:Encircling Forest","ats:Poison Spread"],"picked":"ats:Blood Oath","floor":4.0},{"not_picked":["ats:Very Hot Blade","ats:Consecutive Shot Auto","ats:Defend Order"],"picked":"SKIP","floor":6.0},{"not_picked":["ats:Shell Defense","ats:Hammer On","ats:Ignite"],"picked":"SKIP","floor":7.0},{"not_picked":["ats:Absolute Focus","ats:Shell Defense","ats:Flame Of Heaven"],"picked":"SKIP","floor":8.0},{"not_picked":["ats:Blood Oath","ats:Guardian Obelisk"],"picked":"ats:True Silver Slash","floor":10.0},{"not_picked":["ats:Apocalypse","ats:Cat Scratch"],"picked":"ats:Healing Strengthening","floor":11.0},{"not_picked":["ats:Poison Spread","ats:Assault Order","ats:Encircling Forest"],"picked":"SKIP","floor":12.0},{"not_picked":["ats:Closed Bolt Burst Fire","ats:Assault Order"],"picked":"ats:Wolf Pack","floor":13.0},{"not_picked":["ats:Hammer On","ats:Guard Mode","ats:Powerful Strike"],"picked":"SKIP","floor":14.0},{"not_picked":["ats:Wolf Pack","ats:Roar Of Ursus"],"picked":"ats:Nebulous Foxfire","floor":16.0},{"not_picked":["ats:Cat Scratch+1","ats:Defend Order","ats:Blood Oath"],"picked":"SKIP","floor":18.0},{"not_picked":["ats:Flexible Camouflage+1","ats:Explosion Area Strengthen","ats:Guard Mode"],"picked":"SKIP","floor":19.0},{"not_picked":["ats:Collapsing Strike","ats:Rapid Magazine","ats:Nebulous Foxfire"],"picked":"SKIP","floor":22.0},{"not_picked":["ats:Encircling Forest","ats:Guard Mode","ats:Very Hot Blade"],"picked":"SKIP","floor":23.0},{"not_picked":["ats:Cat Scratch","ats:Demon Strength","ats:Consecutive Shot Auto"],"picked":"SKIP","floor":27.0},{"not_picked":["ats:Hammer On","ats:Leaping Hammer","ats:Collapsing Strike"],"picked":"SKIP","floor":28.0},{"not_picked":["ats:Apocalypse","ats:Cat Scratch"],"picked":"ats:Shadow Assault","floor":31.0},{"not_picked":["ats:True Silver Slash","ats:Fractured Body"],"picked":"ats:Durian","floor":33.0},{"not_picked":["ats:Demon Strength+1","ats:Consecutive Shot Auto","ats:Red Shift"],"picked":"SKIP","floor":35.0},{"not_picked":["ats:Explosion Area Strengthen","ats:Collapsing Strike","ats:Consecutive Shot Auto"],"picked":"SKIP","floor":37.0},{"not_picked":["Gensokyo:BrilliantDragonBullet","Gensokyo:SalamanderShield"],"picked":"Gensokyo:UnhurriedMind","floor":38.0},{"not_picked":["ats:Poison Spread","ats:Flexible Camouflage","ats:Blood Oath"],"picked":"SKIP","floor":39.0},{"not_picked":["ats:Song Of Battle","ats:Apocalypse"],"picked":"ats:Beaten Up+1","floor":40.0},{"not_picked":["ats:Phantom","ats:Burning Ground","ats:Very Hot Blade+1"],"picked":"SKIP","floor":42.0},{"not_picked":["ats:Apocalypse","ats:Leaping Hammer"],"picked":"ats:Wolf Pack","floor":44.0},{"not_picked":["ats:Flexible Camouflage","ats:Consecutive Shot Auto","ats:Poison Spread+1"],"picked":"SKIP","floor":45.0},{"not_picked":["ats:Ignite","ats:Apocalypse","ats:Curse Doll+1"],"picked":"SKIP","floor":46.0},{"not_picked":["ats:Revitalization","ats:Defend Order"],"picked":"ats:Literary Storm","floor":47.0},{"not_picked":["ats:Nebulous Foxfire","ats:Explosion Area Strengthen+1","ats:Blood Oath"],"picked":"SKIP","floor":48.0},{"not_picked":["ats:Hammer On","ats:Charging Defense","ats:Cat Scratch+1"],"picked":"SKIP","floor":54}],"player_experience":509530,"relics_obtained":[{"floor":6.0,"key":"ats:Originium"},{"floor":6.0,"key":"hubris:DeckOfHolding"},{"floor":8.0,"key":"ats:Originium"},{"floor":8.0,"key":"REME_HourglassOfDeath"},{"floor":9.0,"key":"FossilizedHelix"},{"floor":13.0,"key":"ats:Originium"},{"floor":13.0,"key":"ats:Remnant Ash"},{"floor":23.0,"key":"ats:Originium"},{"floor":23.0,"key":"Gremlin Food"},{"floor":27.0,"key":"ats:Hidden Killer"},{"floor":31.0,"key":"REME_HandOfSuture"},{"floor":40.0,"key":"Bag of Preparation"},{"floor":42.0,"key":"Happy Flower"},{"floor":43.0,"key":"ats:Berate"},{"floor":44.0,"key":"ats:Rhine Circuitry"},{"floor":47.0,"key":"White Beast Statue"},{"floor":54,"key":"Replay:Multitool"}],"event_choices":[],"is_beta":false,"boss_relics":[{"not_picked":["Snecko Eye","Velvet Choker"],"picked":"Runic Dome"},{"not_picked":["Honey Jar","Cursed Key"],"picked":"hubris:RunicObelisk"}],"items_purged_floors":[0,0,0],"is_endless":false,"potions_floor_spawned":[1,8,10,11,13,16,19,22,27,28,40,42,44,47,48,54],"ascension_level":17}}