{"host":"kejh1c9c53env2nx","time":1614087705,"event":{"mods":["BaseMod","Downfall","Minty Spire (QoL Compilation)","StSLib"],"gold_per_floor":[117,133,133,63,74,74,92,92,92,92,105,125,125,153,153,255,255,273,372,77,77,94,106,106,122,122,154,173,192,192,48,48,148,148,158,208,208,256,256,256,291,291,291,301,301,312,324,34,34,34,34],"floor_reached":50,"language":"ENG","playtime":3226,"items_purged":["Night Terror","Flying Knee"],"score":567,"play_id":"1d3143ec-30f1-4631-9276-3508012710c2","local_time":"20210223134145","is_ascension_mode":false,"campfire_choices":[{"data":"Crippling Poison","floor":6,"key":"SMITH"},{"data":"Poisoned Stab","floor":8,"key":"SMITH"},{"floor":13,"key":"REST"},{"data":"Neutralize","floor":15,"key":"SMITH"},{"data":"Backstab","floor":24,"key":"SMITH"},{"floor":32,"key":"REST"},{"floor":40,"key":"REST"},{"floor":42,"key":"REST"},{"floor":45,"key":"REST"},{"floor":49,"key":"REST"}],"circlet_count":0,"master_deck":["Strike_G","Strike_G","Strike_G","Defend_G","Defend_G","Defend_G","Defend_G","Defend_G","Survivor","Neutralize+1","Bane+1","Bouncing Flask+1","Crippling Poison+1","Dodge and Roll","Poisoned Stab+1","Backstab+1","Quick Slash","Backstab+1","Bouncing Flask+1","Bouncing Flask+1","Crippling Poison+1","Prepared","Blade Dance+1","Deadly Poison","Backflip+1","Slice","Bouncing Flask+1","Noxious Fumes","After Image","Bouncing Flask","Deadly Poison","Bane+1","Backflip+1","Catalyst","Catalyst","Blade Dance+1","Panache","Bullet Time"],"relics":["Ring of the Snake","NeowsBlessing","Ornamental Fan","Ninja Scroll","Empty Cage","DollysMirror","Orichalcum","Dream Catcher","Juzu Bracelet","bronze:MakeshiftBattery","Lizard Tail","Thread and Needle","Vajra","Tingsha"],"acts_visited":["Exordium","TheCity","TheBeyond"],"potions_floor_usage":[7,14,14,28,33,33,37,41,41,41,50,50],"damage_taken":[{"damage":0,"enemies":"2 Louse","floor":1,"turns":1},{"damage":0,"enemies":"Cultist","floor":2,"turns":1},{"damage":0,"enemies":"Small Slimes","floor":5,"turns":1},{"damage":15,"enemies":"Exordium Wildlife","floor":7,"turns":3},{"damage":14,"enemies":"Exordium Thugs","floor":11,"turns":4},{"damage":0,"enemies":"3 Louse","floor":12,"turns":3},{"damage":0,"enemies":"Gremlin Nob","floor":14,"turns":2},{"damage":28,"enemies":"Hexaghost","floor":16,"turns":7},{"damage":0,"enemies":"3 Byrds","floor":18,"turns":3},{"damage":2,"enemies":"Chosen","floor":22,"turns":3},{"damage":1,"enemies":"Snecko","floor":23,"turns":3},{"damage":2,"enemies":"Cultist and Chosen","floor":25,"turns":4},{"damage":16,"enemies":"Gremlin Leader","floor":27,"turns":4},{"damage":12,"enemies":"Snake Plant","floor":28,"turns":3},{"damage":17,"enemies":"Shelled Parasite and Fungi","floor":29,"turns":4},{"damage":47,"enemies":"Automaton","floor":33,"turns":8},{"damage":3,"enemies":"3 Darklings","floor":35,"turns":4},{"damage":14,"enemies":"Mind Bloom Boss Battle","floor":36,"turns":5},{"damage":45,"enemies":"2 Orb Walkers","floor":38,"turns":5},{"damage":31,"enemies":"Reptomancer","floor":41,"turns":6},{"damage":0,"enemies":"Orb Walker","floor":44,"turns":2},{"damage":7,"enemies":"3 Darklings","floor":46,"turns":4},{"damage":8,"enemies":"Writhing Mass","floor":47,"turns":4},{"damage":112,"enemies":"Awakened One","floor":50,"turns":10}],"seed_played":"-2899100251735542456","potions_obtained":[{"floor":1,"key":"Poison Potion"},{"floor":5,"key":"champ:CounterPotion"},{"floor":11,"key":"SteroidPotion"},{"floor":18,"key":"Energy Potion"},{"floor":27,"key":"AttackPotion"},{"floor":29,"key":"Regen Potion"},{"floor":37,"key":"LiquidMemories"},{"floor":37,"key":"Fruit Juice"},{"floor":37,"key":"Fire Potion"},{"floor":38,"key":"EssenceOfSteel"},{"floor":41,"key":"champ:CounterPotion"},{"floor":47,"key":"SneckoOil"}],"is_trial":false,"path_per_floor":["M","M","?","$","M","R","M","R","T","?","M","M","R","E","R","B",null,"M","?","$","?","M","M","R","M","T","E","M","M","?","$","R","B",null,"M","?","?","?","?","R","E","R","T","M","R","M","M","$","R","B"],"character_chosen":"THE_SILENT","items_purchased":["Crippling Poison","Bouncing Flask","DollysMirror","Juzu Bracelet","Panache"],"campfire_rested":6,"item_purchase_floors":[4,20,20,31,48],"current_hp_per_floor":[70,70,70,70,70,70,55,55,55,55,41,41,62,62,62,34,70,70,70,70,70,68,67,67,65,65,49,37,20,20,20,41,9,70,67,53,58,13,13,35,4,26,26,26,48,41,33,33,55,0,0],"gold":34,"neow_bonus":"THREE_ENEMY_KILL","is_daily":false,"chose_seed":false,"campfire_upgraded":4,"win_rate":0.0,"timestamp":1614087705,"path_taken":["M","M","?","?","M","R","?","R","T","?","M","M","R","E","R","BOSS","M","?","$","?","M","M","R","?","T","E","M","M","?","?","R","BOSS","M","?","?","?","?","R","E","R","T","M","R","M","M","$","R","BOSS"],"items_purchased_type":["Card","Card","Relic","Relic","Card"],"build_version":"2020-12-22","purchased_purges":2,"victory":false,"max_hp_per_floor":[70,70,70,70,70,70,70,70,70,70,70,70,70,70,70,70,70,70,70,70,70,70,70,70,70,70,70,70,70,70,70,70,70,70,70,70,75,75,75,75,75,75,75,75,75,75,75,75,75,75,75],"card_choices":[{"not_picked":["Well Laid Plans","Expertise"],"picked":"Bane","floor":1},{"not_picked":["Prepared","Catalyst"],"picked":"Bouncing Flask","floor":2},{"not_picked":["Blade Dance","Quick Slash"],"picked":"Dodge and Roll","floor":5},{"not_picked":["Finisher","Prepared"],"picked":"Poisoned Stab","floor":7},{"not_picked":["Dodge and Roll","Escape Plan"],"picked":"Backstab","floor":11},{"not_picked":["Deflect","Acrobatics"],"picked":"Quick Slash","floor":12},{"not_picked":["Deflect","Backflip"],"picked":"Caltrops","floor":14},{"not_picked":["Malaise","Wraith Form v2"],"picked":"Night Terror","floor":16},{"not_picked":["Leg Sweep","Dagger Throw"],"picked":"Backstab+1","floor":18},{"not_picked":["Prepared+1","Dagger Throw"],"picked":"Crippling Poison+1","floor":22},{"not_picked":["Masterful Stab","Endless Agony+1"],"picked":"Prepared","floor":23},{"not_picked":["Sucker Punch","Skewer"],"picked":"Blade Dance+1","floor":25},{"not_picked":["Slice","Prepared"],"picked":"Deadly Poison","floor":27},{"not_picked":["Predator","Quick Slash"],"picked":"Backflip+1","floor":28},{"not_picked":["Glass Knife","Dagger Spray+1"],"picked":"Slice","floor":29},{"not_picked":["Slice","Deadly Poison"],"picked":"Noxious Fumes","floor":32},{"not_picked":["Night Terror","Wraith Form v2"],"picked":"After Image","floor":33},{"not_picked":["Outmaneuver+1","Endless Agony+1"],"picked":"Bouncing Flask","floor":35},{"not_picked":["Finisher","Endless Agony"],"picked":"Flying Knee","floor":36},{"not_picked":["Dagger Throw","All Out Attack+1"],"picked":"Deadly Poison","floor":38},{"not_picked":["Dagger Throw+1","Eviscerate"],"picked":"Bane+1","floor":40},{"not_picked":["Deadly Poison+1","Escape Plan"],"picked":"Backflip+1","floor":41},{"not_picked":["Acrobatics+1","Sucker Punch+1"],"picked":"Catalyst","floor":44},{"not_picked":["Flying Knee","Bane"],"picked":"Catalyst","floor":46},{"not_picked":["Bane","Eviscerate+1"],"picked":"Blade Dance+1","floor":47},{"not_picked":["Quick Slash","Footwork+1"],"picked":"Bullet Time","floor":49}],"player_experience":60400,"relics_obtained":[{"floor":9,"key":"Ornamental Fan"},{"floor":14,"key":"Ninja Scroll"},{"floor":26,"key":"Orichalcum"},{"floor":27,"key":"Dream Catcher"},{"floor":36,"key":"Lizard Tail"},{"floor":38,"key":"Thread and Needle"},{"floor":41,"key":"Vajra"},{"floor":43,"key":"Tingsha"}],"event_choices":[{"damage_healed":0,"gold_gain":0,"player_choice":"Upgraded","damage_taken":0,"max_hp_gain":0,"max_hp_loss":0,"event_name":"Upgrade Shrine","floor":3,"gold_loss":0,"cards_upgraded":["Bouncing Flask"]},{"damage_healed":0,"gold_gain":0,"player_choice":"Grow","damage_taken":0,"max_hp_gain":0,"max_hp_loss":0,"event_name":"Living Wall","floor":10,"gold_loss":0,"cards_upgraded":["Bane"]},{"damage_healed":0,"gold_gain":99,"player_choice":"Stole From Cult","damage_taken":0,"max_hp_gain":0,"max_hp_loss":0,"event_name":"Nest","floor":19,"gold_loss":0},{"damage_healed":0,"gold_gain":0,"player_choice":"Upgraded","damage_taken":0,"max_hp_gain":0,"max_hp_loss":0,"event_name":"Upgrade Shrine","floor":21,"gold_loss":0,"cards_upgraded":["Bouncing Flask"]},{"damage_healed":0,"gold_gain":0,"player_choice":"Copied","damage_taken":0,"max_hp_gain":0,"max_hp_loss":0,"event_name":"Duplicator","floor":30,"gold_loss":0,"cards_obtained":["Bouncing Flask"]},{"damage_healed":0,"gold_gain":0,"player_choice":"Fight","damage_taken":0,"max_hp_gain":0,"max_hp_loss":0,"event_name":"MindBloom","floor":36,"gold_loss":0},{"damage_healed":0,"gold_gain":0,"player_choice":"Got Potions","damage_taken":0,"max_hp_gain":0,"max_hp_loss":0,"event_name":"Lab","floor":37,"gold_loss":0},{"damage_healed":0,"gold_gain":0,"player_choice":"Fight","damage_taken":0,"max_hp_gain":0,"max_hp_loss":0,"event_name":"Mysterious Sphere","floor":38,"gold_loss":0},{"cards_removed":["Strike_G"],"damage_healed":0,"gold_gain":0,"player_choice":"Removed Attack","damage_taken":0,"max_hp_gain":0,"max_hp_loss":0,"event_name":"Falling","floor":39,"gold_loss":0}],"is_beta":false,"boss_relics":[{"not_picked":["Coffee Dripper","Busted Crown"],"picked":"Empty Cage"},{"not_picked":["Runic Pyramid","HoveringKite"],"picked":"bronze:MakeshiftBattery"}],"items_purged_floors":[20,48],"is_endless":false,"potions_floor_spawned":[1,5,11,18,27,29,38,41,47],"killed_by":"Awakened One","ascension_level":0}}