{"host":"ju1b3c4x8n2jtjm7","time":1614122426,"event":{"mods":["AchievementEnabler","BaseMod","Colored Map","Colored Powertips","Highlight Path","Minty Spire (QoL Compilation)","Quick Restart","Rare Cards Sparkle","Relic Stats","StSLib"],"gold_per_floor":[18,37,56,72,22,57,57,89,89,89,89,103,136,17,17,114,114,131,131,131],"floor_reached":19,"language":"ENG","playtime":1049,"items_purged":["Strike_R"],"score":299,"play_id":"5c64c18b-c7be-4663-bb06-c9158749b0cf","local_time":"20210224002026","is_ascension_mode":true,"campfire_choices":[{"data":"Carnage","floor":7.0,"key":"SMITH"},{"data":"True Grit","floor":10.0,"key":"SMITH"},{"data":"Bash","floor":15,"key":"SMITH"}],"circlet_count":0,"master_deck":["AscendersBane","Strike_R","Strike_R","Defend_R","Defend_R","Defend_R","Bash+1","Shrug It Off+1","Seeing Red","True Grit+1","Flex","Cleave","Carnage+1","Body Slam","Reaper","Flex","Second Wind","Fiend Fire","Thunderclap"],"relics":["Burning Blood","Smiling Mask","Happy Flower","Blue Candle","Pantograph","SlaversCollar"],"acts_visited":["Exordium","TheCity"],"potions_floor_usage":[12],"damage_taken":[{"damage":1.0,"enemies":"Cultist","floor":1.0,"turns":3.0},{"damage":0.0,"enemies":"2 Louse","floor":2.0,"turns":5.0},{"damage":7.0,"enemies":"Jaw Worm","floor":3.0,"turns":4.0},{"damage":6.0,"enemies":"Exordium Thugs","floor":4.0,"turns":3.0},{"damage":16.0,"enemies":"Gremlin Nob","floor":6.0,"turns":4.0},{"damage":37.0,"enemies":"Lagavulin","floor":8.0,"turns":5.0},{"damage":6,"enemies":"Looter","floor":12,"turns":3},{"damage":16,"enemies":"Gremlin Nob","floor":13,"turns":4},{"damage":43,"enemies":"Hexaghost","floor":16,"turns":9},{"damage":22,"enemies":"2 Thieves","floor":18,"turns":4},{"damage":42,"enemies":"Spheric Guardian","floor":19,"turns":7}],"seed_played":"5110821701219134535","potions_obtained":[{"floor":2.0,"key":"Weak Potion"},{"floor":3.0,"key":"Dexterity Potion"},{"floor":4.0,"key":"Fire Potion"},{"floor":8.0,"key":"SkillPotion"}],"is_trial":false,"path_per_floor":["M","M","M","M","?","E","R","E","T","R","?","M","E","$","R","B",null,"M","M"],"character_chosen":"IRONCLAD","items_purchased":["Second Wind"],"campfire_rested":0,"item_purchase_floors":[14],"current_hp_per_floor":[77,80,79,79,79,69,69,38,38,38,38,38,34,34,34,31,68,56,14,14],"gold":131,"neow_bonus":"TRANSFORM_TWO_CARDS","is_daily":false,"chose_seed":false,"campfire_upgraded":3,"win_rate":0.0,"timestamp":1614122426,"path_taken":["M","M","M","?","?","E","R","E","T","R","?","M","E","$","R","BOSS","M","M"],"items_purchased_type":["Card"],"build_version":"2020-12-22","purchased_purges":1,"victory":false,"max_hp_per_floor":[80,80,80,80,80,80,80,80,80,80,80,80,80,80,80,80,80,80,80,80],"relic_stats":{"Happy Flower":[9],"counters":[11,51],"Blue Candle":[0],"Pantograph":25,"Smiling Mask":25,"obtain_stats":[{"SlaversCollar":17,"Happy Flower":8,"Blue Candle":9,"Pantograph":13,"Smiling Mask":6,"Burning Blood":0},{"SlaversCollar":9,"Happy Flower":6,"Blue Candle":6,"Pantograph":8,"Smiling Mask":5,"Burning Blood":0},{"SlaversCollar":40,"Happy Flower":24,"Blue Candle":24,"Pantograph":31,"Smiling Mask":19,"Burning Blood":0}],"Burning Blood":57},"card_choices":[{"not_picked":["Headbutt","Intimidate"],"picked":"True Grit","floor":1.0},{"not_picked":["Blood for Blood","Pummel"],"picked":"Flex","floor":2.0},{"not_picked":["Warcry","Shrug It Off"],"picked":"Cleave","floor":3.0},{"not_picked":["Headbutt","Iron Wave"],"picked":"Carnage","floor":4.0},{"not_picked":["Headbutt","Sword Boomerang","Clothesline"],"picked":"SKIP","floor":6.0},{"not_picked":["Warcry","Dark Embrace"],"picked":"Body Slam","floor":8.0},{"not_picked":["Pommel Strike","Wild Strike"],"picked":"Reaper","floor":12},{"not_picked":["Twin Strike","Fire Breathing"],"picked":"Flex","floor":13},{"not_picked":["Offering","Berserk"],"picked":"Fiend Fire","floor":16},{"not_picked":["Iron Wave","Warcry"],"picked":"Thunderclap","floor":18}],"player_experience":507454,"relics_obtained":[{"floor":6.0,"key":"Smiling Mask"},{"floor":8.0,"key":"Happy Flower"},{"floor":9.0,"key":"Blue Candle"},{"floor":13,"key":"Pantograph"}],"event_choices":[{"cards_removed":["Strike_R"],"damage_healed":0.0,"max_hp_gain":0.0,"max_hp_loss":0.0,"gold_gain":0.0,"event_name":"The Cleric","player_choice":"Card Removal","floor":5.0,"gold_loss":50.0,"damage_taken":0.0},{"damage_healed":0.0,"max_hp_gain":0.0,"max_hp_loss":0.0,"gold_gain":0.0,"event_name":"Upgrade Shrine","player_choice":"Upgraded","floor":11.0,"gold_loss":0.0,"damage_taken":0.0,"cards_upgraded":["Shrug It Off"]}],"is_beta":false,"boss_relics":[{"not_picked":["SacredBark","Mark of Pain"],"picked":"SlaversCollar"}],"items_purged_floors":[14],"is_endless":false,"potions_floor_spawned":[2,3,4,8],"killed_by":"Spheric Guardian","ascension_level":12}}