{"host":"to2s10i0cynxbiqz","time":1614065865,"event":{"mods":["BaseMod","Colored Powertips","Highlight Path","Minty Spire (QoL Compilation)","Quick Restart","StSLib","slay the spire mod where everything is the same but ironclad has a cowboy hat"],"gold_per_floor":[111,111,111,130,80,105,117,135,162,337,337,357,384,19,19,114,114,127,42,42,56,56,56,20,20,20,33,46,73,73,86,86,187,187,202,219,234,245,258,276,65,65,65,38,58,88,107,121,121,121,121,121,46,74,74],"floor_reached":56,"language":"ZHS","playtime":3732,"items_purged":["Doubt"],"score":1328,"play_id":"38cc5da0-d193-47ef-a927-ceb44febe29d","local_time":"20210223153745","is_ascension_mode":false,"campfire_choices":[{"data":"Die Die Die","floor":11.0,"key":"SMITH"},{"data":"Infinite Blades","floor":15.0,"key":"SMITH"},{"data":"Footwork","floor":23.0,"key":"SMITH"},{"data":"Footwork","floor":25.0,"key":"SMITH"},{"floor":30.0,"key":"DIG"},{"floor":32.0,"key":"DIG"},{"floor":42.0,"key":"RECALL"},{"floor":49.0,"key":"DIG"},{"data":"Envenom","floor":52.0,"key":"SMITH"}],"circlet_count":0,"master_deck":["Strike_G","Strike_G","Strike_G","Strike_G","Defend_G","Defend_G","Defend_G","Defend_G","Defend_G","Survivor","Neutralize","Deflect","Die Die Die+1","Backflip","Outmaneuver","Infinite Blades+1","After Image","CurseOfTheBell","Footwork+1","Footwork+1","Backflip+1","Footwork","Deflect","Envenom+1","Expertise+1","Dash+1","Footwork+1","Deflect+1","Backflip+1","Concentrate","Parasite","Deflect","Footwork","Backflip+1","Acrobatics+1","Footwork+1"],"relics":["Ring of the Snake","NeowsBlessing","Vajra","MealTicket","Odd Mushroom","Dead Branch","Calling Bell","Anchor","Shuriken","Ice Cream","Pantograph","Matryoshka","Shovel","Oddly Smooth Stone","Bottled Tornado","Cursed Key","Potion Belt","Gremlin Horn","Singing Bowl","Pocketwatch","Ninja Scroll","Lantern"],"acts_visited":["Exordium","TheCity","TheBeyond","TheEnding"],"potions_floor_usage":[54,55,55,55,55,55,55,55,55,55,55],"damage_taken":[{"damage":0.0,"enemies":"2 Louse","floor":1.0,"turns":1.0},{"damage":0.0,"enemies":"Small Slimes","floor":4.0,"turns":1.0},{"damage":0.0,"enemies":"Lagavulin","floor":6.0,"turns":1.0},{"damage":3.0,"enemies":"Jaw Worm","floor":7.0,"turns":4.0},{"damage":1.0,"enemies":"2 Fungi Beasts","floor":8.0,"turns":2.0},{"damage":5.0,"enemies":"Large Slime","floor":12.0,"turns":8.0},{"damage":0.0,"enemies":"The Mushroom Lair","floor":13.0,"turns":2.0},{"damage":24.0,"enemies":"Hexaghost","floor":16.0,"turns":9.0},{"damage":10.0,"enemies":"Shell Parasite","floor":18.0,"turns":5.0},{"damage":1.0,"enemies":"Chosen","floor":21.0,"turns":5.0},{"damage":0.0,"enemies":"Snake Plant","floor":27.0,"turns":5.0},{"damage":2.0,"enemies":"Chosen and Byrds","floor":28.0,"turns":6.0},{"damage":7.0,"enemies":"Slavers","floor":29.0,"turns":5.0},{"damage":2.0,"enemies":"Shelled Parasite and Fungi","floor":31.0,"turns":8.0},{"damage":6.0,"enemies":"Automaton","floor":33.0,"turns":10.0},{"damage":0.0,"enemies":"3 Shapes","floor":35.0,"turns":4.0},{"damage":0.0,"enemies":"Orb Walker","floor":36.0,"turns":5.0},{"damage":2.0,"enemies":"4 Shapes","floor":37.0,"turns":4.0},{"damage":1.0,"enemies":"Maw","floor":38.0,"turns":9.0},{"damage":0.0,"enemies":"3 Darklings","floor":39.0,"turns":5.0},{"damage":0.0,"enemies":"4 Shapes","floor":40.0,"turns":5.0},{"damage":0.0,"enemies":"Jaw Worm Horde","floor":45.0,"turns":1.0},{"damage":0.0,"enemies":"Giant Head","floor":46.0,"turns":9.0},{"damage":0.0,"enemies":"Spire Growth","floor":47.0,"turns":6.0},{"damage":18.0,"enemies":"Maw","floor":48.0,"turns":8.0},{"damage":32.0,"enemies":"Awakened One","floor":50.0,"turns":15.0},{"damage":7,"enemies":"Shield and Spear","floor":54,"turns":8},{"damage":14,"enemies":"The Heart","floor":55,"turns":6}],"seed_played":"-277047202301823121","potions_obtained":[{"floor":1.0,"key":"SkillPotion"},{"floor":6.0,"key":"Dexterity Potion"},{"floor":13.0,"key":"SmokeBomb"},{"floor":28.0,"key":"SkillPotion"},{"floor":29.0,"key":"Strength Potion"},{"floor":33.0,"key":"SkillPotion"},{"floor":37.0,"key":"CunningPotion"},{"floor":39.0,"key":"SpeedPotion"},{"floor":40.0,"key":"EntropicBrew"},{"floor":45.0,"key":"Strength Potion"},{"floor":46.0,"key":"Ancient Potion"},{"floor":48.0,"key":"FearPotion"},{"floor":54,"key":"SkillPotion"}],"is_trial":false,"path_per_floor":["M","?","?","M","?","E","M","M","T","?","R","M","?","$","R","B",null,"M","?","?","M","?","R","$","R","T","M","M","E","R","M","R","B",null,"M","M","M","M","M","M","$","R","T","$","M","E","M","M","R","B",null,"R","$","E","B",null],"character_chosen":"THE_SILENT","items_purchased":["Dead Branch","Infinite Blades","Footwork","Potion Belt","Concentrate","Deflect"],"campfire_rested":0,"item_purchase_floors":[14,14,24,41,41,44],"current_hp_per_floor":[70,67,72,72,72,72,69,68,68,68,68,63,63,75,75,51,75,65,65,65,64,75,75,75,75,75,75,73,66,66,64,64,69,75,75,75,73,72,72,72,75,75,75,75,75,75,75,59,59,45,77,77,77,70,63],"gold":74,"neow_bonus":"THREE_ENEMY_KILL","is_daily":false,"chose_seed":false,"campfire_upgraded":5,"win_rate":0.0,"timestamp":1614065865,"path_taken":["M","?","?","?","?","E","M","M","T","?","R","M","?","$","R","BOSS","M","?","?","M","?","R","$","R","T","M","M","E","R","M","R","BOSS","M","M","M","M","M","M","?","R","T","$","M","E","M","M","R","BOSS","R","$","E","BOSS"],"items_purchased_type":["Relic","Card","Card","Relic","Card","Card"],"build_version":"2020-12-22","purchased_purges":1,"victory":true,"max_hp_per_floor":[70,70,75,75,75,75,75,75,75,75,75,75,75,75,75,75,75,75,75,75,75,75,75,75,75,75,75,75,75,75,75,75,75,75,75,75,75,75,75,75,75,75,75,75,75,75,75,77,77,77,77,77,77,77,77],"card_choices":[{"not_picked":["Endless Agony","Escape Plan"],"picked":"Bouncing Flask","floor":1.0},{"not_picked":["Expertise","Poisoned Stab"],"picked":"Deflect","floor":4.0},{"not_picked":["Terror","Slice"],"picked":"Die Die Die","floor":6.0},{"not_picked":["Dodge and Roll","Dagger Throw"],"picked":"Backflip","floor":7.0},{"not_picked":["Cloak And Dagger","Quick Slash","Bane"],"picked":"SKIP","floor":8.0},{"not_picked":["Acrobatics","Backflip"],"picked":"Outmaneuver","floor":12.0},{"not_picked":["Night Terror","Doppelganger"],"picked":"After Image","floor":16.0},{"not_picked":["Dodge and Roll","Calculated Gamble"],"picked":"Footwork","floor":18.0},{"not_picked":["Riddle With Holes+1","Predator","Skewer"],"picked":"SKIP","floor":21.0},{"not_picked":["Caltrops","Reflex","Bane+1"],"picked":"SKIP","floor":27.0},{"not_picked":["Bane+1","Dodge and Roll+1"],"picked":"Backflip+1","floor":28.0},{"not_picked":["Phantasmal Killer","Acrobatics"],"picked":"Footwork","floor":29.0},{"not_picked":["Flying Knee","Noxious Fumes"],"picked":"Deflect","floor":31.0},{"not_picked":["Grand Finale","Night Terror"],"picked":"Envenom","floor":33.0},{"not_picked":["PiercingWail","Dodge and Roll","Quick Slash"],"picked":"SKIP","floor":35.0},{"not_picked":["Caltrops","Slice+1"],"picked":"Expertise+1","floor":36.0},{"not_picked":["PiercingWail","Quick Slash"],"picked":"Dash+1","floor":37.0},{"not_picked":["Deflect+1","Flying Knee"],"picked":"Footwork+1","floor":38.0},{"not_picked":["Sucker Punch","Slice+1"],"picked":"Deflect+1","floor":39.0},{"not_picked":["Outmaneuver","Storm of Steel"],"picked":"Backflip+1","floor":40.0},{"not_picked":["Catalyst+1","Predator"],"picked":"Footwork","floor":45.0},{"not_picked":["Predator+1","Bane"],"picked":"Backflip+1","floor":46.0},{"not_picked":["Outmaneuver","Bouncing Flask+1"],"picked":"Acrobatics+1","floor":47.0},{"not_picked":["PiercingWail+1","Slice+1","Dodge and Roll+1"],"picked":"Singing Bowl","floor":48.0},{"not_picked":["Accuracy","Quick Slash+1"],"picked":"Footwork+1","floor":54}],"player_experience":187929,"relics_obtained":[{"floor":6.0,"key":"MealTicket"},{"floor":13.0,"key":"Odd Mushroom"},{"floor":17.0,"key":"Anchor"},{"floor":17.0,"key":"Shuriken"},{"floor":17.0,"key":"Ice Cream"},{"floor":26.0,"key":"Matryoshka"},{"floor":29.0,"key":"Shovel"},{"floor":30.0,"key":"Oddly Smooth Stone"},{"floor":32.0,"key":"Bottled Tornado"},{"floor":43.0,"key":"Gremlin Horn"},{"floor":43.0,"key":"Singing Bowl"},{"floor":46.0,"key":"Pocketwatch"},{"floor":49.0,"key":"Ninja Scroll"},{"floor":54,"key":"Lantern"}],"event_choices":[{"damage_healed":0.0,"max_hp_gain":0.0,"max_hp_loss":0.0,"gold_gain":0.0,"event_name":"Scrap Ooze","player_choice":"Success","floor":2.0,"gold_loss":0.0,"damage_taken":3.0,"relics_obtained":["Vajra"]},{"damage_healed":0.0,"max_hp_gain":5.0,"max_hp_loss":0.0,"gold_gain":0.0,"event_name":"Big Fish","player_choice":"Donut","floor":3.0,"gold_loss":0.0,"damage_taken":0.0},{"cards_removed":["Strike_G"],"damage_healed":0.0,"max_hp_gain":0.0,"max_hp_loss":0.0,"gold_gain":0.0,"event_name":"The Cleric","player_choice":"Card Removal","floor":5.0,"gold_loss":50.0,"damage_taken":0.0},{"damage_healed":0.0,"max_hp_gain":0.0,"max_hp_loss":0.0,"gold_gain":175.0,"event_name":"Liars Game","player_choice":"AGREE","floor":10.0,"gold_loss":0.0,"damage_taken":0.0,"cards_obtained":["Doubt"]},{"damage_healed":0.0,"max_hp_gain":0.0,"max_hp_loss":0.0,"gold_gain":0.0,"event_name":"Mushrooms","player_choice":"Fought Mushrooms","floor":13.0,"gold_loss":0.0,"damage_taken":0.0},{"damage_healed":0.0,"max_hp_gain":0.0,"max_hp_loss":0.0,"gold_gain":0.0,"event_name":"Addict","player_choice":"Obtained Relic","floor":19.0,"gold_loss":85.0,"damage_taken":0.0,"relics_obtained":["Pantograph"]},{"damage_healed":0.0,"max_hp_gain":0.0,"max_hp_loss":0.0,"gold_gain":0.0,"event_name":"Ghosts","player_choice":"Ignored","floor":20.0,"gold_loss":0.0,"damage_taken":0.0},{"cards_removed":["Bouncing Flask"],"damage_healed":11.0,"max_hp_gain":0.0,"max_hp_loss":0.0,"gold_gain":0.0,"event_name":"Bonfire Elementals","player_choice":"Offered Uncommon","floor":22.0,"gold_loss":0.0,"damage_taken":0.0}],"is_beta":false,"boss_relics":[{"not_picked":["Coffee Dripper","Snecko Eye"],"picked":"Calling Bell"},{"not_picked":["Tiny House","HoveringKite"],"picked":"Cursed Key"}],"items_purged_floors":[53],"is_endless":false,"potions_floor_spawned":[1,6,13,28,29,33,37,39,40,45,46,48,54],"ascension_level":0}}