{"host":"roto7j7840a50pxh","time":1614047672,"event":{"mods":["Act Like it!","BaseMod","Better Altar","Better Note","Better Sensory Stone","Better Skull","Better Third Choice","BetterRewards","Colored Map","Colored Powertips","Downfall","Hermit","Highlight Path","Hubris","Infinite Spire","Minty Spire (QoL Compilation)","Replay The Spire","Robot Space Explorer","Shade Mod","Spicy Shops","StSLib","The Construct","The Cursed","The Dragon Tamer","The Hierophant","The Necromancer","The Runesmith","The Servant 0.9.4","TheVacant"],"gold_per_floor":[110,134,162,162,196,196,250,250,273,273,327,347,382,86,86,220,220,267,322,322,432,501,501,558,558,558,633,776,959,959,1027,1039,1105,1117,1214,1226,1245,1257,1401,1413,1439,1494,1506,1518,1581,1545,1505,1587,1599,1392],"floor_reached":51,"language":"ENG","playtime":5791,"items_purged":["infinitespire:SevenWalls+1"],"score":1377,"play_id":"912a57e4-b7c0-49de-9c6a-77d6ed2293bc","local_time":"20210222213432","is_ascension_mode":true,"campfire_choices":[{"data":"hierophant:Glossolalia","floor":6.0,"key":"SMITH"},{"data":"hierophant:ChurchCoffers","floor":6.0,"key":"SMITH"},{"data":"hierophant:Zeal","floor":8.0,"key":"SMITH"},{"data":"hierophant:Community","floor":8.0,"key":"SMITH"},{"floor":10.0,"key":"REST"},{"data":"hierophant:SealAway","floor":15.0,"key":"SMITH"},{"data":"hierophant:SealAway","floor":15.0,"key":"SMITH"},{"data":"hierophant:EyeForCoin","floor":23.0,"key":"SMITH"},{"data":"hierophant:MintersHammer","floor":23.0,"key":"SMITH"},{"data":"hierophant:Rebuild","floor":25.0,"key":"SMITH"},{"data":"hierophant:Endure","floor":25.0,"key":"SMITH"},{"data":"hierophant:Repentance","floor":30.0,"key":"SMITH"},{"data":"hierophant:PassingBell","floor":30.0,"key":"SMITH"},{"data":"hierophant:WrathOfGod","floor":32.0,"key":"SMITH"},{"data":"hierophant:Racketeering","floor":32.0,"key":"SMITH"},{"data":"hierophant:Levitation","floor":40.0,"key":"SMITH"},{"data":"hierophant:LocustPlague","floor":40.0,"key":"SMITH"},{"floor":44.0,"key":"REST"},{"floor":49,"key":"REST"}],"circlet_count":0,"master_deck":["infinitespire:SevenWalls+1","hierophant:Strike_Hierophant","hierophant:Strike_Hierophant","hierophant:Strike_Hierophant","hierophant:Strike_Hierophant","hierophant:Punish","hierophant:Defend_Hierophant","hierophant:Defend_Hierophant","hierophant:Defend_Hierophant","hierophant:Defend_Hierophant","hierophant:ChurchCoffers+1","hierophant:Zeal+1","hierophant:Community+1","hierophant:SealAway+1","hierophant:FieryStrike","hierophant:Encroach","hierophant:Doubloon+1","hierophant:Remorse","hierophant:SealAway+1","hierophant:Doubloon+1","hierophant:Doubloon+1","hierophant:CursedGold","hierophant:Glossolalia+1","hierophant:Batter","hierophant:Shelter","hierophant:Encroach","hierophant:Batter","hierophant:Racketeering+1","hierophant:SealAway+1","hierophant:CursedGold","hierophant:CursedGold","hierophant:Doubloon+1","hierophant:Doubloon","hierophant:MintersHammer+1","hierophant:EyeForCoin+1","hierophant:Endure+1","SoulSculpture+1","hierophant:Doubloon+1","hierophant:OrnateBuckler","hierophant:HammerAndAnvil","hierophant:Rebuild+1","hierophant:Doubloon+1","hierophant:Repentance+1","hierophant:Doubloon+1","hierophant:PassingBell+1","hierophant:WrathOfGod+1","hierophant:Doubloon+1","hierophant:DivineIntervention","hierophant:Doubloon+1","hierophant:Levitation+1","hierophant:Exaltation+1","hierophant:OrnateBuckler+1","hierophant:LocustPlague+1","Dramatic Entrance","hierophant:Doomsaying+1","hierophant:Upheaval","hierophant:Prophecy","hierophant:AuricShield","hierophant:Racketeering+1","hierophant:Doubloon+1","hierophant:Cornucopia","hierophant:DisplayOfPower+1"],"relics":["hierophant:PropheticMaskRelic","Replay:Arrowhead","bronze:BronzeIdol","Ginger","Guardian:PocketSentry","Replay:Bottled Snecko","hubris:MobiusCoin","Cursed Key","Anchor","Ornamental Fan","MawBank","Honey Jar","ReplayTheSpireMod:Ninjato","StrikeDummy"],"acts_visited":["Exordium","TheCity","TheBeyond"],"potions_floor_usage":[47,50,50],"damage_taken":[{"damage":0.0,"enemies":"2 Louse","floor":1.0,"turns":2.0},{"damage":5.0,"enemies":"infinitespire:Voidling","floor":2.0,"turns":3.0},{"damage":0.0,"enemies":"Cultist","floor":3.0,"turns":3.0},{"damage":0.0,"enemies":"Looter","floor":5.0,"turns":3.0},{"damage":5.0,"enemies":"Lagavulin","floor":7.0,"turns":6.0},{"damage":0.0,"enemies":"Gremlin Nob","floor":11.0,"turns":4.0},{"damage":3.0,"enemies":"Exordium Thugs","floor":12.0,"turns":3.0},{"damage":18.0,"enemies":"3 Louse","floor":13.0,"turns":2.0},{"damage":1.0,"enemies":"Fading Forest","floor":16.0,"turns":11.0},{"damage":0.0,"enemies":"Spheric Guardian","floor":18.0,"turns":4.0},{"damage":0.0,"enemies":"Shell Parasite","floor":19.0,"turns":4.0},{"damage":0.0,"enemies":"Centurion and Healer","floor":21.0,"turns":4.0},{"damage":0.0,"enemies":"Snake Plant","floor":22.0,"turns":2.0},{"damage":2.0,"enemies":"Cultist and Chosen","floor":24.0,"turns":6.0},{"damage":4.0,"enemies":"Slavers","floor":27.0,"turns":5.0},{"damage":0.0,"enemies":"Colosseum Slavers","floor":28.0,"turns":5.0},{"damage":0.0,"enemies":"Colosseum Nobs","floor":28.0,"turns":6.0},{"damage":0.0,"enemies":"Centurion and Healer","floor":29.0,"turns":6.0},{"damage":4.0,"enemies":"Gremlin Leader","floor":31.0,"turns":7.0},{"damage":36.0,"enemies":"Automaton","floor":33.0,"turns":10.0},{"damage":1.0,"enemies":"Orb Walker","floor":35.0,"turns":3.0},{"damage":0.0,"enemies":"3 Shapes","floor":37.0,"turns":3.0},{"damage":0.0,"enemies":"3 Darklings","floor":39.0,"turns":3.0},{"damage":7.0,"enemies":"Reptomancer","floor":41.0,"turns":7.0},{"damage":31.0,"enemies":"Transient","floor":42.0,"turns":5.0},{"damage":0.0,"enemies":"Jaw Worm Horde","floor":45.0,"turns":2.0},{"damage":1.0,"enemies":"Maw","floor":46.0,"turns":7.0},{"damage":4,"enemies":"Giant Head","floor":47,"turns":8},{"damage":0,"enemies":"Spire Growth","floor":48,"turns":4},{"damage":11,"enemies":"hubris:GrandSnecko","floor":50,"turns":19}],"seed_played":"4826144323586040107","potions_obtained":[{"floor":3.0,"key":"Dexterity Potion"},{"floor":5.0,"key":"Fire Potion"},{"floor":11.0,"key":"Elixir"},{"floor":24.0,"key":"Dexterity Potion"},{"floor":27.0,"key":"SpeedPotion"},{"floor":28.0,"key":"champ:CounterPotion"},{"floor":31.0,"key":"hexamod:SoulburnPotion"},{"floor":39.0,"key":"ColorlessPotion"},{"floor":46.0,"key":"GamblersBrew"},{"floor":47,"key":"Guardian:BlockOnCardUsePotion"},{"floor":48,"key":"Reflective Coating"}],"is_trial":false,"path_per_floor":["M","M","M","?","M","R","E","R","T","R","E","M","M","$","R","B",null,"M","M","?","M","M","R","M","R","T","E","?","M","R","E","R","B",null,"M","?","M","?","M","R","E","M","T","R","M","M","E","M","R","B",null],"character_chosen":"HIEROPHANT","items_purchased":["hierophant:Zeal","hierophant:Community","hierophant:SealAway+1","bronze:BronzeIdol","hubris:MobiusCoin","hierophant:Racketeering","hierophant:SealAway","hierophant:CursedGold"],"campfire_rested":3,"item_purchase_floors":[0,0,0,0,14,14,14,14],"current_hp_per_floor":[31,35,35,35,35,35,30,30,30,52,52,49,31,31,31,38,66,66,66,66,66,66,66,64,64,64,60,60,60,60,56,56,20,61,60,60,60,60,60,60,53,22,22,44,44,43,39,39,61,50],"gold":1404,"neow_bonus":"","is_daily":false,"chose_seed":false,"campfire_upgraded":16,"win_rate":0.0,"timestamp":1614047672,"path_taken":["M","M","M","?","M","R","E","R","T","R","E","M","M","$","R","BOSS","M","M","?","M","?","R","M","R","T","E","?","M","R","E","R","BOSS","M","?","M","?","M","R","E","M","T","R","?","M","E","M","R","BOSS"],"items_purchased_type":["Card","Card","Card","Relic","Relic","Card","Card","Card"],"build_version":"2020-12-22","purchased_purges":1,"victory":true,"max_hp_per_floor":[75,75,75,75,75,75,75,75,75,75,75,75,75,75,75,75,75,75,75,75,75,75,75,75,75,75,75,75,75,75,75,75,75,75,75,75,75,75,75,75,75,75,75,75,75,75,75,75,75,75],"card_choices":[{"not_picked":["hierophant:Doubloon","hierophant:FlamingChariot"],"picked":"hierophant:Remorse","floor":1.0},{"not_picked":["hierophant:OrnateBuckler","hierophant:DisplayOfPower"],"picked":"hierophant:SealAway","floor":2.0},{"not_picked":["hierophant:Martyrdom","hierophant:FlamingChariot"],"picked":"hierophant:Doubloon","floor":3.0},{"not_picked":["hierophant:Doomsaying","hierophant:MorningPrayer"],"picked":"hierophant:Glossolalia","floor":5.0},{"not_picked":["hierophant:OrnateBuckler","hierophant:Purify"],"picked":"hierophant:Batter","floor":7.0},{"not_picked":["hierophant:EyeForCoin","hierophant:Embezzle"],"picked":"hierophant:Shelter","floor":11.0},{"not_picked":["hierophant:Purify","hierophant:MirrorShield"],"picked":"hierophant:Encroach","floor":12.0},{"not_picked":["hierophant:Sermon","hierophant:RecallFunds"],"picked":"hierophant:Batter","floor":13.0},{"not_picked":["hierophant:AuricForm","hierophant:BulkyChest"],"picked":"hierophant:MintersHammer","floor":16.0},{"not_picked":["hierophant:Chorus","hierophant:TollTheBells"],"picked":"hierophant:EyeForCoin","floor":18.0},{"not_picked":["hierophant:HolyVerse+1","hierophant:SealAway+1"],"picked":"hierophant:Endure","floor":19.0},{"not_picked":["hierophant:OrnateJavelin","hierophant:AuricBeam"],"picked":"hierophant:OrnateBuckler","floor":21.0},{"not_picked":["hierophant:AuricBeam","hierophant:RepressedViolence"],"picked":"hierophant:HammerAndAnvil","floor":22.0},{"not_picked":["hierophant:OrnateBuckler","hierophant:Sermon"],"picked":"hierophant:Rebuild","floor":24.0},{"not_picked":["hierophant:MorningPrayer+1","hierophant:Prophecy+1"],"picked":"hierophant:Repentance","floor":27.0},{"not_picked":["hierophant:Cornucopia","hierophant:Alms"],"picked":"hierophant:PassingBell","floor":28.0},{"not_picked":["hierophant:Racketeering","hierophant:SealAway"],"picked":"hierophant:WrathOfGod","floor":29.0},{"not_picked":["hierophant:Doomsaying","hierophant:Empathy"],"picked":"hierophant:DivineIntervention","floor":31.0},{"not_picked":["hierophant:Determination","hierophant:Generosity"],"picked":"hierophant:Levitation","floor":33.0},{"not_picked":["hierophant:Sermon","hierophant:PassingBell","hierophant:SolarFlare+1"],"picked":"hierophant:Exaltation+1","floor":35.0},{"not_picked":["hierophant:Sermon","hierophant:FieryStrike+1","hierophant:FaithHealing+1"],"picked":"hierophant:OrnateBuckler+1","floor":37.0},{"not_picked":["hierophant:Mercenaries","hierophant:Sermon","hierophant:Doubloon+1"],"picked":"hierophant:Doomsaying+1","floor":39.0},{"not_picked":["hierophant:Empathy+1","hierophant:RepressedViolence","hierophant:OrnateBuckler"],"picked":"hierophant:Upheaval","floor":41.0},{"not_picked":["hierophant:FieryStrike","hierophant:Mercenaries","hierophant:FlamingChariot+1"],"picked":"hierophant:Prophecy","floor":42.0},{"not_picked":["hierophant:ConvertCurrency+1","hierophant:PassingBell","hierophant:Purify"],"picked":"hierophant:AuricShield","floor":45.0},{"not_picked":["hierophant:FieryStrike+1","hierophant:RustyCrate+1","hierophant:Patience"],"picked":"hierophant:Racketeering+1","floor":46.0},{"not_picked":["hierophant:Community","hierophant:SealAway+1","hierophant:Shelter"],"picked":"hierophant:Cornucopia","floor":47},{"not_picked":["hierophant:MorningPrayer","hierophant:FlamingChariot","hierophant:Sermon+1"],"picked":"hierophant:DisplayOfPower+1","floor":48}],"player_experience":1994032,"relics_obtained":[{"floor":7.0,"key":"Ginger"},{"floor":9.0,"key":"Guardian:PocketSentry"},{"floor":11.0,"key":"Replay:Bottled Snecko"},{"floor":27.0,"key":"Anchor"},{"floor":28.0,"key":"Ornamental Fan"},{"floor":31.0,"key":"MawBank"},{"floor":41.0,"key":"ReplayTheSpireMod:Ninjato"},{"floor":47,"key":"StrikeDummy"}],"event_choices":[{"cards_removed":["infinitespire:SevenWalls"],"damage_healed":0.0,"max_hp_gain":0.0,"max_hp_loss":0.0,"gold_gain":0.0,"event_name":"betterNote:BetterNote","player_choice":"Take \u0026 Give","floor":20.0,"gold_loss":0.0,"damage_taken":0.0,"cards_obtained":["SoulSculpture"]},{"damage_healed":0.0,"max_hp_gain":0.0,"max_hp_loss":0.0,"gold_gain":0.0,"event_name":"Colosseum","player_choice":"Fight","floor":28.0,"gold_loss":0.0,"damage_taken":0.0},{"damage_healed":0.0,"max_hp_gain":0.0,"max_hp_loss":0.0,"gold_gain":0.0,"event_name":"Colosseum","player_choice":"Fought Nobs","floor":28.0,"gold_loss":0.0,"damage_taken":0.0},{"damage_healed":0.0,"max_hp_gain":0.0,"max_hp_loss":0.0,"gold_gain":0.0,"event_name":"Tomb of Lord Red Mask","player_choice":"Ignored","floor":36.0,"gold_loss":0.0,"damage_taken":0.0},{"damage_healed":0.0,"max_hp_gain":0.0,"max_hp_loss":0.0,"gold_gain":0.0,"event_name":"betterThird:BetterPortal","player_choice":"Random: Orange","floor":38.0,"gold_loss":0.0,"damage_taken":0.0},{"damage_healed":0.0,"max_hp_gain":0.0,"max_hp_loss":0.0,"gold_gain":0.0,"event_name":"Match and Keep!","player_choice":"2 cards matched","floor":38.0,"gold_loss":0.0,"damage_taken":0.0,"cards_obtained":["hierophant:LocustPlague","Dramatic Entrance"]}],"is_beta":false,"boss_relics":[{"not_picked":["hubris:RunicObelisk","hubris:GrandSneckoEye"],"picked":"Cursed Key"},{"not_picked":["hubris:VirtuousBlindfold","Abe\u0027s Treasure"],"picked":"Honey Jar"}],"items_purged_floors":[0],"is_endless":false,"potions_floor_spawned":[3,5,11,24,27,28,29,31,39,46,47,48],"ascension_level":6}}