{"host":"cxvb37eaaiijvrl4","time":1614106602,"event":{"mods":["ATMod(°¢èªMod)","BaseMod","Better Third Choice","Minty Spire (QoL Compilation)","MostiFishMod","Quick Restart","Rare Cards Sparkle","Shop Mod","Spicy Shops","StSLib","TestMod","Uncapped","²ÐÁôÖ®Îï"],"gold_per_floor":[116,41,53,128,142,142,159,190,190,219,231,257,275,303,303,380,380,397,211,211,86,104,136,136,161,161,178,28,48,61,75,75,150,150,164,164,178,191,210,244,258,258,258,272,303,303,259,259,259,259,259,259,259,41,68,68],"floor_reached":57,"language":"ZHS","playtime":2515,"items_purged":["Strike_R","Strike_R","Bash+1","Strike_R+1"],"score":3472,"play_id":"effcd3c2-aa1f-42c6-8753-499299cb96e9","local_time":"20210223105642","is_ascension_mode":true,"campfire_choices":[{"floor":6,"key":"REST"},{"data":"Seeing Red","floor":15,"key":"SMITH"},{"data":"Searing Blow+1","floor":24,"key":"SMITH"},{"data":"Searing Blow+3","floor":32,"key":"SMITH"},{"data":"Searing Blow+9","floor":42,"key":"SMITH"},{"data":"Searing Blow+12","floor":46,"key":"SMITH"},{"floor":49,"key":"RECALL"},{"floor":53,"key":"REST"}],"circlet_count":0,"master_deck":["AscendersBane","AT_BodySlamDance+1","Dark Embrace+1","Evolve+1","Second Wind+1","Feel No Pain+1","Power Through+1","Feel No Pain+1"],"relics":["Burning Blood","testmod-TestBox","DaveBox","AT_ATBox","DSteel32","testmod-AssaultLearning","SynthV:TestCard","testmod-TurbochargingSystem","Toy Ornithopter","Mummified Hand","testmod-LifeArmor","AT_BladeRuinedKing","Runic Cube","Nilry\u0027s Codex","Potion Belt","Omamori","AT_EbonyIvory","Lantern","MerchantsRug","OrangePellets","Happy Flower"],"acts_visited":["Exordium","TheCity","TheBeyond","TheEnding"],"potions_floor_usage":[11,23,30,45,45,56,56,56],"damage_taken":[{"damage":12,"enemies":"Small Slimes","floor":1,"turns":4},{"damage":4,"enemies":"2 Louse","floor":3,"turns":2},{"damage":5,"enemies":"Cultist","floor":5,"turns":3},{"damage":12,"enemies":"Blue Slaver","floor":7,"turns":3},{"damage":12,"enemies":"Lagavulin","floor":8,"turns":6},{"damage":18,"enemies":"3 Sentries","floor":10,"turns":6},{"damage":1,"enemies":"Exordium Wildlife","floor":11,"turns":2},{"damage":10,"enemies":"Gremlin Nob","floor":12,"turns":3},{"damage":10,"enemies":"Lots of Slimes","floor":13,"turns":3},{"damage":4,"enemies":"Lagavulin","floor":14,"turns":3},{"damage":4,"enemies":"Hexaghost","floor":16,"turns":2},{"damage":4,"enemies":"3 Byrds","floor":18,"turns":4},{"damage":10,"enemies":"2 Thieves","floor":22,"turns":2},{"damage":16,"enemies":"Slavers","floor":23,"turns":8},{"damage":13,"enemies":"Gremlin Leader","floor":25,"turns":3},{"damage":0,"enemies":"Snake Plant","floor":27,"turns":2},{"damage":0,"enemies":"3 Cultists","floor":29,"turns":4},{"damage":4,"enemies":"Centurion and Healer","floor":30,"turns":4},{"damage":4,"enemies":"Snake Plant","floor":31,"turns":3},{"damage":21,"enemies":"Champ","floor":33,"turns":3},{"damage":9,"enemies":"3 Darklings","floor":35,"turns":6},{"damage":4,"enemies":"Orb Walker","floor":37,"turns":3},{"damage":0,"enemies":"Jaw Worm Horde","floor":38,"turns":3},{"damage":15,"enemies":"Transient","floor":39,"turns":5},{"damage":4,"enemies":"Reptomancer","floor":40,"turns":1},{"damage":4,"enemies":"4 Shapes","floor":41,"turns":3},{"damage":0,"enemies":"Maw","floor":44,"turns":3},{"damage":6,"enemies":"Nemesis","floor":45,"turns":3},{"damage":0,"enemies":"Awakened One","floor":50,"turns":4},{"damage":0,"enemies":"Donu and Deca","floor":51,"turns":3},{"damage":0,"enemies":"Shield and Spear","floor":55,"turns":2},{"damage":6,"enemies":"The Heart","floor":56,"turns":6}],"seed_played":"-8317767892973798127","potions_obtained":[{"floor":8,"key":"FearPotion"},{"floor":10,"key":"AttackPotion"},{"floor":14,"key":"Block Potion"},{"floor":22,"key":"Strength Potion"},{"floor":25,"key":"Weak Potion"},{"floor":27,"key":"FearPotion"},{"floor":30,"key":"Weak Potion"},{"floor":37,"key":"SkillPotion"},{"floor":44,"key":"DistilledChaos"}],"is_trial":false,"path_per_floor":["M","$","M","?","M","R","M","E","T","E","M","E","M","E","R","B",null,"M","$","?","$","M","E","R","E","T","M","$","M","M","M","R","B",null,"M","?","M","M","M","E","M","R","T","M","E","R","$","?","R","B","B",null,"R","$","E","B",null],"character_chosen":"IRONCLAD","items_purchased":["Feel No Pain","MerchantsRug","OrangePellets","PowerPotion","PowerPotion"],"campfire_rested":2,"item_purchase_floors":[19,47,54,54,54],"current_hp_per_floor":[44,44,46,35,36,58,52,46,46,38,51,47,46,52,52,58,84,90,90,69,69,69,68,68,65,65,75,75,85,96,102,102,91,120,117,117,123,133,124,126,128,128,128,134,137,137,137,137,137,137,137,137,137,137,137,137],"gold":68,"neow_bonus":"THREE_RARE_CARDS","is_daily":false,"chose_seed":false,"campfire_upgraded":5,"win_rate":0.0,"timestamp":1614106602,"path_taken":["M","$","M","?","M","R","M","E","T","E","M","E","M","E","R","BOSS","M","$","?","$","M","E","R","E","T","M","$","M","M","M","R","BOSS","M","?","M","M","M","E","?","R","T","M","E","R","$","?","R","BOSS","BOSS","R","$","E","BOSS"],"items_purchased_type":["Card","Relic","Relic","Potion","Potion"],"build_version":"2020-12-22","purchased_purges":4,"victory":true,"max_hp_per_floor":[75,75,75,75,75,75,75,75,75,79,82,82,85,89,89,93,93,97,97,97,97,101,105,105,109,109,113,113,117,121,125,125,129,129,129,129,133,137,137,137,137,137,137,137,137,137,137,137,137,137,137,137,137,137,137,137],"card_choices":[{"not_picked":["Impervious","Offering"],"picked":"MostiFishMod:FireWorks","floor":0},{"not_picked":["Body Slam","Sever Soul"],"picked":"AT_BodySlamDance","floor":1},{"not_picked":["Iron Wave","Flex","Twin Strike","Clash"],"picked":"Dark Embrace","floor":3},{"not_picked":["Hemokinesis","Thunderclap","Twin Strike","Anger","Flex"],"picked":"SKIP","floor":5},{"not_picked":["Body Slam","Perfected Strike","Twin Strike","Anger"],"picked":"Seeing Red","floor":7},{"not_picked":["MostiFishMod:#F4004","Searing Blow","Dual Wield","Cleave"],"picked":"Feed","floor":8},{"not_picked":["Iron Wave","Perfected Strike","Shrug It Off","Spot Weakness"],"picked":"AT_ShrugMaster","floor":10},{"not_picked":["AT_GerminateFire","Infernal Blade","True Grit","Clothesline","Wild Strike"],"picked":"SKIP","floor":11},{"not_picked":["Dropkick","Reaper","Pommel Strike","Wild Strike","Clothesline"],"picked":"SKIP","floor":12},{"not_picked":["Headbutt","Whirlwind","True Grit","Shockwave"],"picked":"Searing Blow","floor":13},{"not_picked":["Thunderclap","Ghostly Armor","Battle Trance","Reaper"],"picked":"Evolve","floor":14},{"not_picked":["AT_ManFootWork","AT_BodySlamDance+1","Dual Wield","Body Slam"],"picked":"Second Wind","floor":18},{"not_picked":["Clothesline","Heavy Blade+1","Flex+1","Shrug It Off"],"picked":"Power Through","floor":22},{"not_picked":["Infernal Blade","Iron Wave","Armaments+1","Spot Weakness","Cleave"],"picked":"SKIP","floor":23},{"not_picked":["Anger","AT_BodySlamDance","MostiFishMod:DoubleSword","Wild Strike","Clash"],"picked":"SKIP","floor":25},{"not_picked":["Whirlwind","Havoc","Dropkick","AT_ShrugMaster","Fire Breathing"],"picked":"SKIP","floor":27},{"not_picked":["Body Slam","Headbutt+1","Shrug It Off","Entrench"],"picked":"Feel No Pain","floor":29},{"not_picked":["Clash+1","Hemokinesis","Pummel+1","Body Slam","Wild Strike+1"],"picked":"SKIP","floor":30},{"not_picked":["AT_ShrugMaster","Flame Barrier","Intimidate","MostiFishMod:CullingBlade","Bloodletting"],"picked":"SKIP","floor":31},{"not_picked":["MostiFishMod:FireWorks","Fiend Fire","Berserk","MostiFishMod:RacingGame"],"picked":"MostiFishMod:NewArrival","floor":33},{"not_picked":["Flex","Heavy Blade+1","Havoc","Hemokinesis"],"picked":"Shrug It Off","floor":35},{"not_picked":["Sword Boomerang","Burning Pact","Berserk","Blood for Blood"],"picked":"Feel No Pain","floor":37},{"not_picked":["Warcry","Twin Strike","Armaments","Headbutt"],"picked":"Metallicize+1","floor":38},{"not_picked":["Infernal Blade","Wild Strike","Headbutt","Cleave","Armaments"],"picked":"SKIP","floor":39},{"not_picked":["Infernal Blade","Wild Strike","Headbutt","Cleave","Armaments"],"picked":"SKIP","floor":39},{"not_picked":["Pommel Strike","Perfected Strike","Reckless Charge","Fire Breathing"],"picked":"MostiFishMod:UltimateDefense","floor":40},{"not_picked":["Anger","Clothesline","Sever Soul","Iron Wave"],"picked":"Thunderclap","floor":41},{"not_picked":["Armaments","Whirlwind","Wild Strike","Thunderclap+1","Perfected Strike"],"picked":"SKIP","floor":44},{"not_picked":["True Grit","Ghostly Armor+1","AT_DrawKnifeCut","MostiFishMod:RacingGame","MostiFishMod:#F4004+1"],"picked":"SKIP","floor":45},{"not_picked":["True Grit+1","Juggernaut","Second Wind+1","Reckless Charge","AT_IchimonjiDouble+1"],"picked":"SKIP","floor":55}],"player_experience":756513,"relics_obtained":[{"floor":1,"key":"SynthV:TestCard"},{"floor":8,"key":"testmod-TurbochargingSystem"},{"floor":9,"key":"Toy Ornithopter"},{"floor":10,"key":"Mummified Hand"},{"floor":12,"key":"testmod-LifeArmor"},{"floor":14,"key":"AT_BladeRuinedKing"},{"floor":20,"key":"Nilry\u0027s Codex"},{"floor":23,"key":"Potion Belt"},{"floor":25,"key":"StrikeDummy"},{"floor":26,"key":"Omamori"},{"floor":40,"key":"AT_EbonyIvory"},{"floor":45,"key":"Lantern"},{"floor":55,"key":"Happy Flower"}],"event_choices":[{"damage_healed":0,"gold_gain":75,"player_choice":"Gold","damage_taken":11,"max_hp_gain":0,"max_hp_loss":0,"event_name":"betterThird:BetterGoop","floor":4,"gold_loss":0},{"damage_healed":0,"gold_gain":0,"player_choice":"Obtained Book","damage_taken":21,"max_hp_gain":0,"max_hp_loss":0,"event_name":"Cursed Tome","floor":20,"gold_loss":0},{"damage_healed":0,"gold_gain":0,"player_choice":"Upgraded","damage_taken":0,"max_hp_gain":0,"max_hp_loss":0,"event_name":"Upgrade Shrine","floor":36,"gold_loss":0,"cards_upgraded":["Searing Blow"]},{"cards_removed":["Searing Blow"],"damage_healed":0,"gold_gain":0,"player_choice":"Removed Attack","damage_taken":0,"max_hp_gain":0,"max_hp_loss":0,"event_name":"Falling","floor":48,"gold_loss":0}],"is_beta":false,"boss_relics":[{"not_picked":["testmod-IncinerationGenerator","Cursed Key"],"picked":"Runic Cube"},{"not_picked":["testmod-TimeTraveler","Snecko Eye"],"picked":"testmod-KeyOfTheVoid"}],"items_purged_floors":[2,19,21,28],"is_endless":false,"potions_floor_spawned":[8,10,14,16,22,25,27,30,37,44],"ascension_level":20}}