{"host":"ihhmze8k3dygjpvp","time":1614097688,"event":{"mods":["10 clothes from DAL","Act Like it!","BaseMod","Colored Map","Hallownest","Highlight Path","Minty Spire (QoL Compilation)","MostiFishMod","Pale of the Ancients","Quick Restart","RumiaBox-露米娅的神秘盒子","Shop Mod","Spicy Shops","StSLib","TestMod","[IsaacMod]以撒尖塔","【功能Mod】混沌之环修复补丁","【功能Mod】聪明的最终Boss"],"gold_per_floor":[15,78,78,98,111,149,149,182,182,182,207,222,258,137,137,266,266,290,308,75,102,118,164,200,245,245,274,323,323,356,308,308,447,447,482,1481,1347,1430,1430,1477,1159,1159,1238,74,88,132,132,157,157,173,173,173,19,62,80],"floor_reached":56,"language":"ZHS","playtime":1739,"items_purged":["Defend_R","Defend_R","Defend_R","Normality","MostiFishMod:FireWorks","Bash"],"score":2387,"play_id":"96312a22-5184-403c-8460-d5642206ebf9","local_time":"20210224002808","is_ascension_mode":true,"campfire_choices":[{"data":"Body Slam","floor":7,"key":"SMITH"},{"floor":10,"key":"RECALL"},{"data":"Pommel Strike","floor":15,"key":"SMITH"},{"data":"MostiFishMod:PerfectStrikeMKII","floor":29,"key":"SMITH"},{"data":"MostiFishMod:ChineseTea","floor":32,"key":"SMITH"},{"data":"Offering","floor":42,"key":"SMITH"},{"data":"Pommel Strike","floor":47,"key":"SMITH"},{"data":"Twin Strike","floor":49,"key":"SMITH"},{"data":"Strike_R","floor":52,"key":"SMITH"}],"circlet_count":0,"master_deck":["Strike_R","Strike_R","Strike_R+1","Strike_R","Body Slam+1","Offering+1","Pommel Strike+1","MostiFishMod:ChineseTea+1","Twin Strike+1","Pommel Strike+1","Twin Strike+1","MostiFishMod:PerfectStrikeMKII+1","Pommel Strike+1","Twin Strike+1","MostiFishMod:ChineseTea+1"],"relics":["Burning Blood","testmod-TestBox","HushsDoor","EGODaCapo","PillsDrop","testmod-HeartOfStrike","Charon\u0027s Ashes","SynthV:TestCard","Golden Idol","Centennial Puzzle","testmod-Acrobat","testmod-Temperance","MerchantsRug","SalivaCoin","GodSword7","ExusiaiGun","testmod-Déjàvu","testmod-TestBox","Art of War","Civilization","InkBottle","Lantern","MetatronsCube","LastBattle","DollysMirror","DALC_ONE"],"acts_visited":["Exordium","TheCity","TheBeyond","TheEnding"],"potions_floor_usage":[11,13,13],"damage_taken":[{"damage":0,"enemies":"Small Slimes","floor":1,"turns":2},{"damage":0,"enemies":"Cultist","floor":4,"turns":1},{"damage":0,"enemies":"2 Louse","floor":5,"turns":1},{"damage":0,"enemies":"Gremlin Nob","floor":6,"turns":3},{"damage":0,"enemies":"Lagavulin","floor":8,"turns":5},{"damage":0,"enemies":"Exordium Wildlife","floor":11,"turns":2},{"damage":0,"enemies":"Large Slime","floor":12,"turns":4},{"damage":6,"enemies":"3 Sentries","floor":13,"turns":3},{"damage":23,"enemies":"The Guardian","floor":16,"turns":6},{"damage":6,"enemies":"Chosen","floor":18,"turns":2},{"damage":6,"enemies":"2 Thieves","floor":19,"turns":1},{"damage":6,"enemies":"Sentry and Sphere","floor":21,"turns":1},{"damage":6,"enemies":"Snecko","floor":22,"turns":2},{"damage":6,"enemies":"Slavers","floor":23,"turns":1},{"damage":15,"enemies":"Snake Plant","floor":24,"turns":2},{"damage":6,"enemies":"Gremlin Leader","floor":25,"turns":1},{"damage":6,"enemies":"Cultist and Chosen","floor":27,"turns":1},{"damage":6,"enemies":"Book of Stabbing","floor":28,"turns":1},{"damage":0,"enemies":"Slavers","floor":30,"turns":1},{"damage":6,"enemies":"Collector","floor":33,"turns":1},{"damage":6,"enemies":"3 Shapes","floor":35,"turns":1},{"damage":10,"enemies":"2 Orb Walkers","floor":38,"turns":1},{"damage":6,"enemies":"Nemesis","floor":40,"turns":1},{"damage":0,"enemies":"Orb Walker","floor":45,"turns":1},{"damage":0,"enemies":"Giant Head","floor":46,"turns":1},{"damage":0,"enemies":"Transient","floor":48,"turns":2},{"damage":6,"enemies":"Time Eater","floor":50,"turns":8},{"damage":6,"enemies":"Shield and Spear","floor":54,"turns":1},{"damage":0,"enemies":"The Heart","floor":55,"turns":3}],"seed_played":"-1711287758665058399","potions_obtained":[{"floor":5,"key":"LiquidBronze"},{"floor":8,"key":"Fire Potion"},{"floor":11,"key":"SteroidPotion"},{"floor":19,"key":"Explosive Potion"},{"floor":25,"key":"Weak Potion"},{"floor":28,"key":"ElixirPotion"},{"floor":33,"key":"BlessingOfTheForge"},{"floor":45,"key":"Weak Potion"},{"floor":48,"key":"Energy Potion"}],"is_trial":false,"path_per_floor":["M","?","?","M","M","E","R","E","T","R","M","M","E","$","R","B",null,"M","M","$","M","M","E","M","E","T","M","E","R","E","$","R","B",null,"M","?","$","?","?","E","$","R","T","$","M","E","R","M","R","B",null,"R","$","E","B",null],"character_chosen":"IRONCLAD","items_purchased":["Pommel Strike","MerchantsRug","Strange Spoon","Civilization","Lantern","MetatronsCube","DollysMirror"],"campfire_rested":0,"item_purchase_floors":[14,20,31,41,44,44,53],"current_hp_per_floor":[83,68,48,54,60,69,69,75,75,75,81,81,81,81,81,64,81,76,76,76,76,71,71,69,73,73,68,68,68,68,68,68,68,68,68,68,68,68,68,68,68,68,68,68,69,71,71,74,74,78,78,78,78,83,88],"gold":80,"neow_bonus":"ONE_RARE_RELIC","is_daily":false,"chose_seed":false,"campfire_upgraded":8,"win_rate":0.0,"timestamp":1614097688,"path_taken":["M","?","?","M","M","E","R","E","T","R","?","M","E","$","R","BOSS","M","?","$","M","M","E","M","E","T","M","E","R","E","$","R","BOSS","M","?","$","?","?","E","$","R","T","?","M","E","R","M","R","BOSS","R","$","E","BOSS"],"items_purchased_type":["Card","Relic","Relic","Relic","Relic","Relic","Relic"],"build_version":"2020-12-22","purchased_purges":6,"victory":true,"max_hp_per_floor":[83,83,83,83,83,86,86,86,86,86,81,81,81,81,81,81,81,76,76,76,76,71,71,71,73,73,68,68,68,68,68,68,68,68,68,68,68,68,68,68,68,68,68,68,69,71,71,74,74,78,78,78,78,83,88],"card_choices":[{"not_picked":[],"picked":"ChaosCard","floor":0.0},{"not_picked":["Warcry","Clash","Seeing Red"],"picked":"SKIP","floor":1},{"not_picked":["Thunderclap","Flex","Heavy Blade","Clothesline","Body Slam"],"picked":"SKIP","floor":4},{"not_picked":["Thunderclap","Flex","Heavy Blade","Clothesline"],"picked":"Body Slam","floor":4},{"not_picked":["Clothesline","Thunderclap","Anger","Inflame","Reaper"],"picked":"SKIP","floor":5},{"not_picked":["Clothesline","Thunderclap","Anger","Inflame","Reaper"],"picked":"SKIP","floor":5},{"not_picked":["Anger","MostiFishMod:#F4004","Armaments","Ghostly Armor","Thunderclap"],"picked":"SKIP","floor":6},{"not_picked":["Ghostly Armor","Spot Weakness","Clash","Power Through","Uppercut"],"picked":"SKIP","floor":8},{"not_picked":["Cleave","Flame Barrier","True Grit","Rage","Flex"],"picked":"SKIP","floor":11},{"not_picked":["Thunderclap","Dual Wield","Shockwave","Evolve"],"picked":"Offering","floor":12},{"not_picked":["Carnage","MostiFishMod:HellRitual","Second Wind","Armaments","Metallicize"],"picked":"SKIP","floor":13},{"not_picked":["MostiFishMod:CullingBlade","MostiFishMod:HellRitual","Limit Break","MostiFishMod:RacingGame"],"picked":"MostiFishMod:ChineseTea","floor":16},{"not_picked":["Headbutt","Sword Boomerang","True Grit","Iron Wave"],"picked":"Twin Strike","floor":18},{"not_picked":["Bloodletting","Rampage","Clothesline","Second Wind"],"picked":"Pommel Strike+1","floor":19},{"not_picked":["Clash+1","Feed","Havoc+1","Sword Boomerang","Ghostly Armor"],"picked":"SKIP","floor":21},{"not_picked":["True Grit","Flex","Spot Weakness","Shrug It Off","Havoc"],"picked":"SKIP","floor":22},{"not_picked":["Inflame","Flex","Hemokinesis","Clash","MostiFishMod:KnuckleDown"],"picked":"SKIP","floor":23},{"not_picked":["Clash","Shrug It Off","Carnage","Heavy Blade+1"],"picked":"Twin Strike+1","floor":24},{"not_picked":["Armaments+1","Juggernaut","Searing Blow","Iron Wave","Spot Weakness"],"picked":"SKIP","floor":25},{"not_picked":["Bloodletting","Wild Strike","Searing Blow","MostiFishMod:BrandingRite","Shrug It Off"],"picked":"SKIP","floor":27},{"not_picked":["Flex+1","Pommel Strike","Spot Weakness","Disarm"],"picked":"MostiFishMod:PerfectStrikeMKII","floor":28},{"not_picked":["Rampage","Heavy Blade","Armaments+1","Rupture+1"],"picked":"Pommel Strike","floor":30},{"not_picked":["Feed","Immolate","Impervious","MostiFishMod:CullingBlade"],"picked":"MostiFishMod:FireWorks","floor":33},{"not_picked":["Shrug It Off","Cleave+1","Clothesline","Heavy Blade+1","Pommel Strike"],"picked":"SKIP","floor":35},{"not_picked":["Hemokinesis","MostiFishMod:TemporaryOutbreak","Iron Wave","Rupture+1"],"picked":"Twin Strike+1","floor":38},{"not_picked":["Havoc","Pommel Strike+1","Headbutt+1","MostiFishMod:DarkDeal","Shockwave+1"],"picked":"SKIP","floor":40},{"not_picked":["Searing Blow+1","Wild Strike+1","True Grit","Armaments+1","Clothesline"],"picked":"SKIP","floor":45},{"not_picked":["Thunderclap","Limit Break","Warcry+1","Clothesline","Pommel Strike+1"],"picked":"SKIP","floor":46},{"not_picked":["Clothesline+1","Shrug It Off+1","Wild Strike","Heavy Blade","Clash"],"picked":"SKIP","floor":48},{"not_picked":["True Grit+1","Bludgeon","Infernal Blade+1","Anger","Heavy Blade"],"picked":"SKIP","floor":54}],"player_experience":17551,"relics_obtained":[{"floor":1,"key":"SynthV:TestCard"},{"floor":8,"key":"Centennial Puzzle"},{"floor":13,"key":"testmod-Acrobat"},{"floor":23,"key":"SalivaCoin"},{"floor":25,"key":"Strawberry"},{"floor":26,"key":"testmod-OneHitWonder"},{"floor":28,"key":"testmod-Antiphasic"},{"floor":30,"key":"GodSword7"},{"floor":38,"key":"testmod-Déjàvu"},{"floor":40,"key":"Art of War"},{"floor":43,"key":"InkBottle"},{"floor":46,"key":"LastBattle"},{"floor":54,"key":"DALC_ONE"}],"event_choices":[{"damage_healed":0,"gold_gain":0,"player_choice":"Take Damage","damage_taken":20,"relics_obtained":["Golden Idol"],"max_hp_gain":0,"max_hp_loss":0,"event_name":"Golden Idol","floor":3,"gold_loss":0},{"damage_healed":0,"gold_gain":999,"player_choice":"Gold","damage_taken":0,"max_hp_gain":0,"max_hp_loss":0,"event_name":"MindBloom","floor":36,"gold_loss":0,"cards_obtained":["Normality","Normality"]},{"damage_healed":0,"gold_gain":0,"player_choice":"Fight","damage_taken":0,"max_hp_gain":0,"max_hp_loss":0,"event_name":"Mysterious Sphere","floor":38,"gold_loss":0},{"damage_healed":0,"gold_gain":0,"player_choice":"Swap Relic","damage_taken":0,"relics_obtained":["testmod-TestBox"],"max_hp_gain":0,"max_hp_loss":0,"event_name":"给自己的盒子","floor":39,"relics_lost":["DaveBox"],"gold_loss":0}],"is_beta":false,"boss_relics":[{"not_picked":["RhineFirstAidKit","HereWithMe"],"picked":"testmod-Temperance"},{"not_picked":[]},{"not_picked":["testmod-Fanaticism","testmod-Prudence"],"picked":"ExusiaiGun"},{"not_picked":[]}],"items_purged_floors":[14,20,31,37,41,44],"is_endless":false,"potions_floor_spawned":[5,8,11,19,25,28,33,45,48],"ascension_level":3}}