{"host":"5bsc0nab6whpyrbj","time":1614040994,"event":{"mods":["BaseMod","Highlight Path","Minty Spire (QoL Compilation)"],"gold_per_floor":[113,131,131,131,19,19,19,294,294,309,344,519,519,535,535,659,659,678,451,451,451,467,467,508,524,549,549,563,179,179,194,194,194,194],"floor_reached":33,"language":"ENG","playtime":720,"items_purged":["Normality","Injury"],"score":288,"play_id":"7c481aae-f54f-484f-a9ed-12d0e42257ec","local_time":"20210222194314","is_ascension_mode":false,"campfire_choices":[{"data":"Chill","floor":6,"key":"SMITH"},{"floor":15,"key":"REST"},{"data":"Electrodynamics","floor":23,"key":"SMITH"},{"floor":27,"key":"REST"},{"floor":32,"key":"REST"}],"circlet_count":0,"master_deck":["Strike_B","Strike_B+1","Strike_B","Defend_B+1","Defend_B","Defend_B","Defend_B","Zap","Chill+1","Gash","Barrage","Static Discharge","Electrodynamics+1","Barrage+1","Go for the Eyes+1","Biased Cognition+1","Gash+1","Loop","Ball Lightning+1","Capacitor","Ball Lightning+1","Capacitor","Gash+1","Static Discharge","Gash+1","Gash+1"],"relics":["Cracked Core","Golden Idol","Molten Egg 2","PreservedInsect","Empty Cage","Dream Catcher","Ancient Tea Set","Lee\u0027s Waffle","Tiny Chest"],"acts_visited":["Exordium","TheCity"],"potions_floor_usage":[11,16,18,28,31],"damage_taken":[{"damage":4,"enemies":"Cultist","floor":1,"turns":3},{"damage":0,"enemies":"Small Slimes","floor":2,"turns":3},{"damage":9,"enemies":"Jaw Worm","floor":10,"turns":2},{"damage":13,"enemies":"3 Sentries","floor":11,"turns":3},{"damage":0,"enemies":"Lots of Slimes","floor":14,"turns":3},{"damage":13,"enemies":"Slime Boss","floor":16,"turns":6},{"damage":2,"enemies":"3 Byrds","floor":18,"turns":4},{"damage":22,"enemies":"Shell Parasite","floor":22,"turns":3},{"damage":1,"enemies":"Gremlin Leader","floor":24,"turns":4},{"damage":3,"enemies":"Snecko","floor":25,"turns":4},{"damage":10,"enemies":"Centurion and Healer","floor":28,"turns":6},{"damage":31,"enemies":"Shelled Parasite and Fungi","floor":31,"turns":4},{"damage":83,"enemies":"Automaton","floor":33,"turns":6}],"seed_played":"-8514831678729195677","potions_obtained":[{"floor":1,"key":"PowerPotion"},{"floor":11,"key":"PowerPotion"},{"floor":16,"key":"Explosive Potion"},{"floor":24,"key":"EssenceOfSteel"},{"floor":25,"key":"Explosive Potion"},{"floor":31,"key":"Explosive Potion"}],"is_trial":false,"path_per_floor":["M","M","?","?","$","R","$","?","T","M","E","?","?","M","R","B",null,"M","$","?","?","M","R","E","M","T","R","M","$","?","M","R","B"],"character_chosen":"DEFECT","items_purchased":["Static Discharge","Loop","Ball Lightning+1","Lee\u0027s Waffle","Static Discharge","Tiny Chest"],"campfire_rested":3,"item_purchase_floors":[5,19,19,29,29,29],"current_hp_per_floor":[71,71,56,56,56,56,56,56,56,47,34,34,59,59,75,62,75,73,73,73,73,51,51,50,47,47,69,59,82,82,51,75,0,0],"gold":194,"neow_bonus":"TRANSFORM_TWO_CARDS","is_daily":false,"chose_seed":false,"campfire_upgraded":2,"win_rate":0.0,"timestamp":1614040994,"path_taken":["M","M","?","?","$","R","$","?","T","?","E","?","?","M","R","BOSS","M","$","?","?","M","R","E","?","T","R","M","?","?","?","R","BOSS"],"items_purchased_type":["Card","Card","Card","Relic","Card","Relic"],"build_version":"2020-12-22","purchased_purges":2,"victory":false,"max_hp_per_floor":[75,75,75,75,75,75,75,75,75,75,75,75,75,75,75,75,75,75,75,75,75,75,75,75,75,75,75,75,82,82,82,82,82,82],"card_choices":[{"not_picked":["Compile Driver","Lockon"],"picked":"Gash","floor":1},{"not_picked":["Cold Snap","BootSequence"],"picked":"Barrage","floor":2},{"not_picked":["Barrage+1","Turbo"],"picked":"Electrodynamics","floor":10},{"not_picked":["Rainbow","Consume"],"picked":"Barrage+1","floor":11},{"not_picked":["Leap","Streamline+1"],"picked":"Go for the Eyes+1","floor":14},{"not_picked":["Reboot","Fission"],"picked":"Biased Cognition","floor":16},{"not_picked":["Compile Driver+1","Rip and Tear+1"],"picked":"Gash+1","floor":18},{"not_picked":["Coolheaded","Cold Snap+1","Steam Power"],"picked":"SKIP","floor":22},{"not_picked":["Beam Cell+1","Coolheaded"],"picked":"Capacitor","floor":24},{"not_picked":["Fusion+1","Conserve Battery+1"],"picked":"Ball Lightning+1","floor":25},{"not_picked":["Steam","Ball Lightning+1"],"picked":"Capacitor","floor":27},{"not_picked":["Cold Snap+1","Sunder+1"],"picked":"Gash+1","floor":28},{"not_picked":["Aggregate+1","Leap"],"picked":"Gash+1","floor":31},{"not_picked":["Leap","Rebound+1"],"picked":"Gash+1","floor":32}],"player_experience":107403,"relics_obtained":[{"floor":9,"key":"Molten Egg 2"},{"floor":11,"key":"PreservedInsect"},{"floor":24,"key":"Dream Catcher"},{"floor":26,"key":"Ancient Tea Set"}],"event_choices":[{"damage_healed":0,"gold_gain":0,"player_choice":"Entered Light","damage_taken":15,"max_hp_gain":0,"max_hp_loss":0,"event_name":"Shining Light","floor":3,"gold_loss":0,"cards_upgraded":["Defend_B","Strike_B"]},{"damage_healed":0,"gold_gain":0,"player_choice":"Take Wound","damage_taken":0,"relics_obtained":["Golden Idol"],"max_hp_gain":0,"max_hp_loss":0,"event_name":"Golden Idol","floor":4,"gold_loss":0,"cards_obtained":["Injury"]},{"damage_healed":0,"gold_gain":275,"player_choice":"Desecrate","damage_taken":0,"max_hp_gain":0,"max_hp_loss":0,"event_name":"Golden Shrine","floor":8,"gold_loss":0,"cards_obtained":["Regret"]},{"damage_healed":0,"gold_gain":175,"player_choice":"AGREE","damage_taken":0,"max_hp_gain":0,"max_hp_loss":0,"event_name":"Liars Game","floor":12,"gold_loss":0,"cards_obtained":["Doubt"]},{"damage_healed":25,"gold_gain":0,"player_choice":"Banana","damage_taken":0,"max_hp_gain":0,"max_hp_loss":0,"event_name":"Big Fish","floor":13,"gold_loss":0},{"damage_healed":0,"gold_gain":0,"player_choice":"Ignored","damage_taken":0,"max_hp_gain":0,"max_hp_loss":0,"event_name":"Vampires","floor":20,"gold_loss":0},{"cards_removed":["Sunder"],"damage_healed":0,"gold_gain":0,"player_choice":"Purged","damage_taken":0,"max_hp_gain":0,"max_hp_loss":0,"event_name":"Purifier","floor":21,"gold_loss":0},{"damage_healed":0,"gold_gain":0,"player_choice":"Forge","damage_taken":0,"max_hp_gain":0,"max_hp_loss":0,"event_name":"Accursed Blacksmith","floor":30,"gold_loss":0,"cards_upgraded":["Biased Cognition"]}],"is_beta":false,"boss_relics":[{"not_picked":["Runic Pyramid","Tiny House"],"picked":"Empty Cage"}],"items_purged_floors":[5,19],"is_endless":false,"potions_floor_spawned":[1,11,16,24,25,31],"killed_by":"Automaton","ascension_level":0}}