{"host":"df48i9djcn92c5sx","time":1614063920,"event":{"mods":["Act Like it!","Arknights","BaseMod","Decade(王小明)","Downfall","Gensokyo","Marisa（F雨　魔理沙）","Minty Spire (QoL Compilation)","READ ME - Guardian Mod","READ ME - Snecko Mod","Reimu（博丽灵梦）","Remilia（蕾米莉亚）","Shop Mod","StSLib","The Jungle","The Servant 0.9.4"],"gold_per_floor":[110,260,260,54,68,68,99,111,123,135,180,207,219,262,274,357,369,400,27,37,37,37],"floor_reached":21,"language":"ZHS","playtime":436,"items_purged":[],"score":396,"play_id":"e8cd0eac-cb07-412d-ab49-3275d40fc5c9","local_time":"20210223150520","is_ascension_mode":true,"campfire_choices":[{"data":"Genetic Algorithm","floor":6.0,"key":"SMITH"},{"data":"Lockon","floor":8.0,"key":"SMITH"},{"data":"Zap","floor":10.0,"key":"SMITH"},{"data":"Loop","floor":13.0,"key":"SMITH"},{"data":"Static Discharge","floor":15,"key":"SMITH"}],"circlet_count":0,"master_deck":["AscendersBane","Strike_B","Strike_B+1","Strike_B+1","Strike_B","Defend_B","Defend_B","Defend_B","Defend_B","Zap+1","Dualcast","Loop+1","Lockon+1","Genetic Algorithm+1","Heatsinks","Static Discharge+1","Ball Lightning","Multi-Cast","Double Energy+1","Steam+1","Auto Shields+1"],"relics":["Cracked Core","NeowsBlessing","Runic Capacitor","MawBank","StrikeDummy","Whetstone","CrazyTorch:ReiMu","Coffee Dripper","Toxic Egg 2"],"acts_visited":["Exordium","TheCity"],"potions_floor_usage":[18,20],"damage_taken":[{"damage":0.0,"enemies":"Small Slimes","floor":1.0,"turns":1.0},{"damage":0.0,"enemies":"2 Louse","floor":5.0,"turns":1.0},{"damage":0.0,"enemies":"Gremlin Nob","floor":7.0,"turns":1.0},{"damage":20.0,"enemies":"Lagavulin","floor":11.0,"turns":6.0},{"damage":1.0,"enemies":"Cultist","floor":12.0,"turns":4.0},{"damage":25.0,"enemies":"3 Sentries","floor":14.0,"turns":6.0},{"damage":8,"enemies":"Hexaghost","floor":16,"turns":6},{"damage":20,"enemies":"3 Byrds","floor":18,"turns":2},{"damage":14,"enemies":"2 Thieves","floor":20,"turns":2},{"damage":23,"enemies":"Centurion and Healer","floor":21,"turns":1}],"seed_played":"-7341448828532175868","potions_obtained":[{"floor":1.0,"key":"FocusPotion"},{"floor":16,"key":"Swift Potion"},{"floor":18,"key":"AttackPotion"}],"is_trial":false,"path_per_floor":["M","?","?","$","M","R","E","R","T","R","E","M","R","E","R","B",null,"M","$","M","M"],"character_chosen":"DEFECT","items_purchased":["Runic Capacitor","Lockon","Toxic Egg 2","Steam+1","Auto Shields+1"],"campfire_rested":0,"item_purchase_floors":[4,4,19,19,19],"current_hp_per_floor":[64,64,64,64,64,64,64,64,64,64,44,43,43,18,18,10,56,36,36,22,0,0],"gold":37,"neow_bonus":"THREE_ENEMY_KILL","is_daily":false,"chose_seed":false,"campfire_upgraded":5,"win_rate":0.0,"timestamp":1614063920,"path_taken":["M","?","?","$","M","R","E","R","T","R","E","M","R","E","R","BOSS","M","$","M","M"],"items_purchased_type":["Relic","Card","Relic","Card","Card"],"build_version":"2020-12-22","purchased_purges":0,"victory":false,"max_hp_per_floor":[71,71,71,71,71,71,71,71,71,71,71,71,71,71,71,71,71,71,71,71,71,71],"card_choices":[{"not_picked":["Gash","Barrage"],"picked":"Loop","floor":1.0},{"not_picked":["Reprogram","Gash"],"picked":"Genetic Algorithm","floor":5.0},{"not_picked":["Sweeping Beam","Undo"],"picked":"Heatsinks","floor":7.0},{"not_picked":["Capacitor","Cold Snap"],"picked":"Static Discharge","floor":11.0},{"not_picked":["Amplify","Turbo"],"picked":"Ball Lightning","floor":12.0},{"not_picked":["Gash","Compile Driver","Sweeping Beam"],"picked":"SKIP","floor":14.0},{"not_picked":["Buffer","Machine Learning"],"picked":"Multi-Cast","floor":16},{"not_picked":["Turbo","Stack"],"picked":"Double Energy+1","floor":18},{"not_picked":["Beam Cell","Go for the Eyes","Aggregate+1"],"picked":"SKIP","floor":20}],"player_experience":1618100,"relics_obtained":[{"floor":7.0,"key":"MawBank"},{"floor":9.0,"key":"StrikeDummy"},{"floor":11.0,"key":"Whetstone"},{"floor":14.0,"key":"CrazyTorch:ReiMu"}],"event_choices":[{"damage_healed":0.0,"max_hp_gain":0.0,"max_hp_loss":0.0,"gold_gain":150.0,"event_name":"Liars Game","player_choice":"AGREE","floor":2.0,"gold_loss":0.0,"damage_taken":0.0,"cards_obtained":["Doubt"]},{"cards_removed":["Doubt"],"damage_healed":0.0,"max_hp_gain":0.0,"max_hp_loss":0.0,"gold_gain":0.0,"event_name":"Purifier","player_choice":"Purged","floor":3.0,"gold_loss":0.0,"damage_taken":0.0}],"is_beta":false,"boss_relics":[{"not_picked":["expansioncontent:StudyCardRelic","Inserter"],"picked":"Coffee Dripper"}],"items_purged_floors":[],"is_endless":false,"potions_floor_spawned":[1,16,18],"killed_by":"Centurion and Healer","ascension_level":16}}