{"host":"qfmqsclrfy207o1q","time":1614051342,"event":{"mods":["2.2 Compatiblity","AchievementEnabler","BaseMod","BetterRewards","Colored Map","Colored Powertips","Curses Come First","Dark Map","Downfall","Infinite Spire","Minty Spire (QoL Compilation)","Quick Restart","Rare Cards Sparkle","Relic Stats","Shop Mod","StSLib"],"gold_per_floor":[109,30,30,49,76,76,76,109,109,127,127,127,146,166,166,265,265,278,278,289,229,246,246,264,264,264,464,484,19,19,19,19,123,123,135,135,147,147,147,160,160,160,160,160,171,171,171,171,171,171],"floor_reached":51,"language":"ENG","playtime":1964,"items_purged":[],"score":743,"play_id":"734af58d-8149-429e-8652-a44a1846d6bf","local_time":"20210222203542","is_ascension_mode":false,"campfire_choices":[{"data":"Inflame","floor":6,"key":"SMITH"},{"data":"Inflame","floor":15,"key":"SMITH"},{"data":"Iron Wave","floor":23,"key":"SMITH"},{"floor":25,"key":"REST"},{"data":"Double Tap","floor":30,"key":"SMITH"},{"data":"Mayhem","floor":32,"key":"SMITH"},{"floor":41,"key":"REST"},{"floor":47,"key":"REST"},{"data":"infinitespire:Collect","floor":49,"key":"SMITH"}],"circlet_count":0,"master_deck":["Strike_R","Strike_R","Strike_R","Strike_R","Defend_R","Defend_R","Defend_R","Defend_R","Bash","Inflame+1","Flame Barrier","Fire Breathing+1","Ghostly Armor","Flash of Steel","Combust","Inflame+1","Impervious","Iron Wave+1","Shrug It Off","Blood for Blood","Rage","Body Slam+1","Heavy Blade+1","Cleave","Mayhem+1","Double Tap+1","Bludgeon","Uppercut+1","Decay","Feel No Pain+1","infinitespire:Collect+1","Heavy Blade","Anger"],"relics":["Burning Blood","NeowsBlessing","Centennial Puzzle","NlothsMask","Mummified Hand","bronze:MakeshiftBattery","Pen Nib","Membership Card","Juzu Bracelet","Potion Belt","Busted Crown","HornCleat","Ornamental Fan","downfall:ExtraCursedKey","Black Blood","Toolbox"],"acts_visited":["Exordium","TheCity","TheBeyond"],"potions_floor_usage":[16,16,16,22,33,50,50],"damage_taken":[{"damage":0,"enemies":"Cultist","floor":1,"turns":1},{"damage":0,"enemies":"Jaw Worm","floor":4,"turns":1},{"damage":0,"enemies":"3 Sentries","floor":8,"turns":1},{"damage":0,"enemies":"2 Louse","floor":10,"turns":3},{"damage":6,"enemies":"Lots of Slimes","floor":13,"turns":5},{"damage":1,"enemies":"3 Louse","floor":14,"turns":3},{"damage":1,"enemies":"Slime Boss","floor":16,"turns":6},{"damage":19,"enemies":"3 Byrds","floor":18,"turns":5},{"damage":5,"enemies":"Spheric Guardian","floor":20,"turns":5},{"damage":6,"enemies":"Centurion and Healer","floor":22,"turns":7},{"damage":11,"enemies":"3 Cultists","floor":24,"turns":5},{"damage":7,"enemies":"Cultist and Chosen","floor":28,"turns":5},{"damage":52,"enemies":"Automaton","floor":33,"turns":9},{"damage":9,"enemies":"3 Shapes","floor":35,"turns":5},{"damage":3,"enemies":"3 Darklings","floor":37,"turns":4},{"damage":14,"enemies":"Sphere and 2 Shapes","floor":40,"turns":5},{"damage":16,"enemies":"Maw","floor":45,"turns":6},{"damage":113,"enemies":"Time Eater","floor":50,"turns":9}],"seed_played":"3195601435078551260","potions_obtained":[{"floor":1,"key":"Dexterity Potion"},{"floor":8,"key":"Ancient Potion"},{"floor":13,"key":"Strength Potion"},{"floor":16,"key":"Energy Potion"},{"floor":28,"key":"Swift Potion"},{"floor":35,"key":"Strength Potion"},{"floor":40,"key":"FairyPotion"},{"floor":45,"key":"Block Potion"}],"is_trial":false,"path_per_floor":["M","$","?","M","T","R","?","E","T","M","?","?","M","M","R","B",null,"M","?","M","?","M","R","M","R","T","?","M","$","R","$","R","B",null,"M","?","M","?","?","M","R","T","T","?","M","AVR","R","?","R","B",null],"character_chosen":"IRONCLAD","items_purchased":["Inflame","Membership Card","Juzu Bracelet","Potion Belt","Mayhem","Double Tap"],"campfire_rested":3,"item_purchase_floors":[2,29,29,29,29,29],"current_hp_per_floor":[80,80,85,85,85,85,85,85,85,85,85,85,85,85,85,85,85,72,72,73,73,73,73,68,85,85,85,84,84,84,84,84,38,85,82,82,85,85,65,57,82,82,82,82,72,72,85,85,85,22],"gold":171,"neow_bonus":"THREE_ENEMY_KILL","is_daily":false,"chose_seed":false,"campfire_upgraded":6,"win_rate":0.0,"timestamp":1614051342,"path_taken":["M","$","?","M","?","R","?","E","T","?","?","?","?","M","R","BOSS","M","?","M","?","?","R","M","R","T","?","M","$","R","$","R","BOSS","M","?","M","?","?","M","R","?","T","?","M","AVR","R","?","R","BOSS"],"items_purchased_type":["Card","Relic","Relic","Relic","Card","Card"],"build_version":"2020-12-22","purchased_purges":0,"victory":true,"max_hp_per_floor":[80,80,85,85,85,85,85,85,85,85,85,85,85,85,85,85,85,85,85,85,85,85,85,85,85,85,85,85,85,85,85,85,85,85,85,85,85,85,85,85,85,85,85,85,85,85,85,85,85,85],"relic_stats":{"Centennial Puzzle":[42],"Busted Crown":12,"counters":[18,85],"Mummified Hand":[61],"Ornamental Fan":[36],"Black Blood":86,"Pen Nib":[9],"Juzu Bracelet":2,"obtain_stats":[{"Potion Belt":29,"NeowsBlessing":0,"Black Blood":46,"Pen Nib":26,"Juzu Bracelet":29,"Burning Blood":0,"Centennial Puzzle":5,"Busted Crown":34,"HornCleat":42,"Mummified Hand":8,"Ornamental Fan":43,"Toolbox":46,"downfall:ExtraCursedKey":44,"Membership Card":29,"bronze:MakeshiftBattery":17,"NlothsMask":7},{"Potion Belt":12,"NeowsBlessing":0,"Black Blood":17,"Pen Nib":11,"Juzu Bracelet":12,"Burning Blood":0,"Centennial Puzzle":2,"Busted Crown":13,"HornCleat":16,"Mummified Hand":3,"Ornamental Fan":16,"Toolbox":17,"downfall:ExtraCursedKey":16,"Membership Card":12,"bronze:MakeshiftBattery":7,"NlothsMask":2},{"Potion Belt":47,"NeowsBlessing":0,"Black Blood":76,"Pen Nib":42,"Juzu Bracelet":47,"Burning Blood":0,"Centennial Puzzle":2,"Busted Crown":56,"HornCleat":70,"Mummified Hand":3,"Ornamental Fan":70,"Toolbox":76,"downfall:ExtraCursedKey":70,"Membership Card":47,"bronze:MakeshiftBattery":20,"NlothsMask":2}],"Burning Blood":86},"card_choices":[{"not_picked":["Body Slam","Headbutt"],"picked":"True Grit","floor":1},{"not_picked":["Searing Blow","Pummel"],"picked":"Flame Barrier","floor":4},{"not_picked":["Blood for Blood","Dropkick"],"picked":"Fire Breathing","floor":8},{"not_picked":["Twin Strike","Rampage"],"picked":"Ghostly Armor","floor":10},{"not_picked":["Pommel Strike","True Grit"],"picked":"Combust","floor":13},{"not_picked":["Cleave","Feed"],"picked":"Inflame","floor":14},{"not_picked":["Fiend Fire","Brutality"],"picked":"Impervious","floor":16},{"not_picked":["Twin Strike+1","Searing Blow"],"picked":"Iron Wave","floor":18},{"not_picked":["Twin Strike","Carnage"],"picked":"Shrug It Off","floor":20},{"not_picked":["Headbutt","Burning Pact+1"],"picked":"Body Slam+1","floor":22},{"not_picked":["Perfected Strike","Headbutt"],"picked":"Heavy Blade+1","floor":24},{"not_picked":["Thunderclap","Armaments"],"picked":"Cleave","floor":28},{"not_picked":["Corruption","Feed"],"picked":"Bludgeon","floor":33},{"not_picked":[],"picked":"Uppercut+1","floor":35},{"not_picked":[],"picked":"Feel No Pain+1","floor":37},{"not_picked":["infinitespire:Gouge","infinitespire:DeathsTouch"],"picked":"infinitespire:Collect","floor":39},{"not_picked":[],"picked":"Heavy Blade","floor":40},{"not_picked":[],"picked":"Anger","floor":45}],"player_experience":34640,"relics_obtained":[{"floor":5,"key":"Centennial Puzzle"},{"floor":8,"key":"Mummified Hand"},{"floor":26,"key":"Pen Nib"},{"floor":42,"key":"HornCleat"},{"floor":43,"key":"Ornamental Fan"}],"event_choices":[{"damage_healed":0,"gold_gain":0,"player_choice":"Donut","damage_taken":0,"max_hp_gain":5,"max_hp_loss":0,"event_name":"Big Fish","floor":3,"gold_loss":0},{"damage_healed":0,"gold_gain":0,"player_choice":"Trade","damage_taken":0,"relics_obtained":["NlothsMask"],"max_hp_gain":0,"max_hp_loss":0,"event_name":"FaceTrader","floor":7,"gold_loss":0},{"damage_healed":0,"gold_gain":0,"player_choice":"1 cards matched","damage_taken":0,"max_hp_gain":0,"max_hp_loss":0,"event_name":"Match and Keep!","floor":12,"gold_loss":0,"cards_obtained":["Flash of Steel"]},{"damage_healed":0,"gold_gain":0,"player_choice":"Ignored","damage_taken":0,"max_hp_gain":0,"max_hp_loss":0,"event_name":"Vampires","floor":19,"gold_loss":0},{"damage_healed":0,"gold_gain":0,"cards_transformed":["True Grit","Strike_R"],"player_choice":"Transformed Cards","damage_taken":0,"max_hp_gain":0,"max_hp_loss":0,"event_name":"Designer","floor":21,"gold_loss":60,"cards_obtained":["Blood for Blood","Rage"]},{"damage_healed":0,"gold_gain":200,"player_choice":"Gold","damage_taken":0,"max_hp_gain":0,"max_hp_loss":0,"event_name":"Wheel of Change","floor":27,"gold_loss":0},{"damage_healed":0,"gold_gain":0,"player_choice":"Cursed","damage_taken":0,"max_hp_gain":0,"max_hp_loss":0,"event_name":"Wheel of Change","floor":36,"gold_loss":0,"cards_obtained":["Decay"]},{"damage_healed":0,"gold_gain":0,"player_choice":"Ignored","damage_taken":0,"max_hp_gain":0,"max_hp_loss":0,"event_name":"Tomb of Lord Red Mask","floor":38,"gold_loss":0},{"damage_healed":0,"gold_gain":0,"player_choice":"Ignored","damage_taken":0,"max_hp_gain":0,"max_hp_loss":0,"event_name":"Mysterious Sphere","floor":48,"gold_loss":0}],"is_beta":false,"boss_relics":[{"not_picked":["Runic Pyramid","Velvet Choker"],"picked":"bronze:MakeshiftBattery"},{"not_picked":["Coffee Dripper","infinitespire:Cupcake"],"picked":"Busted Crown"}],"items_purged_floors":[],"is_endless":false,"potions_floor_spawned":[1,8,13,14,16,28,35,40,45],"ascension_level":0}}