{"host":"d2y4rmbezebiv8aj","time":1614069008,"event":{"mods":["AchievementEnabler","BaseMod","Bestiary","BetterRewards","Colored Map","Colored Powertips","Custom Start","Highlight Path","Minty Spire (QoL Compilation)","Quick Restart","Rare Cards Sparkle","Relic Sorter","Relic Stats","Shop Mod","Slay-I","StSLib","SuperFastMode"],"gold_per_floor":[118,134,144,163,178,207,218,253,253,253,280,164,164,181,181,256,256,276,294,294,226,238,272,295,307,319,358,390,402,414,438,450,539,551,575,599,611,623,651,663,275,292,292,310,345,363,213,229,229,229],"floor_reached":51,"language":"DEU","playtime":2273,"items_purged":[],"score":1807,"play_id":"d746dedc-5d83-480a-a2f0-965f4405d0d5","local_time":"20210223093008","is_ascension_mode":true,"campfire_choices":[{"data":"Echo Form","floor":10.0,"key":"SMITH"},{"data":"Apotheosis","floor":15.0,"key":"SMITH"},{"data":"Capacitor","floor":29,"key":"SMITH"},{"data":"Defragment","floor":32,"key":"SMITH"},{"data":"Creative AI","floor":40,"key":"SMITH"},{"data":"Defragment","floor":49,"key":"SMITH"}],"circlet_count":0,"master_deck":["AscendersBane","Strike_B","Strike_B","Strike_B","Strike_B","Defend_B","Defend_B","Defend_B","Defend_B","Zap","Dualcast","Defragment+1","Apotheosis+1","Conserve Battery","Self Repair","Dramatic Entrance","Self Repair","Hello World","Coolheaded","Ball Lightning","Lockon","Ball Lightning","Capacitor+1","Storm","Echo Form+1","Glacier","Self Repair","Defragment+1","Defragment","Self Repair","Shame","Defragment","Creative AI+1","Turbo+1","Capacitor"],"relics":["Cracked Core","Lee\u0027s Waffle","Lantern","Sling","Bronze Scales","Happy Flower","Toolbox","Matryoshka","Bottled Tornado","Gremlin Horn","Bag of Preparation","Dream Catcher","GremlinMask","Inserter","Bag of Marbles","Mango","MawBank","Regal Pillow","Gambling Chip","Omamori","SlaversCollar","ClockworkSouvenir","Singing Bowl","Nunchaku","MealTicket","Runic Capacitor"],"acts_visited":["Exordium","TheCity","TheBeyond"],"potions_floor_usage":[36,39,44,50,50],"damage_taken":[{"damage":7.0,"enemies":"Jaw Worm","floor":1.0,"turns":3.0},{"damage":0.0,"enemies":"Cultist","floor":2.0,"turns":3.0},{"damage":0.0,"enemies":"2 Louse","floor":3.0,"turns":1.0},{"damage":12.0,"enemies":"Blue Slaver","floor":4.0,"turns":3.0},{"damage":8.0,"enemies":"Lots of Slimes","floor":5.0,"turns":1.0},{"damage":19.0,"enemies":"Lagavulin","floor":6.0,"turns":6.0},{"damage":1.0,"enemies":"2 Fungi Beasts","floor":7.0,"turns":2.0},{"damage":26.0,"enemies":"3 Sentries","floor":8.0,"turns":5.0},{"damage":3.0,"enemies":"Gremlin Nob","floor":11.0,"turns":3.0},{"damage":5.0,"enemies":"3 Louse","floor":14.0,"turns":2.0},{"damage":0.0,"enemies":"Slime Boss","floor":16.0,"turns":5.0},{"damage":12.0,"enemies":"Shell Parasite","floor":18.0,"turns":4.0},{"damage":0.0,"enemies":"Spheric Guardian","floor":19.0,"turns":3.0},{"damage":39.0,"enemies":"Snake Plant","floor":22.0,"turns":4.0},{"damage":15.0,"enemies":"Gremlin Leader","floor":23.0,"turns":6.0},{"damage":32.0,"enemies":"Centurion and Healer","floor":24.0,"turns":5.0},{"damage":58.0,"enemies":"Slavers","floor":27.0,"turns":5.0},{"damage":41,"enemies":"Shelled Parasite and Fungi","floor":28,"turns":5},{"damage":39,"enemies":"Snake Plant","floor":31,"turns":3},{"damage":50,"enemies":"Collector","floor":33,"turns":8},{"damage":18,"enemies":"Orb Walker","floor":35,"turns":5},{"damage":14,"enemies":"3 Darklings","floor":36,"turns":5},{"damage":59,"enemies":"Jaw Worm Horde","floor":39,"turns":4},{"damage":28,"enemies":"Spire Growth","floor":42,"turns":3},{"damage":46,"enemies":"3 Darklings","floor":44,"turns":5},{"damage":82,"enemies":"Reptomancer","floor":45,"turns":5},{"damage":35,"enemies":"Writhing Mass","floor":46,"turns":6},{"damage":25,"enemies":"4 Shapes","floor":48,"turns":4},{"damage":238,"enemies":"Awakened One","floor":50,"turns":9}],"seed_played":"-6780083952858660469","potions_obtained":[{"floor":2.0,"key":"Strength Potion"},{"floor":3.0,"key":"Energy Potion"},{"floor":27.0,"key":"Strength Potion"},{"floor":35,"key":"Block Potion"},{"floor":42,"key":"Block Potion"},{"floor":45,"key":"BlessingOfTheForge"},{"floor":48,"key":"EssenceOfSteel"}],"is_trial":false,"path_per_floor":["M","M","M","M","M","E","M","E","T","R","E","$","?","M","R","B",null,"M","M","T","$","M","E","M","?","T","E","M","R","?","M","R","B",null,"M","M","?","$","M","R","$","M","T","M","E","M","$","M","R","B",null],"character_chosen":"DEFECT","items_purchased":["Defragment","Apotheosis","Conserve Battery","Lee\u0027s Waffle","Self Repair","Lantern","Dramatic Entrance","Self Repair","Sling","Bronze Scales","Hello World","Happy Flower","Toolbox","Glacier","Self Repair","Defragment","ClockworkSouvenir","Singing Bowl","Runic Capacitor"],"campfire_rested":0,"item_purchase_floors":[0,0,0,0,0,0,0,0,0,0,0,0,0,12,12,21,41,41,47],"current_hp_per_floor":[78,78,78,73,65,60,66,60,60,60,71,71,71,73,73,78,78,78,78,92,92,74,89,78,78,78,40,69,69,92,74,74,58,84,66,92,92,92,70,70,70,61,61,24,83,94,100,89,89,61],"gold":229,"neow_bonus":"","is_daily":false,"chose_seed":false,"campfire_upgraded":6,"win_rate":0.0,"timestamp":1614069008,"path_taken":["M","M","M","M","M","E","M","E","T","R","E","$","?","?","R","BOSS","M","M","?","$","M","E","M","?","T","E","M","R","?","M","R","BOSS","M","M","?","$","M","R","$","M","T","M","E","M","$","M","R","BOSS"],"items_purchased_type":["Card","Card","Card","Relic","Card","Relic","Card","Card","Relic","Relic","Card","Relic","Relic","Card","Card","Card","Relic","Relic","Relic"],"build_version":"2020-12-22","purchased_purges":0,"victory":true,"max_hp_per_floor":[78,78,78,78,78,78,78,78,78,78,78,78,78,78,78,78,78,78,78,92,92,92,92,92,92,92,92,92,92,92,92,92,92,92,92,92,92,92,92,92,92,94,94,96,98,100,100,100,100,100],"relic_stats":{"Lee\u0027s Waffle":56,"Regal Pillow":0,"Inserter":[73],"Happy Flower":[41],"Gremlin Horn":[25,25],"Singing Bowl":8,"counters":[81,416],"Bag of Preparation":[42],"MawBank":216,"Dream Catcher":0,"Nunchaku":[2],"Bronze Scales":[382],"Gambling Chip":[41],"MealTicket":6,"obtain_stats":[{"Gremlin Horn":9,"Runic Capacitor":21,"Bottled Tornado":8,"Sling":0,"Blood Vial":8,"Lizard Tail":6,"Centennial Puzzle":46,"MealTicket":45,"Toxic Egg 2":29,"Pear":37,"Happy Flower":0,"Blue Candle":43,"Oddly Smooth Stone":9,"Question Card":17,"WarpedTongs":20,"Cables":13,"SlaversCollar":17,"Bird Faced Urn":0,"Bronze Scales":0,"Molten Egg 2":6,"Symbiotic Virus":10,"Pocketwatch":17,"Darkstone Periapt":26,"Lantern":11,"Regal Pillow":25,"Singing Bowl":41,"Enchiridion":27,"Mango":8,"GremlinMask":13,"Juzu Bracelet":12,"Bag of Preparation":9,"ClockworkSouvenir":41,"Dream Catcher":11,"Nunchaku":43,"Matryoshka":6,"Gambling Chip":26,"Toolbox":0,"Cracked Core":0,"Lee\u0027s Waffle":0,"Inserter":17,"NeowsBlessing":0,"Golden Idol":2,"PreservedInsect":7,"The Courier":31,"Omamori":48,"Frozen Egg 2":9,"Orichalcum":17,"Medical Kit":37,"MawBank":23,"Mercury Hourglass":9,"Calling Bell":17,"Anchor":23,"CaptainsWheel":41,"Orrery":8,"Art of War":37,"Bag of Marbles":20,"TungstenRod":8},{"Gremlin Horn":60,"Runic Capacitor":10,"Bottled Tornado":60,"Sling":52,"Blood Vial":32,"Lizard Tail":31,"Centennial Puzzle":49,"MealTicket":78,"Toxic Egg 2":40,"Pear":44,"Happy Flower":52,"Blue Candle":47,"Oddly Smooth Stone":32,"Question Card":8,"WarpedTongs":24,"Cables":33,"SlaversCollar":34,"Bird Faced Urn":26,"Bronze Scales":52,"Molten Egg 2":3,"Symbiotic Virus":5,"Pocketwatch":8,"Darkstone Periapt":38,"Lantern":19,"Regal Pillow":68,"Singing Bowl":75,"Enchiridion":38,"Mango":19,"GremlinMask":61,"Juzu Bracelet":33,"Bag of Preparation":60,"ClockworkSouvenir":75,"Dream Catcher":61,"Nunchaku":76,"Matryoshka":58,"Gambling Chip":68,"Toolbox":52,"Cracked Core":0,"Lee\u0027s Waffle":52,"Inserter":22,"NeowsBlessing":0,"Golden Idol":1,"PreservedInsect":18,"The Courier":41,"Omamori":51,"Frozen Egg 2":4,"Orichalcum":8,"Medical Kit":44,"MawBank":67,"Mercury Hourglass":19,"Calling Bell":8,"Anchor":37,"CaptainsWheel":47,"Orrery":32,"Art of War":44,"Bag of Marbles":65,"TungstenRod":4},{"Gremlin Horn":317,"Runic Capacitor":43,"Bottled Tornado":317,"Sling":293,"Blood Vial":159,"Lizard Tail":153,"Centennial Puzzle":278,"MealTicket":397,"Toxic Egg 2":225,"Pear":253,"Happy Flower":293,"Blue Candle":267,"Oddly Smooth Stone":159,"Question Card":30,"WarpedTongs":102,"Cables":170,"SlaversCollar":178,"Bird Faced Urn":113,"Bronze Scales":293,"Molten Egg 2":3,"Symbiotic Virus":15,"Pocketwatch":30,"Darkstone Periapt":213,"Lantern":82,"Regal Pillow":349,"Singing Bowl":384,"Enchiridion":213,"Mango":82,"GremlinMask":320,"Juzu Bracelet":170,"Bag of Preparation":317,"ClockworkSouvenir":384,"Dream Catcher":320,"Nunchaku":387,"Matryoshka":310,"Gambling Chip":349,"Toolbox":293,"Cracked Core":0,"Lee\u0027s Waffle":293,"Inserter":94,"NeowsBlessing":0,"Golden Idol":1,"PreservedInsect":77,"The Courier":233,"Omamori":287,"Frozen Egg 2":8,"Orichalcum":30,"Medical Kit":253,"MawBank":344,"Mercury Hourglass":82,"Calling Bell":30,"Anchor":201,"CaptainsWheel":267,"Orrery":159,"Art of War":253,"Bag of Marbles":334,"TungstenRod":8}]},"card_choices":[{"not_picked":["Aggregate","Streamline"],"picked":"Coolheaded","floor":1.0},{"not_picked":["Cold Snap","Tempest"],"picked":"Ball Lightning","floor":2.0},{"not_picked":["Darkness","Gash"],"picked":"Lockon","floor":3.0},{"not_picked":["Compile Driver","Rebound","Leap"],"picked":"SKIP","floor":4.0},{"not_picked":["Barrage","Sweeping Beam"],"picked":"Ball Lightning","floor":5.0},{"not_picked":["Sweeping Beam","White Noise"],"picked":"Capacitor","floor":6.0},{"not_picked":["Reinforced Body","Coolheaded"],"picked":"Storm","floor":7.0},{"not_picked":["Chill","Go for the Eyes"],"picked":"Echo Form","floor":8.0},{"not_picked":["Gash","Multi-Cast","Barrage"],"picked":"SKIP","floor":11.0},{"not_picked":["Melter","Go for the Eyes","Aggregate"],"picked":"SKIP","floor":14.0},{"not_picked":["Auto Shields","Steam","Gash"],"picked":"SKIP","floor":18.0},{"not_picked":["Stack","Darkness","Recycle"],"picked":"SKIP","floor":19.0},{"not_picked":["Lockon","Stack"],"picked":"Defragment","floor":22.0},{"not_picked":["Thunder Strike","Steam","FTL"],"picked":"SKIP","floor":23.0},{"not_picked":["Leap","Darkness+1"],"picked":"Self Repair","floor":24.0},{"not_picked":["Hologram","Streamline","Rip and Tear+1"],"picked":"SKIP","floor":27.0},{"not_picked":["Conserve Battery+1","Ball Lightning"],"picked":"Defragment","floor":28},{"not_picked":["Beam Cell","Coolheaded","Turbo"],"picked":"SKIP","floor":31},{"not_picked":["All For One","Core Surge"],"picked":"Creative AI","floor":33},{"not_picked":["Blizzard","Gash+1","Go for the Eyes+1"],"picked":"SKIP","floor":35},{"not_picked":["Gash","Melter"],"picked":"Turbo+1","floor":36},{"not_picked":["Seek","Steam+1","Steam Power"],"picked":"SKIP","floor":39},{"not_picked":["FTL+1","Redo","Cold Snap"],"picked":"Singing Bowl","floor":42},{"not_picked":["Compile Driver+1","Consume+1","Go for the Eyes"],"picked":"Singing Bowl","floor":44},{"not_picked":["Rip and Tear","Go for the Eyes","Undo"],"picked":"Singing Bowl","floor":45},{"not_picked":["Streamline","White Noise","Redo+1"],"picked":"Singing Bowl","floor":46},{"not_picked":["Aggregate","Scrape"],"picked":"Capacitor","floor":48}],"player_experience":438190,"relics_obtained":[{"floor":6.0,"key":"Matryoshka"},{"floor":8.0,"key":"Bottled Tornado"},{"floor":9.0,"key":"Gremlin Horn"},{"floor":9.0,"key":"Bag of Preparation"},{"floor":11.0,"key":"Dream Catcher"},{"floor":20.0,"key":"Bag of Marbles"},{"floor":20.0,"key":"Mango"},{"floor":23.0,"key":"MawBank"},{"floor":26.0,"key":"Gambling Chip"},{"floor":27.0,"key":"Omamori"},{"floor":43,"key":"Nunchaku"},{"floor":45,"key":"MealTicket"}],"event_choices":[{"damage_healed":0.0,"max_hp_gain":0.0,"max_hp_loss":0.0,"gold_gain":0.0,"event_name":"FaceTrader","player_choice":"Trade","floor":13.0,"gold_loss":0.0,"damage_taken":0.0,"relics_obtained":["GremlinMask"]},{"damage_healed":0.0,"max_hp_gain":0.0,"max_hp_loss":0.0,"gold_gain":0.0,"event_name":"Addict","player_choice":"Stole Relic","floor":25.0,"gold_loss":0.0,"damage_taken":0.0,"relics_obtained":["Regal Pillow"],"cards_obtained":["Shame"]},{"damage_healed":30,"gold_gain":0,"player_choice":"Heal","damage_taken":0,"max_hp_gain":0,"max_hp_loss":0,"event_name":"The Library","floor":30,"gold_loss":0},{"damage_healed":0,"gold_gain":0,"player_choice":"Ignored","damage_taken":0,"max_hp_gain":0,"max_hp_loss":0,"event_name":"SecretPortal","floor":37,"gold_loss":0}],"is_beta":false,"boss_relics":[{"not_picked":["Empty Cage","Black Star"],"picked":"Inserter"},{"not_picked":["FrozenCore","Runic Dome"],"picked":"SlaversCollar"}],"items_purged_floors":[],"is_endless":false,"potions_floor_spawned":[2,3,6,11,14,19,23,27,35,42,45,48],"ascension_level":14}}