{"host":"kmq7aw60w430zvtx","time":1614108856,"event":{"mods":["Aspiration","BaseMod","Downfall","GifTheSpireLib","Hermit","Hubris","Infinite Spire","Minty Spire (QoL Compilation)","Reliquary","Replay The Spire","Spire Arcade","StSLib","The Construct","The Cursed","The Hierophant","The Jungle","The Necromancer","The Runesmith"],"gold_per_floor":[117,163,174,185,185,219,233,245,292,292,325,325,325,59,59,157,157,174,184,184,184,200,200,110,110,110],"floor_reached":25,"language":"ENG","playtime":1240,"items_purged":["Strike_G"],"score":320,"play_id":"f96e86a4-6a24-44d6-96be-8e4f3c34a869","local_time":"20210223203416","is_ascension_mode":true,"campfire_choices":[{"floor":10,"key":"REST"},{"floor":12,"key":"REST"},{"floor":15,"key":"RECALL"},{"floor":23,"key":"REST"}],"circlet_count":0,"master_deck":["AscendersBane","Strike_G","Defend_G","Defend_G","Defend_G+1","Survivor","Neutralize+1","Bane","ReplayTheSpireMod:Tripwire","Poisoned Stab","Draining Mist","Poisoned Stab","PiercingWail","Noxious Fumes","Adrenaline","Footwork+1","Crippling Poison","Flying Knee","Magnetism+1","Unload","Toxin Wave","Slice","Slice"],"relics":["Ring of the Snake","Omamori","reliquary:Buckler","aspiration:BabyByrd","reliquary:JackalopeAntler","Runesmith:AutoHammer","hubris:64BitClover","ReplayTheSpireMod:Ring of Challenge","BargainBundle","Kintsugi"],"acts_visited":["Exordium","TheCity"],"potions_floor_usage":[6,6,6,11,16,18,18,18,18,18,21],"damage_taken":[{"damage":3,"enemies":"Cultist","floor":1,"turns":5},{"damage":7,"enemies":"infinitespire:Voidling","floor":3,"turns":6},{"damage":0,"enemies":"2 Louse","floor":4,"turns":3},{"damage":30,"enemies":"3 Sentries","floor":6,"turns":11},{"damage":0,"enemies":"2 Fungi Beasts","floor":7,"turns":3},{"damage":4,"enemies":"Looter","floor":8,"turns":4},{"damage":3,"enemies":"Replay:BlueRogue","floor":11,"turns":6},{"damage":22,"enemies":"The Guardian","floor":16,"turns":10},{"damage":18,"enemies":"2 Thieves","floor":18,"turns":4},{"damage":0,"enemies":"Chosen","floor":19,"turns":5},{"damage":9,"enemies":"Centurion and Healer","floor":21,"turns":2},{"damage":24,"enemies":"Snake Plant","floor":22,"turns":5},{"damage":31,"enemies":"Shelled Parasite and Fungi","floor":25,"turns":3}],"seed_played":"-4833603653200399614","potions_obtained":[{"floor":1,"key":"Energy Potion"},{"floor":2,"key":"FairyPotion"},{"floor":2,"key":"EntropicBrew"},{"floor":6,"key":"Dexterity Potion"},{"floor":18,"key":"SmokeBomb"}],"is_trial":false,"path_per_floor":["M","?","M","M","?","E","M","M","T","R","E","R","?","$","R","B",null,"M","M","?","M","M","R","?","M"],"character_chosen":"THE_SILENT","items_purchased":["BargainBundle","Footwork+1","Crippling Poison","Flying Knee","Magnetism","EntropicBrew","Fire Potion","Fire Potion"],"campfire_rested":3,"item_purchase_floors":[14,14,14,14,14,14,14,14],"current_hp_per_floor":[60,32,25,25,25,20,20,16,16,37,34,55,55,55,55,33,61,43,43,43,34,10,31,31,0,0],"gold":110,"neow_bonus":"RANDOM_COMMON_RELIC","is_daily":false,"chose_seed":false,"campfire_upgraded":0,"win_rate":0.0,"timestamp":1614108856,"path_taken":["M","?","?","M","?","E","M","M","T","R","E","R","?","$","R","BOSS","M","M","?","M","M","R","?","M"],"items_purchased_type":["Relic","Card","Card","Card","Card","Potion","Potion","Potion"],"build_version":"2020-12-22","purchased_purges":1,"victory":false,"max_hp_per_floor":[70,70,70,70,70,70,70,70,70,70,70,70,70,70,70,70,70,70,70,70,70,70,70,70,70,70],"card_choices":[{"not_picked":["Quick Slash","Underhanded Strike"],"picked":"Bane","floor":1},{"not_picked":["hubris:Sniper","Backflip"],"picked":"ReplayTheSpireMod:Tripwire","floor":2},{"not_picked":["Quick Slash","Flying Knee"],"picked":"Poisoned Stab","floor":3},{"not_picked":["Acrobatics","Heel Hook"],"picked":"Draining Mist","floor":4},{"not_picked":["ReplayTheSpireMod:Speed Training","Prepared"],"picked":"Poisoned Stab","floor":6},{"not_picked":["hubris:Counter","Finisher"],"picked":"PiercingWail","floor":7},{"not_picked":["Backstab","Dagger Throw"],"picked":"Noxious Fumes","floor":8},{"not_picked":["hubris:SlightOfHand","Hidden Blade"],"picked":"Adrenaline","floor":11},{"not_picked":["Atom Bomb","Night Terror"],"picked":"Unload","floor":16},{"not_picked":["Dagger Spray","Blade Dance+1"],"picked":"Toxin Wave","floor":18},{"not_picked":["Prepared+1","Underhanded Strike"],"picked":"Slice","floor":19},{"not_picked":["Hidden Blade","Acrobatics"],"picked":"Slice","floor":22}],"player_experience":412652,"relics_obtained":[{"floor":2,"key":"reliquary:Buckler"},{"floor":6,"key":"reliquary:JackalopeAntler"},{"floor":9,"key":"Runesmith:AutoHammer"},{"floor":11,"key":"hubris:64BitClover"},{"floor":13,"key":"ReplayTheSpireMod:Ring of Challenge"}],"event_choices":[{"damage_healed":0,"gold_gain":0,"player_choice":"Ignored","damage_taken":0,"max_hp_gain":0,"max_hp_loss":0,"event_name":"Cursed Tome","floor":20,"gold_loss":0},{"cards_removed":["Decay"],"damage_healed":0,"gold_gain":0,"player_choice":"Upgrade and Remove","damage_taken":0,"max_hp_gain":0,"max_hp_loss":0,"event_name":"Designer","floor":24,"gold_loss":90,"cards_upgraded":["Magnetism"]}],"is_beta":false,"boss_relics":[{"not_picked":["hubris:VirtuousBlindfold","Replay:Wanted Poster"],"picked":"Kintsugi"}],"items_purged_floors":[14],"is_endless":false,"potions_floor_spawned":[1,6,18,21],"killed_by":"Shelled Parasite and Fungi","ascension_level":10}}