{"host":"IMPacifista","time":1614054980,"event":{"mods":["BaseMod","Minty Spire (QoL Compilation)"],"gold_per_floor":[111,127,143,156,156,187,199,199,199,218,218,231,266,278,278,383,383,401,401,85,100,166,194,204,216,239,289,80,80,6,39,39,135,135,149,199,294,314,326,326,358,105,132,165,165,185,185,185,185],"floor_reached":48,"language":"ENG","playtime":4945,"items_purged":["Strike_R"],"score":861,"play_id":"86ef7d63-dc06-4a60-ab4f-c2fdc8196191","local_time":"20210222203620","is_ascension_mode":true,"campfire_choices":[{"floor":8.0,"key":"REST"},{"floor":11.0,"key":"REST"},{"floor":15.0,"key":"REST"},{"floor":29.0,"key":"REST"},{"floor":32.0,"key":"REST"},{"floor":40.0,"key":"REST"},{"floor":45,"key":"REST"},{"data":"Armaments","floor":47,"key":"SMITH"}],"circlet_count":0,"master_deck":["Strike_R","Strike_R","Strike_R","Strike_R","Defend_R","Defend_R","Defend_R","Defend_R","Bash","Cleave","Thunderclap","Spot Weakness","Sword Boomerang","Whirlwind","Flame Barrier","Ghostly Armor","Feed","Shrug It Off","Carnage","Power Through","Bloodletting+1","Juggernaut","Shrug It Off","Carnage","Body Slam","Reaper","Battle Trance+1","Combust+1","Armaments+1","Shrug It Off+1","Armaments+1"],"relics":["Burning Blood","Strawberry","Letter Opener","Bronze Scales","White Beast Statue","Mango","Busted Crown","SsserpentHead","Dream Catcher","Juzu Bracelet","Red Skull","Orichalcum","TungstenRod","Mark of Pain","Magic Flower","Paper Frog","Eternal Feather","Toy Ornithopter","Potion Belt"],"acts_visited":["Exordium","TheCity","TheBeyond"],"potions_floor_usage":[48],"damage_taken":[{"damage":9.0,"enemies":"Jaw Worm","floor":1.0,"turns":4.0},{"damage":2.0,"enemies":"2 Louse","floor":2.0,"turns":2.0},{"damage":1.0,"enemies":"Cultist","floor":3.0,"turns":3.0},{"damage":4.0,"enemies":"Large Slime","floor":4.0,"turns":6.0},{"damage":45.0,"enemies":"3 Sentries","floor":6.0,"turns":6.0},{"damage":13.0,"enemies":"Exordium Wildlife","floor":7.0,"turns":4.0},{"damage":16.0,"enemies":"Blue Slaver","floor":10.0,"turns":3.0},{"damage":8.0,"enemies":"Lots of Slimes","floor":12.0,"turns":2.0},{"damage":32.0,"enemies":"Gremlin Nob","floor":13.0,"turns":4.0},{"damage":11.0,"enemies":"Looter","floor":14.0,"turns":4.0},{"damage":37.0,"enemies":"Hexaghost","floor":16.0,"turns":10.0},{"damage":0.0,"enemies":"Chosen","floor":18.0,"turns":4.0},{"damage":19.0,"enemies":"2 Thieves","floor":21.0,"turns":4.0},{"damage":26.0,"enemies":"Snake Plant","floor":22.0,"turns":3.0},{"damage":41.0,"enemies":"Slavers","floor":23.0,"turns":5.0},{"damage":24.0,"enemies":"Sentry and Sphere","floor":24.0,"turns":5.0},{"damage":30.0,"enemies":"Centurion and Healer","floor":25.0,"turns":8.0},{"damage":34.0,"enemies":"Book of Stabbing","floor":31.0,"turns":5.0},{"damage":45.0,"enemies":"Collector","floor":33.0,"turns":10.0},{"damage":39.0,"enemies":"3 Darklings","floor":35.0,"turns":6.0},{"damage":15.0,"enemies":"2 Orb Walkers","floor":37.0,"turns":4.0},{"damage":0.0,"enemies":"Orb Walker","floor":39.0,"turns":4.0},{"damage":35.0,"enemies":"Reptomancer","floor":41.0,"turns":6.0},{"damage":33,"enemies":"Nemesis","floor":44,"turns":9},{"damage":23,"enemies":"Jaw Worm Horde","floor":46,"turns":5},{"damage":146,"enemies":"Giant Head","floor":48,"turns":9}],"seed_played":"626609383256358296","potions_obtained":[{"floor":3.0,"key":"Strength Potion"},{"floor":6.0,"key":"FairyPotion"},{"floor":10.0,"key":"DuplicationPotion"},{"floor":13.0,"key":"ColorlessPotion"},{"floor":16.0,"key":"SkillPotion"},{"floor":18.0,"key":"EntropicBrew"},{"floor":21.0,"key":"FearPotion"},{"floor":25.0,"key":"Fire Potion"},{"floor":33.0,"key":"Swift Potion"},{"floor":35.0,"key":"DistilledChaos"},{"floor":37.0,"key":"DistilledChaos"},{"floor":38.0,"key":"Dexterity Potion"},{"floor":38.0,"key":"ColorlessPotion"},{"floor":39.0,"key":"LiquidMemories"},{"floor":41.0,"key":"LiquidBronze"},{"floor":44,"key":"SpeedPotion"},{"floor":46,"key":"FearPotion"}],"is_trial":false,"path_per_floor":["M","M","M","M","?","E","M","R","T","M","R","M","E","M","R","B",null,"M","?","$","M","M","E","M","M","T","?","$","R","$","E","R","B",null,"M","?","?","?","M","R","E","$","T","E","R","M","R","E"],"character_chosen":"IRONCLAD","items_purchased":["Shrug It Off","Dream Catcher","Carnage","Shrug It Off","Orichalcum","Carnage","Eternal Feather"],"campfire_rested":7,"item_purchase_floors":[20,20,20,28,28,30,42],"current_hp_per_floor":[76,80,85,87,75,36,29,55,55,45,71,69,57,52,82,51,89,95,95,95,85,65,33,18,30,30,30,30,63,63,35,68,44,94,70,70,61,61,76,104,89,89,89,72,107,108,110,0,0],"gold":185,"neow_bonus":"RANDOM_COMMON_RELIC","is_daily":false,"chose_seed":false,"campfire_upgraded":1,"win_rate":0.0,"timestamp":1614054980,"path_taken":["M","M","M","M","?","E","M","R","T","M","R","M","E","M","R","BOSS","M","?","$","M","?","E","M","M","T","?","$","R","$","E","R","BOSS","M","?","?","?","M","R","E","$","T","E","R","M","R","E"],"items_purchased_type":["Card","Relic","Card","Card","Relic","Card","Relic"],"build_version":"2020-12-18","purchased_purges":1,"victory":false,"max_hp_per_floor":[87,87,87,87,87,87,87,87,87,87,87,87,101,101,101,101,101,101,101,101,104,104,107,110,110,110,110,110,110,110,110,110,110,110,110,104,104,104,104,104,104,104,104,107,107,110,110,110,110],"card_choices":[{"not_picked":["Infernal Blade","Headbutt"],"picked":"Cleave","floor":1.0},{"not_picked":["Feel No Pain","Pommel Strike"],"picked":"Thunderclap","floor":2.0},{"not_picked":["Blood for Blood","Pommel Strike"],"picked":"Spot Weakness","floor":3.0},{"not_picked":["Thunderclap","Havoc"],"picked":"Sword Boomerang","floor":4.0},{"not_picked":["Sword Boomerang","Pommel Strike"],"picked":"Whirlwind","floor":6.0},{"not_picked":["Heavy Blade","Fire Breathing"],"picked":"Flame Barrier","floor":7.0},{"not_picked":["Thunderclap","Flex","Cleave"],"picked":"SKIP","floor":10.0},{"not_picked":["Bloodletting","Heavy Blade","Perfected Strike"],"picked":"SKIP","floor":12.0},{"not_picked":["Burning Pact","Searing Blow"],"picked":"Ghostly Armor","floor":13.0},{"not_picked":["Seeing Red","Wild Strike","Iron Wave"],"picked":"SKIP","floor":14.0},{"not_picked":["Reaper","Corruption"],"picked":"Feed","floor":16.0},{"not_picked":["Havoc+1"],"picked":"SKIP","floor":18.0},{"not_picked":["Sword Boomerang"],"picked":"SKIP","floor":21.0},{"not_picked":[],"picked":"Power Through","floor":22.0},{"not_picked":["Flex"],"picked":"SKIP","floor":23.0},{"not_picked":["Dark Embrace"],"picked":"SKIP","floor":24.0},{"not_picked":[],"picked":"Bloodletting+1","floor":25.0},{"not_picked":["Headbutt"],"picked":"SKIP","floor":31.0},{"not_picked":[],"picked":"Body Slam","floor":32.0},{"not_picked":[],"picked":"Reaper","floor":33.0},{"not_picked":["Pummel+1"],"picked":"SKIP","floor":35.0},{"not_picked":[],"picked":"Battle Trance+1","floor":37.0},{"not_picked":[],"picked":"Combust+1","floor":39.0},{"not_picked":[],"picked":"Armaments+1","floor":40.0},{"not_picked":[],"picked":"Shrug It Off+1","floor":41.0},{"not_picked":["Clash"],"picked":"SKIP","floor":44},{"not_picked":[],"picked":"Armaments","floor":45},{"not_picked":["Dark Embrace"],"picked":"SKIP","floor":46}],"player_experience":313593,"relics_obtained":[{"floor":6.0,"key":"Bronze Scales"},{"floor":9.0,"key":"White Beast Statue"},{"floor":13.0,"key":"Mango"},{"floor":23.0,"key":"Juzu Bracelet"},{"floor":26.0,"key":"Red Skull"},{"floor":31.0,"key":"TungstenRod"},{"floor":37.0,"key":"Magic Flower"},{"floor":41.0,"key":"Paper Frog"},{"floor":43,"key":"Toy Ornithopter"},{"floor":44,"key":"Potion Belt"}],"event_choices":[{"damage_healed":0.0,"max_hp_gain":0.0,"max_hp_loss":0.0,"gold_gain":0.0,"event_name":"Scrap Ooze","player_choice":"Success","floor":5.0,"gold_loss":0.0,"damage_taken":12.0,"relics_obtained":["Letter Opener"]},{"damage_healed":0.0,"max_hp_gain":0.0,"max_hp_loss":0.0,"gold_gain":0.0,"event_name":"FaceTrader","player_choice":"Trade","floor":19.0,"gold_loss":0.0,"damage_taken":0.0,"relics_obtained":["SsserpentHead"]},{"damage_healed":0.0,"max_hp_gain":0.0,"max_hp_loss":0.0,"gold_gain":0.0,"event_name":"The Library","player_choice":"Read","floor":27.0,"gold_loss":0.0,"damage_taken":0.0,"cards_obtained":["Juggernaut"]},{"damage_healed":0.0,"max_hp_gain":0.0,"max_hp_loss":6.0,"gold_gain":0.0,"event_name":"Winding Halls","player_choice":"Max HP","floor":36.0,"gold_loss":0.0,"damage_taken":0.0},{"damage_healed":0.0,"max_hp_gain":0.0,"max_hp_loss":0.0,"gold_gain":0.0,"event_name":"Mysterious Sphere","player_choice":"Fight","floor":37.0,"gold_loss":0.0,"damage_taken":0.0},{"damage_healed":0.0,"max_hp_gain":0.0,"max_hp_loss":0.0,"gold_gain":0.0,"event_name":"The Woman in Blue","player_choice":"Bought 2 Potions","floor":38.0,"gold_loss":0.0,"damage_taken":0.0}],"is_beta":true,"boss_relics":[{"not_picked":["Coffee Dripper","Runic Pyramid"],"picked":"Busted Crown"},{"not_picked":["SacredBark","Runic Dome"],"picked":"Mark of Pain"}],"items_purged_floors":[20],"is_endless":false,"potions_floor_spawned":[3,6,10,12,13,14,16,18,21,22,23,24,25,31,33,35,37,39,41,44,46],"killed_by":"Giant Head","ascension_level":9}}