{"host":"sav7uxregyirlf69","time":1614045413,"event":{"mods":["AchievementEnabler","BaseMod","Colored Map","DeckTracker","Keyboard Shortcuts","Minty Spire (QoL Compilation)","READ ME - Guardian Mod","StSLib","SuperFastMode"],"gold_per_floor":[17,17,37,51,66,96,96,96,144,187,211,239,258,284,284,356,356,375,300,300,57,66,66,104,121,121,121,101,131,131,147,147,220,229,249,264,264,280,152,190,203,203,253,253,264,164,174,185,185,185,185],"floor_reached":50,"language":"KOR","playtime":1140,"items_purged":["Strike_R","Wild Strike"],"score":1268,"play_id":"f2a3f1a6-540e-441d-a1ef-d69e323e2380","local_time":"20210223105653","is_ascension_mode":true,"campfire_choices":[{"data":"Whirlwind","floor":8.0,"key":"SMITH"},{"data":"Body Slam","floor":15.0,"key":"SMITH"},{"data":"Feel No Pain","floor":23.0,"key":"SMITH"},{"data":"Offering","floor":27.0,"key":"SMITH"},{"data":"Impervious","floor":30.0,"key":"SMITH"},{"data":"Pommel Strike","floor":32.0,"key":"SMITH"},{"data":"Entrench","floor":42,"key":"SMITH"},{"floor":49,"key":"REST"}],"circlet_count":0,"master_deck":["AscendersBane","Defend_R","Defend_R","Defend_R","Defend_R","Bash","Warcry","Pommel Strike+1","Impervious+1","Whirlwind+1","Second Wind","Offering+1","Body Slam+1","Shrug It Off","Seeing Red","Feel No Pain+1","Shrug It Off","CurseOfTheBell","Power Through","Entrench+1"],"relics":["Burning Blood","CaptainsWheel","Self Forming Clay","CeramicFish","Pen Nib","Orichalcum","Busted Crown","Bag of Preparation","Bird Faced Urn","Lantern","Bottled Lightning","Calling Bell","Dream Catcher","Mummified Hand","Champion Belt","Akabeko"],"acts_visited":["Exordium","TheCity","TheBeyond"],"potions_floor_usage":[],"damage_taken":[{"damage":10.0,"enemies":"Small Slimes","floor":1.0,"turns":4.0},{"damage":1.0,"enemies":"Cultist","floor":3.0,"turns":3.0},{"damage":0.0,"enemies":"Jaw Worm","floor":4.0,"turns":3.0},{"damage":1.0,"enemies":"Large Slime","floor":5.0,"turns":5.0},{"damage":25.0,"enemies":"3 Sentries","floor":6.0,"turns":10.0},{"damage":11.0,"enemies":"Gremlin Nob","floor":10.0,"turns":4.0},{"damage":1.0,"enemies":"Looter","floor":11.0,"turns":4.0},{"damage":6.0,"enemies":"Lagavulin","floor":12.0,"turns":5.0},{"damage":15.0,"enemies":"Exordium Wildlife","floor":13.0,"turns":4.0},{"damage":0.0,"enemies":"Gremlin Gang","floor":14.0,"turns":1.0},{"damage":23.0,"enemies":"Slime Boss","floor":16.0,"turns":7.0},{"damage":6.0,"enemies":"Chosen","floor":18.0,"turns":2.0},{"damage":6.0,"enemies":"Gremlin Leader","floor":24.0,"turns":4.0},{"damage":6.0,"enemies":"Shell Parasite","floor":25.0,"turns":3.0},{"damage":6.0,"enemies":"Book of Stabbing","floor":29.0,"turns":3.0},{"damage":6.0,"enemies":"Snake Plant","floor":31.0,"turns":4.0},{"damage":49.0,"enemies":"Champ","floor":33.0,"turns":7.0},{"damage":6.0,"enemies":"Orb Walker","floor":35.0,"turns":1.0},{"damage":6.0,"enemies":"3 Darklings","floor":36.0,"turns":5.0},{"damage":6.0,"enemies":"Sphere and 2 Shapes","floor":38.0,"turns":1.0},{"damage":29.0,"enemies":"Reptomancer","floor":40.0,"turns":6.0},{"damage":6,"enemies":"Jaw Worm Horde","floor":41,"turns":2},{"damage":25,"enemies":"Transient","floor":45,"turns":6},{"damage":45,"enemies":"Maw","floor":47,"turns":11},{"damage":6,"enemies":"3 Darklings","floor":48,"turns":2},{"damage":55,"enemies":"Donu and Deca","floor":50,"turns":7}],"seed_played":"46811782303740677","potions_obtained":[{"floor":5.0,"key":"SmokeBomb"},{"floor":6.0,"key":"Swift Potion"},{"floor":10.0,"key":"EntropicBrew"},{"floor":24.0,"key":"SkillPotion"},{"floor":28.0,"key":"FairyPotion"},{"floor":48,"key":"SteroidPotion"}],"is_trial":false,"path_per_floor":["M","?","M","M","M","E","?","R","T","E","M","E","M","M","R","B",null,"M","?","?","$","?","R","E","M","T","R","?","E","R","M","R","B",null,"M","M","?","M","$","E","M","R","T","?","M","$","M","M","R","B"],"character_chosen":"IRONCLAD","items_purchased":["Bag of Preparation","Power Through","PowerPotion"],"campfire_rested":1,"item_purchase_floors":[21,39,39],"current_hp_per_floor":[64,64,69,75,75,56,56,56,56,51,56,56,47,53,53,36,65,65,65,65,65,65,65,65,67,67,67,67,69,69,71,71,30,64,66,68,68,68,68,47,49,49,49,49,32,32,23,25,46,0,0],"gold":185,"neow_bonus":"ONE_RARE_RELIC","is_daily":false,"chose_seed":false,"campfire_upgraded":7,"win_rate":0.0,"timestamp":1614045413,"path_taken":["M","?","M","M","M","E","?","R","T","E","?","E","M","?","R","BOSS","M","?","?","$","?","R","E","?","T","R","?","E","R","?","R","BOSS","M","M","?","M","$","E","M","R","T","?","M","?","M","M","R","BOSS"],"items_purchased_type":["Relic","Card","Potion"],"build_version":"2020-12-22","purchased_purges":2,"victory":false,"max_hp_per_floor":[75,75,75,75,75,75,75,75,75,75,75,75,75,75,75,75,75,75,75,75,75,75,75,75,75,75,75,75,75,75,75,75,75,75,75,75,75,75,75,75,75,75,75,71,71,71,71,71,71,71,71],"card_choices":[{"not_picked":["Pommel Strike","Cleave"],"picked":"Wild Strike","floor":1.0},{"not_picked":["Spot Weakness","Sword Boomerang"],"picked":"Pommel Strike","floor":3.0},{"not_picked":["Clothesline","Battle Trance"],"picked":"Twin Strike","floor":4.0},{"not_picked":["Iron Wave","Thunderclap"],"picked":"Impervious","floor":5.0},{"not_picked":["Anger","Rupture"],"picked":"Whirlwind","floor":6.0},{"not_picked":["Perfected Strike","Iron Wave"],"picked":"Offering","floor":10.0},{"not_picked":["Rupture","Sword Boomerang"],"picked":"Body Slam","floor":11.0},{"not_picked":["Demon Form","Searing Blow","Cleave"],"picked":"SKIP","floor":12.0},{"not_picked":["Wild Strike","Clothesline"],"picked":"Shrug It Off","floor":13.0},{"not_picked":["Anger","Entrench"],"picked":"Seeing Red","floor":14.0},{"not_picked":["Havoc"],"picked":"SKIP","floor":18.0},{"not_picked":[],"picked":"Shrug It Off","floor":24.0},{"not_picked":["Clothesline"],"picked":"SKIP","floor":25.0},{"not_picked":["Clothesline"],"picked":"SKIP","floor":29.0},{"not_picked":["Twin Strike"],"picked":"SKIP","floor":31.0},{"not_picked":["Anger"],"picked":"SKIP","floor":35.0},{"not_picked":["Pommel Strike+1"],"picked":"SKIP","floor":36.0},{"not_picked":["Pummel"],"picked":"SKIP","floor":38.0},{"not_picked":[],"picked":"Entrench","floor":40.0},{"not_picked":["Sword Boomerang"],"picked":"SKIP","floor":41},{"not_picked":["Intimidate"],"picked":"SKIP","floor":45},{"not_picked":["Rage"],"picked":"SKIP","floor":47},{"not_picked":["Iron Wave+1"],"picked":"SKIP","floor":48}],"player_experience":1663383,"relics_obtained":[{"floor":6.0,"key":"Self Forming Clay"},{"floor":9.0,"key":"CeramicFish"},{"floor":10.0,"key":"Pen Nib"},{"floor":12.0,"key":"Orichalcum"},{"floor":24.0,"key":"Bird Faced Urn"},{"floor":26.0,"key":"Lantern"},{"floor":29.0,"key":"Bottled Lightning"},{"floor":34.0,"key":"Dream Catcher"},{"floor":34.0,"key":"Mummified Hand"},{"floor":34.0,"key":"Champion Belt"},{"floor":40.0,"key":"Akabeko"}],"event_choices":[{"damage_healed":0.0,"max_hp_gain":0.0,"max_hp_loss":0.0,"gold_gain":0.0,"cards_transformed":["Strike_R"],"event_name":"Living Wall","player_choice":"Change","floor":2.0,"gold_loss":0.0,"damage_taken":0.0,"cards_obtained":["Warcry"]},{"damage_healed":0.0,"max_hp_gain":0.0,"max_hp_loss":0.0,"gold_gain":0.0,"cards_transformed":["Strike_R"],"event_name":"Transmorgrifier","player_choice":"Transformed","floor":7.0,"gold_loss":0.0,"damage_taken":0.0,"cards_obtained":["Second Wind"]},{"cards_removed":["Strike_R"],"damage_healed":0.0,"max_hp_gain":0.0,"max_hp_loss":0.0,"gold_gain":0.0,"event_name":"Beggar","player_choice":"Gave Gold","floor":19.0,"gold_loss":75.0,"damage_taken":0.0},{"cards_removed":["Strike_R"],"damage_healed":0.0,"max_hp_gain":0.0,"max_hp_loss":0.0,"gold_gain":0.0,"event_name":"Back to Basics","player_choice":"Elegance","floor":20.0,"gold_loss":0.0,"damage_taken":0.0},{"damage_healed":0.0,"max_hp_gain":0.0,"max_hp_loss":0.0,"gold_gain":0.0,"event_name":"The Library","player_choice":"Read","floor":22.0,"gold_loss":0.0,"damage_taken":0.0,"cards_obtained":["Feel No Pain"]},{"damage_healed":0.0,"max_hp_gain":0.0,"max_hp_loss":0.0,"gold_gain":0.0,"event_name":"The Woman in Blue","player_choice":"Bought 1 Potion","floor":28.0,"gold_loss":0.0,"damage_taken":0.0},{"cards_removed":["Twin Strike"],"damage_healed":0.0,"max_hp_gain":0.0,"max_hp_loss":0.0,"gold_gain":0.0,"event_name":"Falling","player_choice":"Removed Attack","floor":37.0,"gold_loss":0.0,"damage_taken":0.0},{"damage_healed":0,"gold_gain":0,"player_choice":"Max HP","damage_taken":0,"max_hp_gain":0,"max_hp_loss":4,"event_name":"Winding Halls","floor":44,"gold_loss":0}],"is_beta":false,"boss_relics":[{"not_picked":["Runic Cube","Snecko Eye"],"picked":"Busted Crown"},{"not_picked":["Pandora\u0027s Box","Black Blood"],"picked":"Calling Bell"}],"items_purged_floors":[21,46],"is_endless":false,"potions_floor_spawned":[5,6,10,11,14,24,29,40,41,48],"killed_by":"Donu and Deca","ascension_level":20}}