{"host":"gf8hyl7jhl0is674","time":1614046963,"event":{"mods":["2.2 Compatiblity","Act Like it!","BaseMod","CapriCore","Colored Map","Gensokyo","Minty Spire (QoL Compilation)","Permanent Neow","Relic Sorter","StSLib","The Blue Laboratory","TheSwordswoman","Unceasing Turn Reminder","Waifu the Spire"],"gold_per_floor":[12,12,25,25,43,43,43],"floor_reached":6,"language":"ENG","playtime":863,"items_purged":[],"score":36,"play_id":"8043a02f-7e40-41c8-9b9c-ff88653af7ef","local_time":"20210222192243","is_ascension_mode":false,"campfire_choices":[],"circlet_count":0,"master_deck":["blazmod:Strike","blazmod:Strike","blazmod:Strike","blazmod:Defend","blazmod:Defend","blazmod:Defend","blazmod:ButterflyEffect","blazmod:Kyokasuigetsu","blazmod:DanceOfTheGods","blazmod:MyEverything"],"relics":["blazmod:Venustas","Calipers"],"acts_visited":["Exordium"],"potions_floor_usage":[6],"damage_taken":[{"damage":4,"enemies":"Jaw Worm","floor":1,"turns":5},{"damage":2,"enemies":"Small Slimes","floor":3,"turns":5},{"damage":1,"enemies":"Cultist","floor":5,"turns":3},{"damage":26,"enemies":"Gremlin Nob","floor":6,"turns":5}],"seed_played":"-1947873764827387178","potions_obtained":[{"floor":1,"key":"blueLaboratory:PolymorphPotion"},{"floor":5,"key":"BlessingOfTheForge"}],"is_trial":false,"path_per_floor":["M","?","M","?","M","E"],"character_chosen":"THE_SWORDSWOMAN","items_purchased":[],"campfire_rested":0,"item_purchase_floors":[],"current_hp_per_floor":[36,36,34,27,26,0,0],"gold":43,"neow_bonus":"ONE_RARE_RELIC","is_daily":false,"chose_seed":false,"campfire_upgraded":0,"win_rate":0.0,"timestamp":1614046963,"path_taken":["M","?","M","?","M","E"],"items_purchased_type":[],"build_version":"2020-12-22","purchased_purges":0,"victory":false,"max_hp_per_floor":[40,40,40,40,40,40,40],"card_choices":[{"not_picked":["blazmod:HarmonyComplete","blazmod:FortifiedVigor"],"picked":"blazmod:DanceOfTheGods","floor":1},{"not_picked":["blazmod:TandenKatsu","blazmod:StanceChange","blazmod:FortifiedVigor"],"picked":"SKIP","floor":3},{"not_picked":["blazmod:StanceChange","blazmod:ButterFlutter"],"picked":"blazmod:MyEverything","floor":5}],"player_experience":362481,"relics_obtained":[],"event_choices":[{"cards_removed":["blazmod:Strike"],"damage_healed":0,"gold_gain":0,"player_choice":"Forget","damage_taken":0,"max_hp_gain":0,"max_hp_loss":0,"event_name":"Living Wall","floor":2,"gold_loss":0},{"cards_removed":["blazmod:Defend"],"damage_healed":0,"gold_gain":0,"player_choice":"Card Removal","damage_taken":7,"max_hp_gain":0,"max_hp_loss":0,"event_name":"Golden Wing","floor":4,"gold_loss":0}],"is_beta":false,"boss_relics":[],"items_purged_floors":[],"is_endless":false,"potions_floor_spawned":[1,5],"killed_by":"Gremlin Nob","ascension_level":0}}