{"host":"xwl7b08i4vco8s3a","time":1614094193,"event":{"mods":["BaseMod","Colored Powertips","Downfall","Hermit","Minty Spire (QoL Compilation)","Replay The Spire","StSLib","Wandering Minibosses"],"gold_per_floor":[112,124,148,25,61,88,88,88,115,115,190,155,155,80,80,205,205,242,261,308,350,350,350,387,387,411,411,361,404,60,122,122,129,129],"floor_reached":33,"language":"ENG","playtime":1701,"items_purged":["hermit:Defend_Hermit","Hallucinations"],"score":283,"play_id":"b2b600af-8480-4068-ba3e-39bc8965a12e","local_time":"20210223162953","is_ascension_mode":false,"campfire_choices":[{"floor":7,"key":"RECALL"},{"data":"Dramatic Entrance","floor":10,"key":"SMITH"},{"data":"hermit:Scavenge","floor":15,"key":"SMITH"},{"floor":23,"key":"REST"},{"data":"hermit:Glare","floor":25,"key":"SMITH"}],"circlet_count":0,"master_deck":["hermit:Strike_Hermit","hermit:Strike_Hermit","hermit:Strike_Hermit","hermit:Strike_Hermit","hermit:Defend_Hermit","hermit:Defend_Hermit","hermit:Defend_Hermit","hermit:Snapshot","hermit:Covet","hermit:BodyArmor","hermit:Scavenge+1","hermit:Headshot","HandOfGreed","Bandage Up","Dramatic Entrance+1","hermit:Glare+1","hermit:Dive","hermit:FinalCanter","hermit:Glare+1","hermit:ShadowCloak","hermit:Dive+1"],"relics":["hermit:Momento","ReplayTheSpireMod:ShopPack","Bag of Preparation","hermit:RyeStalk","PreservedInsect","Philosopher\u0027s Stone","Nilry\u0027s Codex","Pen Nib","Ring of Hypnosis","Ring of Panic","Divine Protection","ReplayFunnel"],"acts_visited":["Exordium","TheCity"],"potions_floor_usage":[6,16,16,20,24,33],"damage_taken":[{"damage":2,"enemies":"Jaw Worm","floor":1,"turns":4},{"damage":0,"enemies":"Small Slimes","floor":2,"turns":4},{"damage":0,"enemies":"2 Louse","floor":3,"turns":4},{"damage":0,"enemies":"Gremlin Gang","floor":5,"turns":4},{"damage":5,"enemies":"Gremlin Nob","floor":6,"turns":3},{"damage":3,"enemies":"The Guardian","floor":16,"turns":11},{"damage":10,"enemies":"Spheric Guardian","floor":18,"turns":4},{"damage":0,"enemies":"Chosen","floor":19,"turns":4},{"damage":13,"enemies":"Snake Plant","floor":20,"turns":5},{"damage":11,"enemies":"Snecko","floor":21,"turns":6},{"damage":21,"enemies":"Book of Stabbing","floor":24,"turns":5},{"damage":16,"enemies":"Shelled Parasite and Fungi","floor":29,"turns":10},{"damage":20,"enemies":"Gremlin Leader","floor":31,"turns":7},{"damage":29,"enemies":"Pondfish","floor":33,"turns":6}],"seed_played":"4985373516951178193","potions_obtained":[{"floor":1,"key":"ColorlessPotion"},{"floor":3,"key":"Explosive Potion"},{"floor":13,"key":"Fire Potion"},{"floor":13,"key":"hermit:Tonic"},{"floor":18,"key":"Reflective Coating"},{"floor":19,"key":"Elixir"},{"floor":21,"key":"Explosive Potion"}],"is_trial":false,"path_per_floor":["M","M","M","$","M","E","R","?","T","R","?","?","?","$","R","B",null,"M","M","M","M","?","R","E","R","T","?","?","M","$","E","R","B"],"character_chosen":"HERMIT","items_purchased":["ReplayTheSpireMod:ShopPack","Divine Protection"],"campfire_rested":1,"item_purchase_floors":[4,30],"current_hp_per_floor":[80,80,80,80,82,77,77,52,52,52,41,61,61,61,61,62,82,72,76,67,60,44,68,51,51,51,51,51,39,39,23,23,0,0],"gold":129,"neow_bonus":"TEN_PERCENT_HP_BONUS","is_daily":false,"chose_seed":false,"campfire_upgraded":3,"win_rate":0.0,"timestamp":1614094193,"path_taken":["M","M","M","$","M","E","R","?","T","R","?","?","?","$","R","BOSS","M","M","M","?","?","R","E","R","T","?","?","M","$","E","R","BOSS"],"items_purchased_type":["Relic","Relic"],"build_version":"2020-12-22","purchased_purges":2,"victory":false,"max_hp_per_floor":[82,82,82,82,82,82,82,82,82,82,82,82,82,82,82,82,82,82,82,82,82,82,82,82,82,82,82,82,82,82,82,82,82,82],"card_choices":[{"not_picked":["hermit:LowProfile","hermit:Roulette"],"picked":"hermit:BodyArmor","floor":1},{"not_picked":["hermit:Virtue","hermit:LuckOfTheDraw"],"picked":"hermit:Scavenge","floor":2},{"not_picked":["hermit:GhostlyPresence","hermit:ItchyTrigger"],"picked":"hermit:Headshot","floor":3},{"not_picked":["ReplayTheSpireMod:Brewmster","Poisoned Strike"],"picked":"HandOfGreed","floor":4},{"not_picked":["Good Instincts","Jack Of All Trades"],"picked":"Bandage Up","floor":4},{"not_picked":["Bandage Up","Blind"],"picked":"Dramatic Entrance","floor":4},{"not_picked":["hermit:Misfire","hermit:HighNoon"],"picked":"hermit:Glare","floor":5},{"not_picked":["hermit:SprayPray","hermit:WideOpen"],"picked":"hermit:Dive","floor":6},{"not_picked":["hermit:BlackWind","hermit:OverwhelmingPower"],"picked":"hermit:FinalCanter","floor":16},{"not_picked":["hermit:Ricochet+1","hermit:PistolWhip","hermit:Cheat+1"],"picked":"SKIP","floor":18},{"not_picked":["hermit:Desperado+1","hermit:TakeAim","hermit:Coalescence"],"picked":"SKIP","floor":19},{"not_picked":["hermit:NoHoldsBarred+1","hermit:Deadeye"],"picked":"hermit:Glare+1","floor":20},{"not_picked":["hermit:Roulette+1","hermit:TrackingShot"],"picked":"hermit:ShadowCloak","floor":21},{"not_picked":["hermit:Snipe","hermit:ShadowCloak"],"picked":"hermit:Dive+1","floor":24},{"not_picked":["hermit:Gambit","hermit:LuckOfTheDraw+1","hermit:Midnight"],"picked":"SKIP","floor":29},{"not_picked":["hermit:ShadowCloak","hermit:Gestalt","hermit:Purgatory"],"picked":"SKIP","floor":31}],"player_experience":451906,"relics_obtained":[{"floor":6,"key":"Bag of Preparation"},{"floor":9,"key":"PreservedInsect"},{"floor":22,"key":"Nilry\u0027s Codex"},{"floor":24,"key":"Pen Nib"},{"floor":27,"key":"Ring of Hypnosis"},{"floor":27,"key":"Ring of Panic"},{"floor":31,"key":"ReplayFunnel"}],"event_choices":[{"damage_healed":0,"gold_gain":0,"player_choice":"Success","damage_taken":25,"relics_obtained":["hermit:RyeStalk"],"max_hp_gain":0,"max_hp_loss":0,"event_name":"Scrap Ooze","floor":8,"gold_loss":0},{"damage_healed":0,"gold_gain":75,"player_choice":"Gather Gold","damage_taken":11,"max_hp_gain":0,"max_hp_loss":0,"event_name":"World of Goop","floor":11,"gold_loss":0},{"damage_healed":20,"gold_gain":0,"player_choice":"Healed","damage_taken":0,"max_hp_gain":0,"max_hp_loss":0,"event_name":"The Cleric","floor":12,"gold_loss":35},{"damage_healed":0,"gold_gain":0,"player_choice":"Got Potions","damage_taken":0,"max_hp_gain":0,"max_hp_loss":0,"event_name":"Lab","floor":13,"gold_loss":0},{"damage_healed":0,"gold_gain":0,"player_choice":"Obtained Book","damage_taken":16,"max_hp_gain":0,"max_hp_loss":0,"event_name":"Cursed Tome","floor":22,"gold_loss":0},{"damage_healed":0,"gold_gain":0,"player_choice":"Bet on Murderer","damage_taken":0,"max_hp_gain":0,"max_hp_loss":0,"event_name":"The Joust","floor":28,"gold_loss":50},{"damage_healed":0,"gold_gain":0,"player_choice":"Ignored","damage_taken":0,"max_hp_gain":0,"max_hp_loss":0,"event_name":"NoteForYourself","floor":32,"gold_loss":0}],"is_beta":false,"boss_relics":[{"not_picked":["Ectoplasm","Coffee Dripper"],"picked":"Philosopher\u0027s Stone"}],"items_purged_floors":[14,30],"is_endless":false,"potions_floor_spawned":[1,3,18,19,21],"killed_by":"Pondfish","ascension_level":0}}