{"host":"uyfpom4rlahfoee4","time":1614118389,"event":{"mods":["BaseMod","Downfall","Minty Spire (QoL Compilation)","StSLib"],"gold_per_floor":[99,112,112,22,38,49,49,75,95,95,105,105,39,57,71,176,176,176,188,207,207,207,207,207,218,51,36,50,62,62,47,62,158,158,158,173,62,74,93,93,93,93,110,121,121,171,171,188,199,199],"floor_reached":51,"language":"ENG","playtime":3674,"items_purged":["downfall:Malfunctioning","Pride"],"score":730,"play_id":"c9e59187-76c4-45ab-9466-845b1927d6c6","local_time":"20210223141309","is_ascension_mode":false,"campfire_choices":[{"data":"Slimebound:CorrosiveSpit","floor":1,"key":"SMITH"},{"data":"Slimebound:SplitMire","floor":10,"key":"SMITH"},{"data":"Slimebound:SpikyOuterGoop","floor":18,"key":"SMITH"},{"data":"Slimebound:MassFeed","floor":23,"key":"SMITH"},{"data":"Slimebound:Equalize","floor":35,"key":"SMITH"},{"data":"Slimebound:Equalize","floor":40,"key":"SMITH"},{"data":"Slimebound:LeechLife","floor":42,"key":"SMITH"},{"data":"Bite","floor":45,"key":"SMITH"},{"data":"Bite","floor":47,"key":"SMITH"}],"circlet_count":0,"master_deck":["Slimebound:Tackle","Slimebound:Defend_Slimebound","Slimebound:Defend_Slimebound","Slimebound:Defend_Slimebound","Slimebound:Defend_Slimebound+1","Slimebound:Split+1","Slimebound:CorrosiveSpit+1","Slimebound:SpikyOuterGoop","Slimebound:GrowthPunch","Slimebound:RollThrough","Slimebound:SplitMire+1","Slimebound:RollThrough","Slimebound:SpikyOuterGoop+1","Slimebound:LivingWall","Slimebound:MassFeed+1","Slimebound:RainOfGoop","Slimebound:RollThrough","Slimebound:ComboTackle","Slimebound:SplitSpecialist","Slimebound:MegaLick","Slimebound:LeechLife+1","Slimebound:SplitLeeching","Bite+1","Bite+1","Bite","Bite","Bite","Slimebound:GoopSpray","Slimebound:LivingWall","Slimebound:Equalize+1","Slimebound:Recollect+1","Slimebound:LivingWall","Slimebound:GoopSpray","Slimebound:SamplingLick","Slimebound:Recycling","Slimebound:Prepare+1","Slimebound:AcidTongue+1","Slimebound:Equalize+1","Slimebound:LeechingTouch+1","Slimebound:HauntingLick+1","Slimebound:SlimeSpikes+1","Slimebound:Nibble+1"],"relics":["Slimebound:AbsorbEndCombat","Kunai","Bottled Lightning","SacredBark","Slimebound:AggressiveSlimeRelic","Matryoshka","Lee\u0027s Waffle","Busted Crown","Bronze Scales","Art of War","Pen Nib","Molten Egg 2","Slimebound:SlimedSkullRelic"],"acts_visited":["Exordium","TheCity","TheBeyond"],"potions_floor_usage":[16,19,31,33,33,37,44,48,49],"damage_taken":[{"damage":0,"enemies":"Cultist","floor":2,"turns":3},{"damage":5,"enemies":"downfall:FleeingMerchant","floor":4,"turns":4},{"damage":2,"enemies":"2 Louse","floor":5,"turns":3},{"damage":3,"enemies":"Jaw Worm","floor":6,"turns":5},{"damage":0,"enemies":"Lagavulin","floor":8,"turns":6},{"damage":5,"enemies":"Exordium Thugs","floor":9,"turns":4},{"damage":13,"enemies":"Lots of Slimes","floor":11,"turns":3},{"damage":5,"enemies":"downfall:FleeingMerchant","floor":13,"turns":4},{"damage":0,"enemies":"2 Fungi Beasts","floor":14,"turns":3},{"damage":10,"enemies":"Red Slaver","floor":15,"turns":3},{"damage":8,"enemies":"WA_ARCHETYPE_RETAIN","floor":16,"turns":8},{"damage":32,"enemies":"3 Byrds","floor":19,"turns":6},{"damage":6,"enemies":"Chosen","floor":20,"turns":6},{"damage":22,"enemies":"3 Cultists","floor":25,"turns":6},{"damage":7,"enemies":"downfall:FleeingMerchant","floor":26,"turns":4},{"damage":17,"enemies":"downfall:FleeingMerchant","floor":27,"turns":4},{"damage":19,"enemies":"Snecko","floor":28,"turns":5},{"damage":18,"enemies":"Centurion and Healer","floor":29,"turns":12},{"damage":0,"enemies":"downfall:FleeingMerchant","floor":31,"turns":4},{"damage":30,"enemies":"Shelled Parasite and Fungi","floor":32,"turns":5},{"damage":8,"enemies":"SI_MIRROR_ARCHETYPE","floor":33,"turns":12},{"damage":10,"enemies":"Orb Walker","floor":36,"turns":4},{"damage":0,"enemies":"downfall:FleeingMerchant","floor":37,"turns":2},{"damage":22,"enemies":"3 Darklings","floor":38,"turns":5},{"damage":33,"enemies":"4 Shapes","floor":39,"turns":8},{"damage":19,"enemies":"Jaw Worm Horde","floor":43,"turns":4},{"damage":4,"enemies":"Maw","floor":44,"turns":10},{"damage":0,"enemies":"Maw","floor":46,"turns":6},{"damage":28,"enemies":"Writhing Mass","floor":48,"turns":6},{"damage":16,"enemies":"Spire Growth","floor":49,"turns":5},{"damage":61,"enemies":"DF_ARCHETYPE_ORBS","floor":50,"turns":15}],"seed_played":"-3380287738347553084","potions_obtained":[{"floor":6,"key":"PowerPotion"},{"floor":8,"key":"sneckomod:MuddlingPotion"},{"floor":9,"key":"SneckoOil"},{"floor":14,"key":"Slimebound:SlimedPotion"},{"floor":25,"key":"Strength Potion"},{"floor":29,"key":"Explosive Potion"},{"floor":32,"key":"PowerPotion"},{"floor":33,"key":"champ:CounterPotion"},{"floor":36,"key":"Dexterity Potion"},{"floor":43,"key":"BlessingOfTheForge"},{"floor":44,"key":"SteroidPotion"},{"floor":46,"key":"Fire Potion"}],"is_trial":false,"path_per_floor":["R","M","?","$","M","M","T","E","M","R","M","?","$","M","M","B",null,"R","M","M","?","?","R","T","M","$","$","M","M","?","$","M","B",null,"R","M","$","M","M","R","T","R","M","M","R","?","R","M","M","B",null],"character_chosen":"SLIMEBOUND","items_purchased":["Slimebound:ComboTackle","Lee\u0027s Waffle","Bronze Scales","Art of War","Slimebound:Equalize"],"campfire_rested":0,"item_purchase_floors":[13,26,37,37,37],"current_hp_per_floor":[65,65,65,65,63,64,64,65,65,65,60,60,63,65,62,65,71,71,41,63,63,49,49,49,35,60,51,46,58,64,64,48,68,68,68,66,68,56,57,57,57,57,72,76,76,80,80,61,80,42],"gold":199,"neow_bonus":"UPGRADE_CARD","is_daily":false,"chose_seed":false,"campfire_upgraded":9,"win_rate":0.0,"timestamp":1614118389,"path_taken":["R","M","?","$","M","M","T","E","M","R","M","?","$","?","M","BOSS","R","M","M","?","?","R","T","M","?","$","?","?","?","$","M","BOSS","R","M","$","M","M","R","T","R","M","M","R","?","R","M","M","BOSS"],"items_purchased_type":["Card","Relic","Relic","Relic","Card"],"build_version":"2020-12-22","purchased_purges":2,"victory":true,"max_hp_per_floor":[65,65,65,65,65,65,65,65,65,65,65,65,65,65,68,71,71,71,71,71,71,49,49,49,53,60,60,60,64,64,64,68,68,68,68,68,68,68,72,72,72,72,72,76,76,80,80,80,80,80],"card_choices":[{"not_picked":["Slimebound:SplitBruiser","Slimebound:HauntingLick"],"picked":"Slimebound:SpikyOuterGoop","floor":2},{"not_picked":["Slimebound:HauntingLick","Slimebound:SplitLeeching"],"picked":"Slimebound:GrowthPunch","floor":4},{"not_picked":["Slimebound:Repurpose","Slimebound:LeechEnergy"],"picked":"Slimebound:RollThrough","floor":5},{"not_picked":["Slimebound:ItLooksTasty","Slimebound:RejuvenatingLick"],"picked":"Slimebound:SplitMire","floor":6},{"not_picked":["Slimebound:Nibble","Slimebound:HungryTackle"],"picked":"Slimebound:RollThrough","floor":8},{"not_picked":["Slimebound:SplitBruiser","Slimebound:Nibble"],"picked":"Slimebound:SpikyOuterGoop","floor":9},{"not_picked":["Slimebound:PressTheAttack","Slimebound:Recollect"],"picked":"Slimebound:LivingWall","floor":11},{"not_picked":["Slimebound:SplitLeeching","Slimebound:ServeAndProtect"],"picked":"Slimebound:RollThrough","floor":13},{"not_picked":["Slimebound:GoopTackle","Slimebound:SplitLeeching"],"picked":"Slimebound:SplitSpecialist","floor":14},{"not_picked":["Slimebound:ItLooksTasty","Slimebound:SplitLeeching"],"picked":"Slimebound:MegaLick","floor":15},{"not_picked":["Slimebound:Overexert","Slimebound:MassFeed"],"picked":"Slimebound:LeechLife","floor":16},{"not_picked":["Slimebound:RainOfGoop+1","Slimebound:Prepare"],"picked":"Slimebound:Recollect","floor":19},{"not_picked":["Slimebound:LeechEnergy","Slimebound:ComboTackle"],"picked":"Slimebound:SplitLeeching","floor":20},{"not_picked":["Slimebound:LeechEnergy","Slimebound:FinishingTackle"],"picked":"Slimebound:GoopSpray","floor":25},{"not_picked":["Slimebound:DouseInSlime","Slimebound:Gluttony"],"picked":"Slimebound:LivingWall","floor":26},{"not_picked":["Slimebound:PressTheAttack","Slimebound:GoopSpray+1"],"picked":"Slimebound:Equalize","floor":27},{"not_picked":["Slimebound:DivideAndConquer","Slimebound:ComboTackle"],"picked":"Slimebound:Recollect+1","floor":28},{"not_picked":["Slimebound:ProtectTheBoss","Slimebound:RollThrough"],"picked":"Slimebound:LivingWall","floor":29},{"not_picked":["Slimebound:ViciousTackle","Slimebound:SplitAcid"],"picked":"Slimebound:GoopSpray","floor":31},{"not_picked":["Slimebound:ItLooksTasty","Slimebound:TongueLash"],"picked":"Slimebound:SamplingLick","floor":32},{"not_picked":["Slimebound:Darklings","Slimebound:SlimeSlap"],"picked":"Slimebound:Recycling","floor":33},{"not_picked":[],"picked":"Slimebound:Prepare+1","floor":36},{"not_picked":[],"picked":"Slimebound:AcidTongue+1","floor":37},{"not_picked":["Slimebound:SlimeBrawl+1"],"picked":"SKIP","floor":38},{"not_picked":["Slimebound:ProtectTheBoss+1"],"picked":"SKIP","floor":39},{"not_picked":["Slimebound:FinishingTackle+1"],"picked":"SKIP","floor":43},{"not_picked":[],"picked":"Slimebound:LeechingTouch+1","floor":44},{"not_picked":[],"picked":"Slimebound:HauntingLick+1","floor":46},{"not_picked":[],"picked":"Slimebound:SlimeSpikes+1","floor":48},{"not_picked":[],"picked":"Slimebound:Nibble+1","floor":49}],"player_experience":144343,"relics_obtained":[{"floor":7,"key":"Kunai"},{"floor":8,"key":"Bottled Lightning"},{"floor":24,"key":"Matryoshka"},{"floor":41,"key":"Pen Nib"},{"floor":41,"key":"Molten Egg 2"},{"floor":46,"key":"Slimebound:SlimedSkullRelic"}],"event_choices":[{"damage_healed":0,"gold_gain":0,"player_choice":"Stole Relic","damage_taken":0,"relics_obtained":["Slimebound:AggressiveSlimeRelic"],"max_hp_gain":0,"max_hp_loss":0,"event_name":"Addict","floor":21,"gold_loss":0,"cards_obtained":["Pride"]},{"damage_healed":0,"gold_gain":0,"player_choice":"Became a vampire","damage_taken":0,"max_hp_gain":0,"max_hp_loss":22,"event_name":"Vampires","floor":22,"gold_loss":0,"cards_obtained":["Bite","Bite","Bite","Bite","Bite"]},{"cards_removed":["Slimebound:Recollect"],"damage_healed":6,"gold_gain":0,"player_choice":"Offered Uncommon","damage_taken":0,"max_hp_gain":0,"max_hp_loss":0,"event_name":"Bonfire Elementals","floor":30,"gold_loss":0}],"is_beta":false,"boss_relics":[{"not_picked":["Astrolabe","Fusion Hammer"],"picked":"SacredBark"},{"not_picked":["Pandora\u0027s Box","Black Star"],"picked":"Busted Crown"}],"items_purged_floors":[4,37],"is_endless":false,"potions_floor_spawned":[6,8,9,14,15,25,29,32,33,36,43,44,46],"ascension_level":0}}