{"host":"4eao2pkwlmv012cz","time":1614061336,"event":{"mods":["BaseMod","Bestiary","Bossed Relics","Colored Powertips","Minty Spire (QoL Compilation)","Permanent Neow","Quick Restart","Random Character Button","StSLib"],"gold_per_floor":[144,189,189,234,9,99,111,213,225,327,91,91,166,16,16,316,316,361,361,16,16,16,106,151,241,241,541,68,113,313,703,703,1003,1003,1048,1093,1093,1093,553,643,733,733,758,1058,1058,1103,581,581,581,581],"floor_reached":51,"language":"ENG","playtime":2061,"items_purged":["Warcry+1"],"score":1098,"play_id":"25f435b6-fdc1-4aaa-9640-43ce7aa4a1bf","local_time":"20210223012216","daily_mods":["Draft","Flight","Midas"],"is_ascension_mode":false,"campfire_choices":[{"floor":15.0,"key":"REST"},{"floor":32,"key":"REST"},{"floor":42,"key":"REST"},{"floor":45,"key":"REST"},{"floor":49,"key":"REST"}],"circlet_count":0,"master_deck":["Spot Weakness+1","Battle Trance+1","Armaments+1","Flame Barrier+1","Flex+1","Heavy Blade+1","Flex+1","Heavy Blade+1","True Grit+1","Pummel+1","Flex+1","Heavy Blade+1","Uppercut+1","True Grit+1","Entrench+1","Rage+1","Immolate+1","Inflame+1","Spot Weakness+1","Flame Barrier+1","Feel No Pain+1","Mayhem+1","Barricade+1","Heavy Blade+1","Body Slam+1","Demon Form+1","Dark Shackles+1","Spot Weakness+1","Pommel Strike+1","Berserk+1","Flame Barrier+1","Body Slam+1","Thunderclap+1","Heavy Blade+1","Reaper+1","Power Through+1","Armaments+1","Master of Strategy+1","Flame Barrier+1","Shrug It Off+1","Panacea+1","Shockwave+1"],"relics":["Burning Blood","MawBank","InkBottle","Centennial Puzzle","Molten Egg 2","Happy Flower","Snecko Eye","Brimstone","Whetstone","Calipers","Akabeko","Toxic Egg 2","Bird Faced Urn","Singing Bowl","FossilizedHelix","Toy Ornithopter","Old Coin","Black Star","Mark of the Bloom","Charon\u0027s Ashes","Dream Catcher","War Paint","Gremlin Horn","Red Skull","Anchor","Lee\u0027s Waffle","Self Forming Clay"],"acts_visited":["Exordium","TheCity","TheBeyond"],"potions_floor_usage":[25,36,50,50,50],"damage_taken":[{"damage":4.0,"enemies":"Jaw Worm","floor":1.0,"turns":2.0},{"damage":0.0,"enemies":"Cultist","floor":2.0,"turns":1.0},{"damage":1.0,"enemies":"2 Louse","floor":4.0,"turns":2.0},{"damage":0.0,"enemies":"Gremlin Nob","floor":6.0,"turns":2.0},{"damage":15.0,"enemies":"3 Sentries","floor":8.0,"turns":5.0},{"damage":36.0,"enemies":"Lagavulin","floor":10.0,"turns":7.0},{"damage":13.0,"enemies":"Hexaghost","floor":16.0,"turns":7.0},{"damage":1.0,"enemies":"Chosen","floor":18.0,"turns":5.0},{"damage":9.0,"enemies":"Gremlin Leader","floor":23.0,"turns":4.0},{"damage":8.0,"enemies":"Shell Parasite","floor":24.0,"turns":3.0},{"damage":4,"enemies":"Slavers","floor":25,"turns":3},{"damage":6,"enemies":"Colosseum Slavers","floor":27,"turns":2},{"damage":0,"enemies":"Colosseum Nobs","floor":27,"turns":2},{"damage":0,"enemies":"Centurion and Healer","floor":29,"turns":3},{"damage":10,"enemies":"Book of Stabbing","floor":31,"turns":3},{"damage":34,"enemies":"Collector","floor":33,"turns":5},{"damage":0,"enemies":"Orb Walker","floor":35,"turns":2},{"damage":15,"enemies":"3 Darklings","floor":36,"turns":3},{"damage":0,"enemies":"Reptomancer","floor":40,"turns":3},{"damage":48,"enemies":"Nemesis","floor":41,"turns":3},{"damage":0,"enemies":"Writhing Mass","floor":46,"turns":2},{"damage":17,"enemies":"Awakened One","floor":50,"turns":6}],"seed_played":"-7386017133472573341","potions_obtained":[{"floor":1.0,"key":"DistilledChaos"},{"floor":2.0,"key":"Dexterity Potion"},{"floor":10.0,"key":"Fruit Juice"},{"floor":16.0,"key":"Fire Potion"},{"floor":18.0,"key":"DuplicationPotion"},{"floor":27,"key":"BloodPotion"},{"floor":29,"key":"Strength Potion"},{"floor":33,"key":"SneckoOil"},{"floor":41,"key":"HeartOfIron"},{"floor":46,"key":"Fire Potion"}],"is_trial":false,"path_per_floor":["M","M","?","M","$","E","?","E","T","E","$","?","?","$","R","B",null,"M","?","$","?","?","E","M","E","T","?","$","M","?","E","R","B",null,"M","M","?","?","$","E","E","R","T","?","R","M","$","?","R","B",null],"character_chosen":"IRONCLAD","items_purchased":["Immolate","Inflame","Mayhem","Evolve","Happy Flower","Brimstone","Whetstone","Body Slam+1","FossilizedHelix","Toy Ornithopter","Body Slam+1","Charon\u0027s Ashes","Master of Strategy+1","Lee\u0027s Waffle","Self Forming Clay","Panacea+1","Shockwave+1"],"campfire_rested":5,"item_purchase_floors":[5,5,11,11,14,20,20,20,28,28,28,39,39,47,47,47,47],"current_hp_per_floor":[80,80,80,80,80,80,80,71,71,41,41,41,30,30,54,52,85,85,85,85,85,85,82,80,82,82,85,85,85,85,83,85,61,85,85,78,78,78,78,78,30,30,30,30,30,30,30,30,30,13],"gold":581,"neow_bonus":"","is_daily":true,"chose_seed":false,"campfire_upgraded":0,"win_rate":0.0,"timestamp":1614061336,"path_taken":["M","M","?","?","$","E","?","E","T","E","$","?","?","?","R","BOSS","M","?","$","?","?","E","?","E","T","?","$","M","?","E","R","BOSS","M","?","?","?","$","E","E","R","T","?","R","?","$","?","R","BOSS"],"items_purchased_type":["Card","Card","Card","Card","Relic","Relic","Relic","Card","Relic","Relic","Card","Relic","Card","Relic","Relic","Card","Card"],"build_version":"2020-12-22","purchased_purges":1,"victory":true,"max_hp_per_floor":[80,80,80,80,80,80,80,80,80,80,80,80,80,80,80,85,85,85,85,85,85,85,85,85,85,85,85,85,85,85,85,85,85,85,85,85,85,85,85,85,85,87,87,87,89,91,98,98,100,100],"card_choices":[{"not_picked":["Entrench","Thunderclap"],"picked":"Spot Weakness","floor":0.0},{"not_picked":["True Grit","Evolve"],"picked":"Battle Trance","floor":0.0},{"not_picked":["Body Slam","Iron Wave"],"picked":"Armaments","floor":0.0},{"not_picked":["Searing Blow","Shrug It Off"],"picked":"Flame Barrier","floor":0.0},{"not_picked":["Heavy Blade","Shockwave"],"picked":"Flex","floor":0.0},{"not_picked":["Clash","Wild Strike"],"picked":"Heavy Blade","floor":0.0},{"not_picked":["Infernal Blade","Thunderclap"],"picked":"Flex","floor":0.0},{"not_picked":["Iron Wave","Body Slam"],"picked":"Heavy Blade","floor":0.0},{"not_picked":["Pommel Strike","Rampage"],"picked":"True Grit","floor":0.0},{"not_picked":["Reckless Charge","Headbutt"],"picked":"Pummel","floor":0.0},{"not_picked":["Cleave","Body Slam"],"picked":"Flex","floor":0.0},{"not_picked":["Anger","Perfected Strike"],"picked":"Heavy Blade","floor":0.0},{"not_picked":["Heavy Blade","Iron Wave"],"picked":"Warcry","floor":0.0},{"not_picked":["Pommel Strike","Battle Trance"],"picked":"Uppercut","floor":0.0},{"not_picked":["Perfected Strike","Headbutt"],"picked":"True Grit","floor":0.0},{"not_picked":["Heavy Blade","Anger","Sword Boomerang"],"picked":"SKIP","floor":1.0},{"not_picked":["Armaments","Shrug It Off"],"picked":"Entrench","floor":2.0},{"not_picked":["Reckless Charge","Flex"],"picked":"Rage","floor":4.0},{"not_picked":["Shrug It Off","Perfected Strike"],"picked":"Spot Weakness","floor":6.0},{"not_picked":["Intimidate","Evolve"],"picked":"Flame Barrier","floor":8.0},{"not_picked":["Fire Breathing","Headbutt+1"],"picked":"Feel No Pain","floor":10.0},{"not_picked":["Bludgeon+1","Feed+1"],"picked":"Barricade","floor":16.0},{"not_picked":["Thunderclap+1","Dropkick+1"],"picked":"Heavy Blade+1","floor":18.0},{"not_picked":["Searing Blow+1","Ghostly Armor"],"picked":"Spot Weakness","floor":23.0},{"not_picked":["Infernal Blade","Flex"],"picked":"Pommel Strike+1","floor":24.0},{"not_picked":["Iron Wave+1","Thunderclap+1"],"picked":"Berserk","floor":25},{"not_picked":["Entrench+1","Clash+1"],"picked":"Flame Barrier+1","floor":27},{"not_picked":["Reckless Charge+1","Whirlwind+1"],"picked":"Thunderclap+1","floor":29},{"not_picked":["Carnage+1","Thunderclap+1"],"picked":"Heavy Blade+1","floor":31},{"not_picked":["Exhume+1","Brutality"],"picked":"Reaper+1","floor":33},{"not_picked":["Thunderclap+1","True Grit+1"],"picked":"Power Through+1","floor":35},{"not_picked":["Pommel Strike+1","Havoc+1"],"picked":"Armaments+1","floor":36},{"not_picked":["Anger+1","Barricade"],"picked":"Flame Barrier+1","floor":40},{"not_picked":["Thunderclap+1","Blood for Blood+1"],"picked":"Shrug It Off+1","floor":41},{"not_picked":["Headbutt+1","Pommel Strike+1","Infernal Blade+1"],"picked":"Singing Bowl","floor":42},{"not_picked":["Iron Wave+1","Sword Boomerang+1","Hemokinesis+1"],"picked":"Singing Bowl","floor":45},{"not_picked":["Inflame","Sword Boomerang+1","Body Slam+1"],"picked":"Singing Bowl","floor":46},{"not_picked":["Sword Boomerang+1","Iron Wave+1","Headbutt+1"],"picked":"Singing Bowl","floor":49}],"player_experience":2945935,"relics_obtained":[{"floor":6.0,"key":"MawBank"},{"floor":8.0,"key":"InkBottle"},{"floor":9.0,"key":"Centennial Puzzle"},{"floor":10.0,"key":"Molten Egg 2"},{"floor":23.0,"key":"Calipers"},{"floor":25,"key":"Akabeko"},{"floor":26,"key":"Toxic Egg 2"},{"floor":27,"key":"Bird Faced Urn"},{"floor":27,"key":"Singing Bowl"},{"floor":31,"key":"Old Coin"},{"floor":40,"key":"Dream Catcher"},{"floor":40,"key":"War Paint"},{"floor":41,"key":"Gremlin Horn"},{"floor":41,"key":"Red Skull"},{"floor":43,"key":"Anchor"}],"event_choices":[{"damage_healed":0.0,"max_hp_gain":0.0,"max_hp_loss":0.0,"gold_gain":0.0,"event_name":"The Woman in Blue","player_choice":"Bought 0 Potions","floor":3.0,"gold_loss":0.0,"damage_taken":0.0},{"damage_healed":0.0,"max_hp_gain":0.0,"max_hp_loss":0.0,"gold_gain":0.0,"event_name":"The Cleric","player_choice":"Leave","floor":7.0,"gold_loss":0.0,"damage_taken":0.0},{"damage_healed":0.0,"max_hp_gain":0.0,"max_hp_loss":0.0,"gold_gain":0.0,"event_name":"Living Wall","player_choice":"Grow","floor":12.0,"gold_loss":0.0,"damage_taken":0.0,"cards_upgraded":["Heavy Blade"]},{"damage_healed":0.0,"max_hp_gain":0.0,"max_hp_loss":0.0,"gold_gain":75.0,"event_name":"World of Goop","player_choice":"Gather Gold","floor":13.0,"gold_loss":0.0,"damage_taken":11.0},{"damage_healed":0.0,"max_hp_gain":0.0,"max_hp_loss":0.0,"gold_gain":0.0,"event_name":"Vampires","player_choice":"Ignored","floor":19.0,"gold_loss":0.0,"damage_taken":0.0},{"damage_healed":0.0,"max_hp_gain":0.0,"max_hp_loss":0.0,"gold_gain":0.0,"event_name":"Ghosts","player_choice":"Ignored","floor":21.0,"gold_loss":0.0,"damage_taken":0.0},{"damage_healed":0.0,"max_hp_gain":0.0,"max_hp_loss":0.0,"gold_gain":0.0,"event_name":"Match and Keep!","player_choice":"2 cards matched","floor":22.0,"gold_loss":0.0,"damage_taken":0.0,"cards_obtained":["Demon Form","Dark Shackles"]},{"damage_healed":0,"gold_gain":0,"player_choice":"Fight","damage_taken":0,"max_hp_gain":0,"max_hp_loss":0,"event_name":"Colosseum","floor":27,"gold_loss":0},{"damage_healed":0,"gold_gain":0,"player_choice":"Fought Nobs","damage_taken":0,"max_hp_gain":0,"max_hp_loss":0,"event_name":"Colosseum","floor":27,"gold_loss":0},{"damage_healed":0,"gold_gain":250,"player_choice":"Bet on Owner","damage_taken":0,"max_hp_gain":0,"max_hp_loss":0,"event_name":"The Joust","floor":30,"gold_loss":50},{"damage_healed":0,"gold_gain":0,"player_choice":"Upgrade","damage_taken":0,"relics_obtained":["Mark of the Bloom"],"max_hp_gain":0,"max_hp_loss":0,"event_name":"MindBloom","floor":37,"gold_loss":0,"cards_upgraded":["Spot Weakness","Battle Trance","Armaments","Flame Barrier","Flex","Flex","Heavy Blade","True Grit","Pummel","Flex","Warcry","True Grit","Entrench","Rage","Immolate","Inflame","Spot Weakness","Flame Barrier","Feel No Pain","Mayhem","Evolve","Barricade","Demon Form","Dark Shackles","Spot Weakness","Berserk"]},{"damage_healed":0,"gold_gain":0,"player_choice":"Ignored","damage_taken":0,"max_hp_gain":0,"max_hp_loss":0,"event_name":"Tomb of Lord Red Mask","floor":38,"gold_loss":0},{"damage_healed":0,"gold_gain":300,"player_choice":"Gold","damage_taken":0,"max_hp_gain":0,"max_hp_loss":0,"event_name":"Wheel of Change","floor":44,"gold_loss":0},{"cards_removed":["Evolve"],"damage_healed":0,"gold_gain":0,"player_choice":"Removed Power","damage_taken":0,"max_hp_gain":0,"max_hp_loss":0,"event_name":"Falling","floor":48,"gold_loss":0}],"is_beta":false,"boss_relics":[{"not_picked":["Sozu","Astrolabe"],"picked":"Snecko Eye"},{"not_picked":["SlaversCollar","Tiny House"],"picked":"Black Star"}],"items_purged_floors":[39],"is_endless":false,"potions_floor_spawned":[1,2,10,16,18,27,29,33,41,46],"ascension_level":0}}