{"host":"9brt9rggm379u2p7","time":1614109520,"event":{"mods":["AchievementEnabler","BaseMod","Highlight Path","Minty Spire (QoL Compilation)","Permanent Neow","Quick Restart","SuperFastMode"],"gold_per_floor":[116,133,152,169,94,127,52,86,86,86,86,105,105,123,123,202,202,222,240,240,250,150,150,150,150],"floor_reached":24,"language":"ENG","playtime":1164,"items_purged":["Strike_R","Strike_R"],"score":416,"play_id":"5b01565b-59e5-4ee8-a54e-ec113a7be854","local_time":"20210224044520","is_ascension_mode":true,"campfire_choices":[{"data":"True Grit","floor":13.0,"key":"SMITH"},{"floor":15.0,"key":"REST"},{"data":"Limit Break","floor":23.0,"key":"SMITH"}],"circlet_count":0,"master_deck":["AscendersBane","Strike_R","Defend_R","Defend_R","Defend_R","Defend_R","Bash","Berserk","Ghostly Armor","Uppercut","Whirlwind","Battle Trance","Second Wind","True Grit+1","Inflame+1","Limit Break+1","Spot Weakness","True Grit+1"],"relics":["Burning Blood","Pantograph","Bottled Tornado","Frozen Egg 2","Sozu"],"acts_visited":["Exordium","TheCity"],"potions_floor_usage":[],"damage_taken":[{"damage":4.0,"enemies":"Cultist","floor":1.0,"turns":3.0},{"damage":10.0,"enemies":"Jaw Worm","floor":2.0,"turns":5.0},{"damage":0.0,"enemies":"2 Louse","floor":3.0,"turns":2.0},{"damage":0.0,"enemies":"Large Slime","floor":4.0,"turns":3.0},{"damage":29.0,"enemies":"Gremlin Nob","floor":6.0,"turns":4.0},{"damage":35.0,"enemies":"3 Sentries","floor":8.0,"turns":8.0},{"damage":2.0,"enemies":"Looter","floor":12.0,"turns":3.0},{"damage":8.0,"enemies":"Red Slaver","floor":14.0,"turns":5.0},{"damage":39.0,"enemies":"Slime Boss","floor":16.0,"turns":8.0},{"damage":22.0,"enemies":"Spheric Guardian","floor":18.0,"turns":4.0},{"damage":15.0,"enemies":"Chosen","floor":19.0,"turns":4.0},{"damage":15.0,"enemies":"Centurion and Healer","floor":21.0,"turns":6.0},{"damage":41,"enemies":"Slavers","floor":24,"turns":3}],"seed_played":"-7602200715507673223","potions_obtained":[{"floor":1.0,"key":"Fire Potion"},{"floor":2.0,"key":"Ancient Potion"},{"floor":4.0,"key":"Strength Potion"},{"floor":6.0,"key":"Dexterity Potion"},{"floor":8.0,"key":"LiquidMemories"}],"is_trial":false,"path_per_floor":["M","M","M","M","?","E","$","E","T","?","?","M","R","M","R","B",null,"M","M","?","M","$","R","E"],"character_chosen":"IRONCLAD","items_purchased":[],"campfire_rested":1,"item_purchase_floors":[],"current_hp_per_floor":[52,48,54,60,60,37,37,8,8,8,8,12,12,10,32,24,62,46,37,37,28,28,28,0,0],"gold":150,"neow_bonus":"THREE_RARE_CARDS","is_daily":false,"chose_seed":false,"campfire_upgraded":2,"win_rate":0.0,"timestamp":1614109520,"path_taken":["M","M","M","?","?","E","?","E","T","?","?","M","R","M","R","BOSS","M","M","?","M","$","R","E"],"items_purchased_type":[],"build_version":"2020-12-22","purchased_purges":2,"victory":false,"max_hp_per_floor":[75,75,75,75,75,75,75,75,75,75,75,75,75,75,75,75,75,75,75,75,75,75,75,75,75],"card_choices":[{"not_picked":["Barricade","Demon Form"],"picked":"Berserk","floor":0.0},{"not_picked":["Sever Soul","Seeing Red"],"picked":"Ghostly Armor","floor":1.0},{"not_picked":["Hemokinesis","Anger"],"picked":"Uppercut","floor":2.0},{"not_picked":["True Grit","Iron Wave"],"picked":"Whirlwind","floor":3.0},{"not_picked":["Anger","Clothesline"],"picked":"Battle Trance","floor":4.0},{"not_picked":["Headbutt","Pommel Strike"],"picked":"Second Wind","floor":6.0},{"not_picked":["Shockwave","Exhume","Body Slam"],"picked":"SKIP","floor":8.0},{"not_picked":["Ghostly Armor","Shrug It Off"],"picked":"True Grit","floor":12.0},{"not_picked":["Flex","Wild Strike"],"picked":"Inflame+1","floor":14.0},{"not_picked":["Immolate","Barricade+1"],"picked":"Limit Break","floor":16.0},{"not_picked":["Intimidate","Anger"],"picked":"Spot Weakness","floor":18.0},{"not_picked":["Anger+1","Body Slam"],"picked":"True Grit+1","floor":19.0},{"not_picked":["Pommel Strike","Iron Wave","Sword Boomerang"],"picked":"SKIP","floor":21.0}],"player_experience":442949,"relics_obtained":[{"floor":6.0,"key":"Pantograph"},{"floor":8.0,"key":"Bottled Tornado"},{"floor":9.0,"key":"Frozen Egg 2"}],"event_choices":[{"cards_removed":["Strike_R"],"damage_healed":0.0,"max_hp_gain":0.0,"max_hp_loss":0.0,"gold_gain":0.0,"event_name":"The Cleric","player_choice":"Card Removal","floor":5.0,"gold_loss":75.0,"damage_taken":0.0},{"damage_healed":0.0,"max_hp_gain":0.0,"max_hp_loss":0.0,"gold_gain":0.0,"event_name":"Shining Light","player_choice":"Ignored","floor":10.0,"gold_loss":0.0,"damage_taken":0.0},{"damage_healed":0.0,"max_hp_gain":0.0,"max_hp_loss":0.0,"gold_gain":0.0,"event_name":"Scrap Ooze","player_choice":"Fled","floor":11.0,"gold_loss":0.0,"damage_taken":0.0},{"cards_removed":["Strike_R"],"damage_healed":0.0,"max_hp_gain":0.0,"max_hp_loss":0.0,"gold_gain":0.0,"event_name":"Bonfire Elementals","player_choice":"Offered Basic","floor":20.0,"gold_loss":0.0,"damage_taken":0.0}],"is_beta":false,"boss_relics":[{"not_picked":["Black Star","Runic Dome"],"picked":"Sozu"}],"items_purged_floors":[7,22],"is_endless":false,"potions_floor_spawned":[1,2,4,6,8],"killed_by":"Slavers","ascension_level":20}}