{"host":"i8x3uekhioq8aaet","time":1614096005,"event":{"mods":["AchievementEnabler","BaseMod","Colored Map","Colored Powertips","DeckTracker","Minty Spire (QoL Compilation)","Relic Sorter","StSLib"],"gold_per_floor":[119,119,119,41,57,57,84,84,132,151,168,168,17,51,51,152,152,164,181,181,193,213,213,240,240,240,253,253,292,17,41,41,153,153,175,25,84,35,35,35,55,74,97,109,143,190,211,244,265,277,277],"floor_reached":50,"language":"ZHT","playtime":4151,"items_purged":[],"score":689,"play_id":"0a129745-e547-4276-b62a-101326d7de00","local_time":"20210224000005","is_ascension_mode":true,"campfire_choices":[{"data":"Whirlwind","floor":6.0,"key":"SMITH"},{"floor":8.0,"key":"REST"},{"floor":12.0,"key":"REST"},{"data":"Perfected Strike","floor":15.0,"key":"SMITH"},{"floor":23.0,"key":"REST"},{"data":"Perfected Strike","floor":25.0,"key":"SMITH"},{"floor":32.0,"key":"REST"},{"data":"1","floor":40.0,"key":"LIFT"},{"data":"2","floor":44.0,"key":"LIFT"},{"floor":49.0,"key":"REST"}],"circlet_count":0,"master_deck":["Strike_R+1","Strike_R+1","Strike_R+1","Strike_R+1","Strike_R+1","Defend_R+1","Defend_R+1","Defend_R+1","Defend_R+1","Bash","Inflame+1","Whirlwind+1","Perfected Strike+1","Perfected Strike+1","Pommel Strike","Immolate","Iron Wave","Impervious+1","Iron Wave","True Grit+1","Ghostly Armor","Sword Boomerang+1","Impervious","Armaments","Shrug It Off","Inflame+1","Bandage Up","Havoc+1","Dual Wield","Iron Wave+1","Parasite","Armaments+1","Perfected Strike+1","Infernal Blade+1","Rage+1"],"relics":["Black Star","White Beast Statue","Letter Opener","Toy Ornithopter","Blue Candle","Unceasing Top","SlaversCollar","Strawberry","Bottled Tornado","InkBottle","War Paint","CeramicFish","Mercury Hourglass","Bronze Scales","SacredBark","Girya","Dream Catcher","MawBank"],"acts_visited":["Exordium","TheCity","TheBeyond"],"potions_floor_usage":[50],"damage_taken":[{"damage":8.0,"enemies":"2 Louse","floor":1.0,"turns":4.0},{"damage":7.0,"enemies":"Jaw Worm","floor":5.0,"turns":3.0},{"damage":30.0,"enemies":"Lagavulin","floor":7.0,"turns":5.0},{"damage":1.0,"enemies":"Cultist","floor":10.0,"turns":3.0},{"damage":13.0,"enemies":"Large Slime","floor":11.0,"turns":3.0},{"damage":13.0,"enemies":"Gremlin Nob","floor":14.0,"turns":3.0},{"damage":40.0,"enemies":"Hexaghost","floor":16.0,"turns":6.0},{"damage":1.0,"enemies":"3 Byrds","floor":18.0,"turns":4.0},{"damage":17.0,"enemies":"2 Thieves","floor":19.0,"turns":3.0},{"damage":13.0,"enemies":"Snecko","floor":21.0,"turns":3.0},{"damage":15.0,"enemies":"Snake Plant","floor":22.0,"turns":3.0},{"damage":24.0,"enemies":"Gremlin Leader","floor":24.0,"turns":5.0},{"damage":42.0,"enemies":"Centurion and Healer","floor":27.0,"turns":9.0},{"damage":35.0,"enemies":"Book of Stabbing","floor":29.0,"turns":5.0},{"damage":13.0,"enemies":"Snecko","floor":31.0,"turns":3.0},{"damage":54.0,"enemies":"Automaton","floor":33.0,"turns":10.0},{"damage":22.0,"enemies":"3 Darklings","floor":35.0,"turns":4.0},{"damage":56.0,"enemies":"Mind Bloom Boss Battle","floor":37.0,"turns":5.0},{"damage":3.0,"enemies":"Orb Walker","floor":41.0,"turns":3.0},{"damage":17.0,"enemies":"Sphere and 2 Shapes","floor":42.0,"turns":3.0},{"damage":30.0,"enemies":"Maw","floor":45.0,"turns":7.0},{"damage":23.0,"enemies":"Writhing Mass","floor":46.0,"turns":6.0},{"damage":11.0,"enemies":"Jaw Worm Horde","floor":48.0,"turns":3.0},{"damage":98,"enemies":"Awakened One","floor":50,"turns":10}],"seed_played":"-2376974700987228098","potions_obtained":[{"floor":7.0,"key":"AttackPotion"},{"floor":10.0,"key":"PowerPotion"},{"floor":11.0,"key":"Dexterity Potion"},{"floor":14.0,"key":"DistilledChaos"},{"floor":16.0,"key":"SkillPotion"},{"floor":18.0,"key":"Energy Potion"},{"floor":19.0,"key":"SkillPotion"},{"floor":21.0,"key":"GamblersBrew"},{"floor":22.0,"key":"EssenceOfSteel"},{"floor":24.0,"key":"BloodPotion"},{"floor":27.0,"key":"BlessingOfTheForge"},{"floor":29.0,"key":"Energy Potion"},{"floor":31.0,"key":"BloodPotion"},{"floor":33.0,"key":"SteroidPotion"},{"floor":35.0,"key":"BloodPotion"},{"floor":37.0,"key":"SpeedPotion"},{"floor":41.0,"key":"Weak Potion"},{"floor":42.0,"key":"ColorlessPotion"},{"floor":45.0,"key":"Dexterity Potion"},{"floor":46.0,"key":"BloodPotion"},{"floor":48.0,"key":"AttackPotion"}],"is_trial":false,"path_per_floor":["M","?","?","$","M","R","E","R","T","M","M","R","$","E","R","B",null,"M","M","?","M","M","R","E","R","T","M","?","E","$","M","R","B",null,"M","$","?","$","?","R","M","M","T","R","M","M","?","M","R","B"],"character_chosen":"IRONCLAD","items_purchased":["Whirlwind","Immolate","Bronze Scales","Fruit Juice","Armaments","Bandage Up","Regen Potion","Block Potion"],"campfire_rested":5,"item_purchase_floors":[4,13,30,30,30,36,36,38],"current_hp_per_floor":[64,64,64,64,57,57,27,51,51,50,42,66,66,58,58,28,67,66,54,54,41,36,60,70,70,70,28,28,3,13,28,55,1,69,88,88,60,60,60,60,66,54,54,54,43,72,72,61,88,0,0],"gold":277,"neow_bonus":"BOSS_RELIC","is_daily":false,"chose_seed":false,"campfire_upgraded":3,"win_rate":0.0,"timestamp":1614096005,"path_taken":["M","?","?","$","M","R","E","R","T","M","M","R","?","E","R","BOSS","M","M","?","M","M","R","E","R","T","M","?","E","?","M","R","BOSS","M","?","?","$","?","R","M","M","T","R","?","M","?","M","R","BOSS"],"items_purchased_type":["Card","Card","Relic","Potion","Card","Card","Potion","Potion"],"build_version":"2020-12-22","purchased_purges":0,"victory":false,"max_hp_per_floor":[80,80,80,80,80,80,80,80,80,80,80,80,80,80,80,80,80,80,80,80,80,80,80,87,87,87,87,87,87,92,92,92,92,92,92,92,92,92,92,92,92,92,92,92,92,92,92,92,92,92,92],"card_choices":[{"not_picked":["Heavy Blade","Cleave"],"picked":"Inflame","floor":1.0},{"not_picked":["Second Wind","Battle Trance","Disarm"],"picked":"SKIP","floor":5.0},{"not_picked":["Seeing Red","Clothesline"],"picked":"Perfected Strike","floor":7.0},{"not_picked":["Blood for Blood","Wild Strike"],"picked":"Perfected Strike","floor":10.0},{"not_picked":["Bludgeon","Anger"],"picked":"Pommel Strike","floor":11.0},{"not_picked":["True Grit","Reckless Charge"],"picked":"Iron Wave","floor":14.0},{"not_picked":["Juggernaut","Exhume"],"picked":"Impervious","floor":16.0},{"not_picked":["Whirlwind","Clash","Anger"],"picked":"SKIP","floor":18.0},{"not_picked":["Cleave+1","Warcry"],"picked":"Iron Wave","floor":19.0},{"not_picked":["Flex","Havoc+1"],"picked":"True Grit","floor":21.0},{"not_picked":["Headbutt+1","Whirlwind","Heavy Blade"],"picked":"SKIP","floor":22.0},{"not_picked":["Carnage","Shockwave"],"picked":"Ghostly Armor","floor":24.0},{"not_picked":["Juggernaut","Uppercut+1"],"picked":"Sword Boomerang+1","floor":27.0},{"not_picked":["Thunderclap+1","Clash"],"picked":"Impervious","floor":29.0},{"not_picked":["Clash","Body Slam"],"picked":"Shrug It Off","floor":31.0},{"not_picked":["Brutality","Fiend Fire"],"picked":"Barricade","floor":33.0},{"not_picked":["Heavy Blade+1","Havoc+1"],"picked":"Inflame+1","floor":35.0},{"not_picked":["Flex","Pommel Strike"],"picked":"Havoc+1","floor":37.0},{"not_picked":["Anger","Clothesline+1"],"picked":"Dual Wield","floor":41.0},{"not_picked":["Feel No Pain+1","Second Wind","Dual Wield+1"],"picked":"SKIP","floor":42.0},{"not_picked":["Thunderclap+1","Twin Strike+1"],"picked":"Iron Wave+1","floor":45.0},{"not_picked":["Headbutt+1","Ghostly Armor+1"],"picked":"Armaments+1","floor":46.0},{"not_picked":["Battle Trance+1","Clash"],"picked":"Infernal Blade+1","floor":48.0},{"not_picked":["Evolve+1","Battle Trance+1"],"picked":"Rage+1","floor":49.0}],"player_experience":346443,"relics_obtained":[{"floor":7.0,"key":"White Beast Statue"},{"floor":7.0,"key":"Letter Opener"},{"floor":9.0,"key":"Toy Ornithopter"},{"floor":14.0,"key":"Blue Candle"},{"floor":14.0,"key":"Unceasing Top"},{"floor":24.0,"key":"Strawberry"},{"floor":24.0,"key":"Bottled Tornado"},{"floor":26.0,"key":"InkBottle"},{"floor":29.0,"key":"CeramicFish"},{"floor":29.0,"key":"Mercury Hourglass"},{"floor":37.0,"key":"Girya"},{"floor":43.0,"key":"MawBank"}],"event_choices":[{"damage_healed":0.0,"max_hp_gain":0.0,"max_hp_loss":0.0,"gold_gain":0.0,"event_name":"Golden Wing","player_choice":"Ignored","floor":2.0,"gold_loss":0.0,"damage_taken":0.0},{"damage_healed":0.0,"max_hp_gain":0.0,"max_hp_loss":0.0,"gold_gain":0.0,"event_name":"Living Wall","player_choice":"Grow","floor":3.0,"gold_loss":0.0,"damage_taken":0.0,"cards_upgraded":["Inflame"]},{"damage_healed":0.0,"max_hp_gain":0.0,"max_hp_loss":0.0,"gold_gain":0.0,"event_name":"Back to Basics","player_choice":"Simplicity","floor":20.0,"gold_loss":0.0,"damage_taken":0.0,"cards_upgraded":["Strike_R","Strike_R","Strike_R","Strike_R","Strike_R","Defend_R","Defend_R","Defend_R","Defend_R"]},{"damage_healed":0.0,"max_hp_gain":0.0,"max_hp_loss":0.0,"gold_gain":0.0,"event_name":"The Mausoleum","player_choice":"Opened","floor":28.0,"gold_loss":0.0,"damage_taken":0.0,"relics_obtained":["War Paint"]},{"damage_healed":0.0,"max_hp_gain":0.0,"max_hp_loss":0.0,"gold_gain":0.0,"event_name":"MindBloom","player_choice":"Fight","floor":37.0,"gold_loss":0.0,"damage_taken":0.0},{"cards_removed":["Barricade"],"damage_healed":0.0,"max_hp_gain":0.0,"max_hp_loss":0.0,"gold_gain":0.0,"event_name":"WeMeetAgain","player_choice":"Gave Card","floor":39.0,"gold_loss":0.0,"damage_taken":0.0,"relics_obtained":["Dream Catcher"]},{"damage_healed":0.0,"max_hp_gain":0.0,"max_hp_loss":0.0,"gold_gain":0.0,"event_name":"Duplicator","player_choice":"Copied","floor":47.0,"gold_loss":0.0,"damage_taken":0.0,"cards_obtained":["Perfected Strike"]}],"is_beta":false,"boss_relics":[{"not_picked":["Cursed Key","Tiny House"],"picked":"SlaversCollar"},{"not_picked":["Mark of Pain","Coffee Dripper"],"picked":"SacredBark"}],"items_purged_floors":[],"is_endless":false,"potions_floor_spawned":[7,10,11,14,16,18,19,21,22,24,27,29,31,33,35,37,41,42,45,46,48],"killed_by":"Awakened One","ascension_level":7}}