{"host":"yx5rao87132cy5xq","time":1614116329,"event":{"mods":["2.2 Compatiblity","AchievementEnabler","BaseMod","Bestiary","Colored Map","Colored Powertips","Highlight Path","Minty Spire (QoL Compilation)","Quick Restart","Relic Stats","Slay-I","SuperFastMode"],"gold_per_floor":[115,128,152,170,170,214,214,214,214],"floor_reached":8,"language":"ENG","playtime":3764,"items_purged":[],"score":112,"play_id":"0395468f-acee-4fd3-810a-da31ad46b6b6","local_time":"20210223223849","is_ascension_mode":true,"campfire_choices":[{"floor":7,"key":"REST"}],"circlet_count":0,"master_deck":["AscendersBane","Strike_R","Strike_R","Strike_R","Strike_R","Strike_R","Defend_R","Defend_R","Defend_R","Defend_R","Bash","Reckless Charge","Shrug It Off","Flame Barrier","Shockwave"],"relics":["Burning Blood","Blood Vial","Red Skull","Golden Idol","Potion Belt"],"acts_visited":["Exordium"],"potions_floor_usage":[6],"damage_taken":[{"damage":2,"enemies":"Cultist","floor":1,"turns":4},{"damage":4,"enemies":"Jaw Worm","floor":2,"turns":4},{"damage":1,"enemies":"2 Louse","floor":4,"turns":3},{"damage":42,"enemies":"Lagavulin","floor":6,"turns":7},{"damage":49,"enemies":"3 Sentries","floor":8,"turns":12}],"seed_played":"-5882718777774713102","potions_obtained":[{"floor":1,"key":"FearPotion"},{"floor":4,"key":"PowerPotion"}],"is_trial":false,"path_per_floor":["M","M","T","M","?","E","R","E"],"character_chosen":"IRONCLAD","items_purchased":[],"campfire_rested":1,"item_purchase_floors":[],"current_hp_per_floor":[74,75,75,75,68,32,52,5,5],"gold":214,"neow_bonus":"RANDOM_COMMON_RELIC","is_daily":false,"chose_seed":false,"campfire_upgraded":0,"win_rate":0.0,"timestamp":1614116329,"path_taken":["M","M","?","M","?","E","R","E"],"items_purchased_type":[],"build_version":"2020-12-22","purchased_purges":0,"victory":false,"max_hp_per_floor":[75,75,75,75,68,68,68,68,68],"relic_stats":{"Blood Vial":5,"counters":[5,30],"Golden Idol":9,"obtain_stats":[{"Blood Vial":0,"Potion Belt":6,"Golden Idol":5,"Burning Blood":0,"Red Skull":3},{"Blood Vial":0,"Potion Belt":4,"Golden Idol":3,"Burning Blood":0,"Red Skull":2},{"Blood Vial":0,"Potion Belt":18,"Golden Idol":11,"Burning Blood":0,"Red Skull":8}],"Burning Blood":17},"card_choices":[{"not_picked":["Thunderclap","Cleave"],"picked":"Reckless Charge","floor":1},{"not_picked":["Clash","Thunderclap"],"picked":"Shrug It Off","floor":2},{"not_picked":["Burning Pact","Dual Wield"],"picked":"Flame Barrier","floor":4},{"not_picked":["Body Slam","Warcry"],"picked":"Shockwave","floor":6}],"player_experience":1154819,"relics_obtained":[{"floor":3,"key":"Red Skull"},{"floor":6,"key":"Potion Belt"}],"event_choices":[{"damage_healed":0,"gold_gain":0,"player_choice":"Lose Max HP","damage_taken":0,"relics_obtained":["Golden Idol"],"max_hp_gain":0,"max_hp_loss":7,"event_name":"Golden Idol","floor":5,"gold_loss":0}],"is_beta":false,"boss_relics":[],"items_purged_floors":[],"is_endless":false,"potions_floor_spawned":[1,4],"killed_by":"3 Sentries","ascension_level":20}}