{"host":"cc6r8m2qe4jvlwua","time":1614061426,"event":{"mods":["BaseMod","Minty Spire (QoL Compilation)","Morshu Shopkeeper","Replay The Spire","StSLib"],"gold_per_floor":[115,134,134,134,59,59,73,103,130,130,130,130,25,44,44,142,142,157,177,77,77,96,96,36,36,36,36,52,77,77,77],"floor_reached":30,"language":"ENG","playtime":1161,"items_purged":["Strike_B","Defend_B"],"score":260,"play_id":"7b36b504-2aae-41b2-8338-f2f89959c47e","local_time":"20210223002346","is_ascension_mode":true,"campfire_choices":[{"data":"Mirror Shield","floor":6,"key":"SMITH"},{"data":"Loop","floor":10,"key":"SMITH"},{"data":"Zap","floor":12,"key":"SMITH"},{"data":"Consume","floor":15,"key":"SMITH"},{"data":"Seek","floor":23,"key":"SMITH"},{"floor":25,"key":"REST"}],"circlet_count":0,"master_deck":["Strike_B","Strike_B","Defend_B","Defend_B","Zap+1","Dualcast","Mirror Shield+1","Compile Driver","Loop+1","Consume+1","FIFO Queue","Seek+1"],"relics":["Cracked Core","Akabeko","Replay:Mystery Machine","Juzu Bracelet","SacredBark","Nilry\u0027s Codex","Pear","Red Mask"],"acts_visited":["Exordium","TheCity"],"potions_floor_usage":[8,19],"damage_taken":[{"damage":0,"enemies":"Small Slimes","floor":1,"turns":4},{"damage":0,"enemies":"Cultist","floor":2,"turns":3},{"damage":0,"enemies":"2 Louse","floor":7,"turns":2},{"damage":9,"enemies":"Gremlin Nob","floor":8,"turns":4},{"damage":0,"enemies":"2 Fungi Beasts","floor":14,"turns":3},{"damage":29,"enemies":"Slime Boss","floor":16,"turns":9},{"damage":6,"enemies":"3 Byrds","floor":18,"turns":4},{"damage":27,"enemies":"2 Thieves","floor":19,"turns":3},{"damage":13,"enemies":"Snecko","floor":22,"turns":4},{"damage":10,"enemies":"Centurion and Healer","floor":28,"turns":8},{"damage":24,"enemies":"Masked Bandits","floor":29,"turns":5},{"damage":18,"enemies":"Slavers","floor":30,"turns":1}],"seed_played":"-6467865482957317104","potions_obtained":[{"floor":1,"key":"Reflective Coating"},{"floor":2,"key":"BlessingOfTheForge"},{"floor":18,"key":"Explosive Potion"}],"is_trial":false,"path_per_floor":["M","M","?","?","$","R","M","E","T","R","?","R","$","M","R","B",null,"M","M","$","?","M","R","?","R","T","?","M","?","E"],"character_chosen":"DEFECT","items_purchased":["Consume","FIFO Queue"],"campfire_rested":1,"item_purchase_floors":[13,13],"current_hp_per_floor":[54,54,47,47,47,47,47,38,38,38,38,38,38,38,38,9,75,69,42,42,26,13,13,13,35,45,45,35,11,0,0],"gold":77,"neow_bonus":"THREE_RARE_CARDS","is_daily":false,"chose_seed":false,"campfire_upgraded":5,"win_rate":0.0,"timestamp":1614061426,"path_taken":["M","M","?","?","$","R","M","E","T","R","?","R","?","M","R","BOSS","M","M","$","?","M","R","?","R","T","?","M","?","E"],"items_purchased_type":["Card","Card"],"build_version":"2020-12-22","purchased_purges":2,"victory":false,"max_hp_per_floor":[75,75,75,75,75,75,75,75,75,75,75,75,75,75,75,75,75,75,75,75,75,75,75,75,75,85,85,85,85,85,85],"card_choices":[{"not_picked":["ReplayRNGCard","Machine Learning"],"picked":"Mirror Shield","floor":0},{"not_picked":["Reprogram","Barrage","Storm"],"picked":"SKIP","floor":1},{"not_picked":["Darkness","Tempest","Conserve Battery"],"picked":"SKIP","floor":2},{"not_picked":["Leap","Barrage"],"picked":"Compile Driver","floor":7},{"not_picked":["Conserve Battery","Rebound"],"picked":"Loop","floor":8},{"not_picked":["Compile Driver","Meteor Strike","BasicCrystalCard"],"picked":"SKIP","floor":14},{"not_picked":["Reboot","Thunder Strike"],"picked":"Seek","floor":16},{"not_picked":["FTL","Aggregate+1","Beam Cell"],"picked":"SKIP","floor":18},{"not_picked":["ReplayTheSpireMod:GoodbyeWorld","Beam Cell","Leap"],"picked":"SKIP","floor":19},{"not_picked":["Reprogram","Ball Lightning","Scrape"],"picked":"SKIP","floor":22},{"not_picked":["Aggregate","Steam+1","Rebound"],"picked":"SKIP","floor":28}],"player_experience":192291,"relics_obtained":[{"floor":8,"key":"Replay:Mystery Machine"},{"floor":9,"key":"Juzu Bracelet"},{"floor":21,"key":"Nilry\u0027s Codex"},{"floor":26,"key":"Pear"},{"floor":29,"key":"Red Mask"}],"event_choices":[{"cards_removed":["Strike_B"],"damage_healed":0,"gold_gain":0,"player_choice":"Card Removal","damage_taken":7,"max_hp_gain":0,"max_hp_loss":0,"event_name":"Golden Wing","floor":3,"gold_loss":0},{"damage_healed":0,"gold_gain":0,"player_choice":"Gave Potion","damage_taken":0,"relics_obtained":["Akabeko"],"max_hp_gain":0,"max_hp_loss":0,"event_name":"WeMeetAgain","floor":4,"gold_loss":0},{"cards_removed":["Defend_B"],"damage_healed":0,"gold_gain":0,"player_choice":"Purged","damage_taken":0,"max_hp_gain":0,"max_hp_loss":0,"event_name":"Purifier","floor":11,"gold_loss":0},{"damage_healed":0,"gold_gain":0,"player_choice":"Obtained Book","damage_taken":16,"max_hp_gain":0,"max_hp_loss":0,"event_name":"Cursed Tome","floor":21,"gold_loss":0},{"damage_healed":0,"gold_gain":0,"player_choice":"Fought Bandits","damage_taken":0,"max_hp_gain":0,"max_hp_loss":0,"event_name":"Masked Bandits","floor":29,"gold_loss":0}],"is_beta":false,"boss_relics":[{"not_picked":["Replay:Ancient Bell","Replay:Drink Me"],"picked":"SacredBark"}],"items_purged_floors":[5,20],"is_endless":false,"potions_floor_spawned":[1,2,18],"killed_by":"Slavers","ascension_level":3}}