{"host":"fwdkxxz7291ipt0p","time":1614079966,"event":{"mods":["Act Like it!","Bard","BaseMod","Bossed Relics","Energized Spire","Minty Spire (QoL Compilation)","Relic Filter Mod","StSLib"],"gold_per_floor":[115,17,17,17,17,17,33,74,74,97,113,136,136,160,160,286,286,305,323,149,149,163,163,163,163,163,188,201,220,220,234,234,354,354,378,741,641,741,759,759,117,130,130,130,154,14,28,53,53,53],"floor_reached":51,"language":"ZHS","playtime":8102,"items_purged":["bard:Strike","bard:Defend","bard:Strike","bard:Defend","bard:CuttingWords"],"score":676,"play_id":"cf3ad149-5849-436a-a382-5ad8152dcef2","local_time":"20210223193246","is_ascension_mode":false,"campfire_choices":[{"data":"bard:Inspire","floor":6.0,"key":"SMITH"},{"data":"bard:QuickSong","floor":15.0,"key":"SMITH"},{"data":"bard:MagnumOpus","floor":23.0,"key":"SMITH"},{"data":"bard:QuickSong","floor":25.0,"key":"SMITH"},{"data":"bard:SplendidForm","floor":30.0,"key":"SMITH"},{"data":"bard:Doot","floor":32.0,"key":"SMITH"},{"data":"bard:MnemonicVestments","floor":40.0,"key":"SMITH"},{"data":"bard:QuickSong","floor":44,"key":"SMITH"},{"data":"bard:HideousLaughter","floor":49,"key":"SMITH"}],"circlet_count":0,"master_deck":["bard:Strike","bard:Strike","bard:Defend","bard:Defend","bard:Riposte","bard:Inspire+1","bard:LocateObject","bard:ViciousMockery","bard:Focused+1","bard:EchoEcho","bard:QuickSong+1","bard:HideousLaughter+1","bard:MagnumOpus+1","bard:QuickSong+1","bard:GreaterMagicWeapon","bard:DervishDance","bard:EnGarde","bard:Inspire","bard:SplendidForm+1","bard:Doot+1","bard:Heroism","bard:MnemonicVestments+1","Master of Strategy","bard:QuickSong+1","bard:Balestra"],"relics":["bard:PitchPipe","bard:BagPipes","Golden Idol","The Courier","Darkstone Periapt","Runic Pyramid","HornCleat","SlaversCollar","Old Coin","Bag of Preparation","Prayer Wheel","Kunai","Nunchaku"],"acts_visited":["Exordium","TheCity","TheBeyond"],"potions_floor_usage":[50],"damage_taken":[{"damage":1.0,"enemies":"Cultist","floor":1.0,"turns":3.0},{"damage":0.0,"enemies":"2 Louse","floor":7.0,"turns":2.0},{"damage":24.0,"enemies":"Gremlin Nob","floor":8.0,"turns":4.0},{"damage":0.0,"enemies":"Small Slimes","floor":10.0,"turns":3.0},{"damage":5.0,"enemies":"Looter","floor":11.0,"turns":4.0},{"damage":1.0,"enemies":"Exordium Thugs","floor":12.0,"turns":4.0},{"damage":0.0,"enemies":"Lots of Slimes","floor":14.0,"turns":1.0},{"damage":21.0,"enemies":"The Guardian","floor":16.0,"turns":13.0},{"damage":2.0,"enemies":"Spheric Guardian","floor":18.0,"turns":8.0},{"damage":0.0,"enemies":"Shell Parasite","floor":19.0,"turns":8.0},{"damage":16.0,"enemies":"Snake Plant","floor":22.0,"turns":6.0},{"damage":11.0,"enemies":"Centurion and Healer","floor":27.0,"turns":7.0},{"damage":8.0,"enemies":"Snecko","floor":28.0,"turns":5.0},{"damage":0.0,"enemies":"Shelled Parasite and Fungi","floor":29.0,"turns":6.0},{"damage":8.0,"enemies":"Centurion and Healer","floor":31.0,"turns":6.0},{"damage":8.0,"enemies":"Champ","floor":33.0,"turns":8.0},{"damage":7.0,"enemies":"3 Shapes","floor":35.0,"turns":5.0},{"damage":0.0,"enemies":"Mind Bloom Boss Battle","floor":36.0,"turns":6.0},{"damage":0.0,"enemies":"Orb Walker","floor":39.0,"turns":3.0},{"damage":0,"enemies":"Writhing Mass","floor":42,"turns":6},{"damage":0,"enemies":"Maw","floor":45,"turns":5},{"damage":0,"enemies":"Sphere and 2 Shapes","floor":47,"turns":5},{"damage":23,"enemies":"Awakened One","floor":50,"turns":7}],"seed_played":"8972601392567729749","potions_obtained":[{"floor":7.0,"key":"Swift Potion"},{"floor":8.0,"key":"Dexterity Potion"},{"floor":14.0,"key":"Fruit Juice"},{"floor":18.0,"key":"FearPotion"},{"floor":27.0,"key":"AttackPotion"},{"floor":33.0,"key":"DuplicationPotion"},{"floor":45,"key":"GamblersBrew"}],"is_trial":false,"path_per_floor":["M","$","?","?","?","R","M","E","T","M","M","M","?","M","R","B",null,"M","M","$","?","M","R","?","R","T","M","M","M","R","M","R","B",null,"M","?","$","?","M","R","$","M","T","R","M","$","M","T","R","B",null],"character_chosen":"BARD","items_purchased":["bard:ViciousMockery","bard:GreaterMagicWeapon","bard:DervishDance","Bag of Preparation","Master of Strategy","Prayer Wheel"],"campfire_rested":0,"item_purchase_floors":[2,20,20,41,41,41],"current_hp_per_floor":[76,76,57,62,62,62,62,38,38,38,33,32,32,32,32,11,82,80,80,80,80,69,69,69,69,69,58,50,50,50,42,42,34,87,80,80,80,80,80,80,80,80,80,80,80,80,80,80,80,57],"gold":53,"neow_bonus":"TEN_PERCENT_HP_BONUS","is_daily":false,"chose_seed":false,"campfire_upgraded":9,"win_rate":0.0,"timestamp":1614079966,"path_taken":["M","$","?","?","?","R","M","E","T","M","M","M","?","M","R","BOSS","M","M","$","?","M","R","?","R","T","M","M","M","R","M","R","BOSS","M","?","$","?","?","R","$","M","T","R","?","?","M","?","R","BOSS"],"items_purchased_type":["Card","Card","Card","Relic","Card","Relic"],"build_version":"2020-12-22","purchased_purges":5,"victory":true,"max_hp_per_floor":[77,77,77,82,82,82,82,82,82,82,82,82,82,82,82,82,82,82,82,82,82,87,87,87,87,87,87,87,87,87,87,87,87,87,87,87,87,87,87,87,87,87,87,87,87,87,87,87,87,87],"card_choices":[{"not_picked":["bard:Parry","bard:BucklerBash"],"picked":"bard:LocateObject","floor":1.0},{"not_picked":["bard:GlyphOfWarding","bard:TinyHut"],"picked":"bard:Focused","floor":7.0},{"not_picked":["bard:Blink","bard:GlyphOfWarding"],"picked":"bard:EchoEcho","floor":8.0},{"not_picked":["bard:InspiringSong","bard:Sift"],"picked":"bard:QuickSong","floor":10.0},{"not_picked":["bard:MantleOfInspiration","bard:FeastOnFear"],"picked":"bard:HideousLaughter","floor":11.0},{"not_picked":["bard:Focused","bard:Fermata"],"picked":"bard:CuttingWords","floor":12.0},{"not_picked":["bard:CuttingWords","bard:Thunderwave","bard:ThickOfTheFight"],"picked":"SKIP","floor":14.0},{"not_picked":["bard:BottledSong","bard:ReverseGravity"],"picked":"bard:MagnumOpus","floor":16.0},{"not_picked":["bard:PhantasmalForce","bard:QuickSong","bard:LocateObject"],"picked":"SKIP","floor":18.0},{"not_picked":["bard:Sift","bard:Accelerando"],"picked":"bard:QuickSong","floor":19.0},{"not_picked":["bard:Aphasia","bard:ViciousMockery"],"picked":"bard:EnGarde","floor":22.0},{"not_picked":["bard:ViciousMockery","bard:EchoEcho"],"picked":"bard:Doot","floor":27.0},{"not_picked":["bard:QuickSong","bard:PrismaticSpray","bard:LingeringPerformance"],"picked":"SKIP","floor":28.0},{"not_picked":["bard:PhantasmalForce","bard:Gamble","bard:Fermata"],"picked":"SKIP","floor":29.0},{"not_picked":["bard:LocateObject","bard:PhantasmalForce"],"picked":"bard:Heroism","floor":31.0},{"not_picked":["bard:Improv","bard:Haste"],"picked":"bard:MnemonicVestments","floor":33.0},{"not_picked":["bard:StudiedStrike+1","bard:Accelerando+1","bard:FalseLife+1"],"picked":"SKIP","floor":35.0},{"not_picked":["bard:GlyphOfWarding+1","bard:Thunderwave","bard:LingeringEcho+1"],"picked":"SKIP","floor":39.0},{"not_picked":["bard:Parry+1","bard:Aphasia+1"],"picked":"bard:QuickSong","floor":42},{"not_picked":["bard:FeastOnFear+1","bard:Sift","bard:Parry+1"],"picked":"SKIP","floor":42},{"not_picked":["bard:GuardPoint+1","bard:HideousLaughter"],"picked":"bard:Balestra","floor":45},{"not_picked":["bard:ViciousMockery","bard:EchoEcho+1","bard:Parry+1"],"picked":"SKIP","floor":45},{"not_picked":["bard:OffKey","bard:FeastOnFear+1","bard:QuickSong"],"picked":"SKIP","floor":47},{"not_picked":["bard:SixFourTime+1","bard:Haste","bard:CuttingWords+1"],"picked":"SKIP","floor":47}],"player_experience":528277,"relics_obtained":[{"floor":8.0,"key":"The Courier"},{"floor":9.0,"key":"Darkstone Periapt"},{"floor":26.0,"key":"HornCleat"},{"floor":36.0,"key":"Old Coin"},{"floor":43,"key":"Kunai"},{"floor":48,"key":"Nunchaku"}],"event_choices":[{"damage_healed":0.0,"max_hp_gain":0.0,"max_hp_loss":0.0,"gold_gain":0.0,"event_name":"Golden Idol","player_choice":"Take Damage","floor":3.0,"gold_loss":0.0,"damage_taken":19.0,"relics_obtained":["Golden Idol"]},{"damage_healed":0.0,"max_hp_gain":5.0,"max_hp_loss":0.0,"gold_gain":0.0,"event_name":"Big Fish","player_choice":"Donut","floor":4.0,"gold_loss":0.0,"damage_taken":0.0},{"damage_healed":0.0,"max_hp_gain":0.0,"max_hp_loss":0.0,"gold_gain":0.0,"event_name":"Shining Light","player_choice":"Ignored","floor":5.0,"gold_loss":0.0,"damage_taken":0.0},{"damage_healed":0.0,"max_hp_gain":0.0,"max_hp_loss":0.0,"gold_gain":0.0,"event_name":"Living Wall","player_choice":"Grow","floor":13.0,"gold_loss":0.0,"damage_taken":0.0,"cards_upgraded":["bard:Focused"]},{"damage_healed":0.0,"max_hp_gain":0.0,"max_hp_loss":0.0,"gold_gain":0.0,"event_name":"Match and Keep!","player_choice":"2 cards matched","floor":24.0,"gold_loss":0.0,"damage_taken":0.0,"cards_obtained":["bard:Inspire","bard:SplendidForm"]},{"damage_healed":0.0,"max_hp_gain":0.0,"max_hp_loss":0.0,"gold_gain":0.0,"event_name":"MindBloom","player_choice":"Fight","floor":36.0,"gold_loss":0.0,"damage_taken":0.0},{"damage_healed":0.0,"max_hp_gain":0.0,"max_hp_loss":0.0,"gold_gain":100.0,"event_name":"Golden Shrine","player_choice":"Pray","floor":38.0,"gold_loss":0.0,"damage_taken":0.0}],"is_beta":false,"boss_relics":[{"not_picked":["energizedSpire:MagnifyingGlass","energizedSpire:RedRose"],"picked":"Runic Pyramid"},{"not_picked":["Tiny House","bard:SelfPlayingFlute"],"picked":"SlaversCollar"}],"items_purged_floors":[2,20,37,41,46],"is_endless":false,"potions_floor_spawned":[7,8,14,18,27,28,33,39,42,45,47],"ascension_level":0}}