{"host":"jt67skv49snb75sm","time":1614119079,"event":{"mods":["BaseMod","Bestiary","Minty Spire (QoL Compilation)","Relic Stats"],"gold_per_floor":[112,112,13,27,44,44,78,96,96,113,140,140,175,185,185,264,264,275,285,20,20,20,46,46,76,76,110,121,121,136,156,156,232,232,245,64,64,119,136,165,165,194,267,267,282,282,308,308,308,308,308,308],"floor_reached":51,"language":"ENG","playtime":3793,"items_purged":["Strike_G"],"score":1755,"play_id":"1cc3fba1-e65d-4637-b01f-8c718a5967ce","local_time":"20210223232439","is_ascension_mode":true,"campfire_choices":[{"data":"Dash","floor":6.0,"key":"SMITH"},{"data":"Bouncing Flask","floor":12.0,"key":"SMITH"},{"floor":15.0,"key":"REST"},{"floor":24.0,"key":"REST"},{"data":"Bullet Time","floor":32.0,"key":"SMITH"},{"floor":41.0,"key":"REST"},{"data":"Well Laid Plans","floor":44.0,"key":"SMITH"},{"floor":46.0,"key":"REST"},{"floor":49.0,"key":"RECALL"}],"circlet_count":0,"master_deck":["AscendersBane","Strike_G","Defend_G+1","Defend_G+1","Defend_G","Defend_G","Survivor","Neutralize","All Out Attack","Dash+1","Flying Knee","Bouncing Flask+1","Cloak And Dagger","Venomology","Outmaneuver","Noxious Fumes","Bullet Time+1","Well Laid Plans+1","Footwork","Escape Plan+1","Backflip","Deflect","After Image","Bouncing Flask","Catalyst","Footwork","Backflip","Decay","Crippling Poison","Cloak And Dagger+1","Malaise","Backstab","Backflip","Venomology","Unload+1","Accuracy+1","Caltrops+1","Acrobatics","Blade Dance","Bouncing Flask+1","Outmaneuver+1","PiercingWail+1","Backflip+1","Finesse"],"relics":["Ring of the Snake","PreservedInsect","Letter Opener","Potion Belt","Ninja Scroll","The Courier","Black Star","Orrery","Smiling Mask","Bronze Scales","Meat on the Bone","Juzu Bracelet","Regal Pillow","Snake Skull","Kunai","Astrolabe","Membership Card","CaptainsWheel","InkBottle","Bag of Preparation","Dream Catcher","Darkstone Periapt","Pear","Strawberry","Thread and Needle"],"acts_visited":["Exordium","TheCity","TheBeyond"],"potions_floor_usage":[51,51,51,51],"damage_taken":[{"damage":3.0,"enemies":"Small Slimes","floor":1.0,"turns":4.0},{"damage":0.0,"enemies":"2 Louse","floor":4.0,"turns":4.0},{"damage":0.0,"enemies":"Cultist","floor":5.0,"turns":4.0},{"damage":10.0,"enemies":"3 Sentries","floor":7.0,"turns":7.0},{"damage":0.0,"enemies":"Lots of Slimes","floor":8.0,"turns":3.0},{"damage":0.0,"enemies":"Large Slime","floor":10.0,"turns":7.0},{"damage":0.0,"enemies":"Gremlin Nob","floor":11.0,"turns":2.0},{"damage":10.0,"enemies":"Lagavulin","floor":13.0,"turns":3.0},{"damage":2.0,"enemies":"Exordium Wildlife","floor":14.0,"turns":4.0},{"damage":23.0,"enemies":"Slime Boss","floor":16.0,"turns":9.0},{"damage":8.0,"enemies":"2 Thieves","floor":18.0,"turns":4.0},{"damage":19.0,"enemies":"Shell Parasite","floor":19.0,"turns":8.0},{"damage":2.0,"enemies":"Gremlin Leader","floor":23.0,"turns":6.0},{"damage":16.0,"enemies":"Book of Stabbing","floor":25.0,"turns":4.0},{"damage":14.0,"enemies":"Gremlin Leader","floor":27.0,"turns":4.0},{"damage":0.0,"enemies":"Sentry and Sphere","floor":28.0,"turns":5.0},{"damage":0.0,"enemies":"Centurion and Healer","floor":29.0,"turns":1.0},{"damage":1.0,"enemies":"Snecko","floor":30.0,"turns":5.0},{"damage":19.0,"enemies":"Cultist and Chosen","floor":31.0,"turns":7.0},{"damage":26.0,"enemies":"Champ","floor":33.0,"turns":12.0},{"damage":0.0,"enemies":"3 Shapes","floor":35.0,"turns":3.0},{"damage":6.0,"enemies":"2 Orb Walkers","floor":38.0,"turns":4.0},{"damage":24.0,"enemies":"3 Darklings","floor":39.0,"turns":9.0},{"damage":5.0,"enemies":"Nemesis","floor":40.0,"turns":7.0},{"damage":21.0,"enemies":"Giant Head","floor":42.0,"turns":7.0},{"damage":10.0,"enemies":"Spire Growth","floor":45.0,"turns":6.0},{"damage":31.0,"enemies":"Nemesis","floor":47.0,"turns":7.0},{"damage":42.0,"enemies":"Awakened One","floor":50.0,"turns":15.0},{"damage":44,"enemies":"Donu and Deca","floor":51,"turns":8}],"seed_played":"-6118337503314317025","potions_obtained":[{"floor":1.0,"key":"FearPotion"},{"floor":8.0,"key":"FearPotion"},{"floor":10.0,"key":"CunningPotion"},{"floor":16.0,"key":"SpeedPotion"},{"floor":19.0,"key":"SkillPotion"},{"floor":23.0,"key":"ColorlessPotion"},{"floor":28.0,"key":"GamblersBrew"},{"floor":30.0,"key":"GhostInAJar"},{"floor":39.0,"key":"LiquidBronze"},{"floor":42.0,"key":"SpeedPotion"},{"floor":47.0,"key":"Poison Potion"}],"is_trial":false,"path_per_floor":["M","?","?","M","M","R","E","M","T","M","E","R","E","M","R","B",null,"M","M","$","T","?","E","R","E","T","E","M","M","M","M","R","B",null,"M","$","?","?","M","E","R","E","T","R","M","R","E","?","R","B","B"],"character_chosen":"THE_SILENT","items_purchased":["Orrery","Catalyst","Footwork","Backflip","Membership Card"],"campfire_rested":4,"item_purchase_floors":[20,20,20,20,36],"current_hp_per_floor":[62,40,40,40,40,40,30,30,30,30,30,30,20,18,39,16,58,50,31,31,31,31,29,50,34,34,32,44,44,43,36,36,22,60,60,60,60,54,42,37,72,51,61,61,51,82,58,58,58,28,0,0],"gold":308,"neow_bonus":"TEN_PERCENT_HP_BONUS","is_daily":false,"chose_seed":false,"campfire_upgraded":4,"win_rate":0.0,"timestamp":1614119079,"path_taken":["M","?","?","M","?","R","E","M","T","M","E","R","E","M","R","BOSS","M","M","$","?","?","E","R","E","T","E","M","M","M","M","R","BOSS","M","$","?","?","M","E","R","E","T","R","M","R","E","?","R","BOSS","BOSS"],"items_purchased_type":["Relic","Card","Card","Card","Relic"],"build_version":"2020-12-22","purchased_purges":1,"victory":false,"max_hp_per_floor":[72,72,72,72,72,72,72,72,72,72,72,72,72,72,72,72,72,72,72,72,72,72,72,72,72,72,72,72,72,72,72,72,72,72,72,72,72,72,72,72,72,72,82,82,82,82,89,89,89,89,89,89],"relic_stats":{"Darkstone Periapt":0,"Regal Pillow":21,"counters":[29,169],"Astrolabe":["Unload","Accuracy","Caltrops"],"PreservedInsect":447,"Snake Skull":[209],"Juzu Bracelet":0,"Bag of Preparation":[0],"Letter Opener":[348],"Smiling Mask":-20,"Dream Catcher":1,"Bronze Scales":[304],"Black Star":6,"Kunai":[32],"obtain_stats":[{"Darkstone Periapt":42,"Regal Pillow":26,"Snake Skull":27,"Juzu Bracelet":25,"Bag of Preparation":40,"Smiling Mask":23,"Dream Catcher":42,"Ninja Scroll":11,"Strawberry":47,"Kunai":27,"InkBottle":40,"Ring of the Snake":0,"Potion Belt":9,"Pear":43,"Astrolabe":34,"Thread and Needle":47,"PreservedInsect":3,"The Courier":13,"Letter Opener":7,"CaptainsWheel":38,"Bronze Scales":23,"Orrery":20,"Black Star":17,"Membership Card":36,"Meat on the Bone":25},{"Darkstone Periapt":25,"Regal Pillow":14,"Snake Skull":15,"Juzu Bracelet":14,"Bag of Preparation":24,"Smiling Mask":13,"Dream Catcher":25,"Ninja Scroll":7,"Strawberry":27,"Kunai":15,"InkBottle":24,"Ring of the Snake":0,"Potion Belt":5,"Pear":25,"Astrolabe":20,"Thread and Needle":27,"PreservedInsect":1,"The Courier":8,"Letter Opener":4,"CaptainsWheel":22,"Bronze Scales":13,"Orrery":12,"Black Star":10,"Membership Card":21,"Meat on the Bone":14},{"Darkstone Periapt":133,"Regal Pillow":69,"Snake Skull":73,"Juzu Bracelet":69,"Bag of Preparation":126,"Smiling Mask":65,"Dream Catcher":133,"Ninja Scroll":31,"Strawberry":146,"Kunai":73,"InkBottle":126,"Ring of the Snake":0,"Potion Belt":22,"Pear":133,"Astrolabe":103,"Thread and Needle":146,"PreservedInsect":4,"The Courier":34,"Letter Opener":19,"CaptainsWheel":110,"Bronze Scales":65,"Orrery":59,"Black Star":47,"Membership Card":106,"Meat on the Bone":69}],"InkBottle":[20],"Ring of the Snake":[58],"Meat on the Bone":72},"card_choices":[{"not_picked":["Acrobatics","Skewer"],"picked":"All Out Attack","floor":1.0},{"not_picked":["Dagger Spray","Poisoned Stab"],"picked":"Dash","floor":4.0},{"not_picked":["Deadly Poison","Underhanded Strike"],"picked":"Flying Knee","floor":5.0},{"not_picked":["Riddle With Holes","Deflect"],"picked":"Bouncing Flask","floor":7.0},{"not_picked":["Bane","Blade Dance"],"picked":"Cloak And Dagger","floor":8.0},{"not_picked":["PiercingWail","Flying Knee"],"picked":"Venomology","floor":10.0},{"not_picked":["Acrobatics","Skewer"],"picked":"Outmaneuver","floor":11.0},{"not_picked":["Infinite Blades","Flechettes","Endless Agony"],"picked":"SKIP","floor":13.0},{"not_picked":["Outmaneuver","Underhanded Strike"],"picked":"Noxious Fumes","floor":14.0},{"not_picked":["Storm of Steel","Unload"],"picked":"Bullet Time","floor":16.0},{"not_picked":["Deadly Poison+1","Dagger Throw"],"picked":"Well Laid Plans","floor":18.0},{"not_picked":["Prepared","Poisoned Stab"],"picked":"Footwork","floor":19.0},{"not_picked":["Poisoned Stab","Sucker Punch+1"],"picked":"Escape Plan+1","floor":20.0},{"not_picked":["Quick Slash","Prepared"],"picked":"Backflip","floor":20.0},{"not_picked":["Cloak And Dagger","Underhanded Strike"],"picked":"Deflect","floor":20.0},{"not_picked":["PiercingWail","Dodge and Roll"],"picked":"After Image","floor":20.0},{"not_picked":["Dagger Spray","Dash"],"picked":"Bouncing Flask","floor":20.0},{"not_picked":["Outmaneuver","Tools of the Trade"],"picked":"Crippling Poison","floor":23.0},{"not_picked":["All Out Attack","Bane+1","Slice"],"picked":"SKIP","floor":25.0},{"not_picked":["Quick Slash","Calculated Gamble"],"picked":"Cloak And Dagger+1","floor":27.0},{"not_picked":["Tactician","Poisoned Stab"],"picked":"Malaise","floor":28.0},{"not_picked":["Deadly Poison","Dagger Spray"],"picked":"Backstab","floor":30.0},{"not_picked":["Backstab","Dodge and Roll"],"picked":"Backflip","floor":31.0},{"not_picked":["Glass Knife","Unload"],"picked":"Venomology","floor":33.0},{"not_picked":["Underhanded Strike","Prepared"],"picked":"Acrobatics","floor":35.0},{"not_picked":["Flying Knee","Eviscerate"],"picked":"Blade Dance","floor":38.0},{"not_picked":["Blade Dance","Cloak And Dagger"],"picked":"Bouncing Flask+1","floor":39.0},{"not_picked":["Poisoned Stab+1","Accuracy"],"picked":"Outmaneuver+1","floor":40.0},{"not_picked":["Blur","A Thousand Cuts"],"picked":"PiercingWail+1","floor":42.0},{"not_picked":["Accuracy+1","Outmaneuver+1","Dagger Throw"],"picked":"SKIP","floor":45.0},{"not_picked":["Flying Knee+1","Flechettes"],"picked":"Backflip+1","floor":47.0},{"not_picked":["Panacea","Good Instincts"],"picked":"Finesse","floor":48.0}],"player_experience":884664,"relics_obtained":[{"floor":7.0,"key":"Letter Opener"},{"floor":9.0,"key":"Potion Belt"},{"floor":11.0,"key":"Ninja Scroll"},{"floor":13.0,"key":"The Courier"},{"floor":23.0,"key":"Smiling Mask"},{"floor":23.0,"key":"Bronze Scales"},{"floor":25.0,"key":"Meat on the Bone"},{"floor":25.0,"key":"Juzu Bracelet"},{"floor":26.0,"key":"Regal Pillow"},{"floor":27.0,"key":"Snake Skull"},{"floor":27.0,"key":"Kunai"},{"floor":38.0,"key":"CaptainsWheel"},{"floor":40.0,"key":"InkBottle"},{"floor":40.0,"key":"Bag of Preparation"},{"floor":42.0,"key":"Dream Catcher"},{"floor":42.0,"key":"Darkstone Periapt"},{"floor":43.0,"key":"Pear"},{"floor":47.0,"key":"Strawberry"},{"floor":47.0,"key":"Thread and Needle"}],"event_choices":[{"damage_healed":0.0,"max_hp_gain":0.0,"max_hp_loss":0.0,"gold_gain":0.0,"event_name":"Shining Light","player_choice":"Entered Light","floor":2.0,"gold_loss":0.0,"damage_taken":22.0,"cards_upgraded":["Defend_G","Defend_G"]},{"damage_healed":0.0,"max_hp_gain":0.0,"max_hp_loss":0.0,"gold_gain":0.0,"event_name":"WeMeetAgain","player_choice":"Paid Gold","floor":3.0,"gold_loss":99.0,"damage_taken":0.0,"relics_obtained":["PreservedInsect"]},{"damage_healed":0.0,"max_hp_gain":0.0,"max_hp_loss":0.0,"gold_gain":0.0,"event_name":"Forgotten Altar","player_choice":"Smashed Altar","floor":22.0,"gold_loss":0.0,"damage_taken":0.0,"cards_obtained":["Decay"]},{"cards_removed":["Defend_G"],"damage_healed":0.0,"max_hp_gain":0.0,"max_hp_loss":0.0,"gold_gain":0.0,"event_name":"Falling","player_choice":"Removed Skill","floor":37.0,"gold_loss":0.0,"damage_taken":0.0},{"damage_healed":0.0,"max_hp_gain":0.0,"max_hp_loss":0.0,"gold_gain":0.0,"event_name":"Mysterious Sphere","player_choice":"Fight","floor":38.0,"gold_loss":0.0,"damage_taken":0.0},{"damage_healed":0.0,"max_hp_gain":0.0,"max_hp_loss":0.0,"gold_gain":0.0,"event_name":"SensoryStone","player_choice":"Memory 1","floor":48.0,"gold_loss":0.0,"damage_taken":0.0}],"is_beta":false,"boss_relics":[{"not_picked":["Tiny House","Velvet Choker"],"picked":"Black Star"},{"not_picked":["Sozu","Calling Bell"],"picked":"Astrolabe"}],"items_purged_floors":[36],"is_endless":false,"potions_floor_spawned":[1,8,10,16,19,23,28,30,39,42,47],"killed_by":"Donu and Deca","ascension_level":20}}