{"host":"9brt9rggm379u2p7","time":1614109908,"event":{"mods":["AchievementEnabler","BaseMod","Highlight Path","Minty Spire (QoL Compilation)","Permanent Neow","Quick Restart","SuperFastMode"],"gold_per_floor":[114,114,134,155,168,207,207,207,207],"floor_reached":8,"language":"ENG","playtime":385,"items_purged":[],"score":116,"play_id":"91f3357b-58f6-457a-95c1-3a24b3beb55f","local_time":"20210224045148","is_ascension_mode":true,"campfire_choices":[{"data":"Power Through","floor":7,"key":"SMITH"}],"circlet_count":0,"master_deck":["AscendersBane","Strike_R","Strike_R","Strike_R","Strike_R","Strike_R","Defend_R","Defend_R","Defend_R","Defend_R","Bash","Berserk","Power Through+1","Feel No Pain","True Grit","Wild Strike","Wild Strike"],"relics":["Burning Blood","Golden Idol","The Courier"],"acts_visited":["Exordium"],"potions_floor_usage":[8],"damage_taken":[{"damage":9,"enemies":"Jaw Worm","floor":1,"turns":5},{"damage":1,"enemies":"Cultist","floor":3,"turns":4},{"damage":1,"enemies":"Small Slimes","floor":4,"turns":5},{"damage":25,"enemies":"Red Slaver","floor":5,"turns":9},{"damage":36,"enemies":"Lagavulin","floor":6,"turns":10},{"damage":5,"enemies":"3 Sentries","floor":8,"turns":4}],"seed_played":"4784909752241731885","potions_obtained":[{"floor":4,"key":"SpeedPotion"},{"floor":6,"key":"Ancient Potion"}],"is_trial":false,"path_per_floor":["M","?","M","M","M","E","R","E"],"character_chosen":"IRONCLAD","items_purchased":[],"campfire_rested":0,"item_purchase_floors":[],"current_hp_per_floor":[47,47,52,57,38,8,8,3,3],"gold":207,"neow_bonus":"THREE_RARE_CARDS","is_daily":false,"chose_seed":false,"campfire_upgraded":1,"win_rate":0.0,"timestamp":1614109908,"path_taken":["M","?","M","M","M","E","R","E"],"items_purchased_type":[],"build_version":"2020-12-22","purchased_purges":0,"victory":false,"max_hp_per_floor":[75,68,68,68,68,68,68,68,68],"card_choices":[{"not_picked":["Feed","Immolate"],"picked":"Berserk","floor":0},{"not_picked":["Heavy Blade","Armaments"],"picked":"Power Through","floor":1},{"not_picked":["Twin Strike","Dark Embrace"],"picked":"Feel No Pain","floor":3},{"not_picked":["Sword Boomerang","Bloodletting"],"picked":"True Grit","floor":4},{"not_picked":["Flame Barrier","Havoc"],"picked":"Wild Strike","floor":5},{"not_picked":["Body Slam","Sentinel"],"picked":"Wild Strike","floor":6}],"player_experience":442949,"relics_obtained":[{"floor":6,"key":"The Courier"}],"event_choices":[{"damage_healed":0,"gold_gain":0,"player_choice":"Lose Max HP","damage_taken":0,"relics_obtained":["Golden Idol"],"max_hp_gain":0,"max_hp_loss":7,"event_name":"Golden Idol","floor":2,"gold_loss":0}],"is_beta":false,"boss_relics":[],"items_purged_floors":[],"is_endless":false,"potions_floor_spawned":[4,6],"killed_by":"3 Sentries","ascension_level":20}}