{"host":"kw3n9x3mpxk65n60","time":1614039029,"event":{"mods":["BaseMod","Colored Map","Colored Powertips","DeckTracker","Defuse TimeMaze Blight","Downfall","GifTheSpireLib","Hubris","Infinite Spire","Jorbs\u0027s Wanderer Trilogy","Minty Spire (QoL Compilation)","Replay The Spire","Slay the Streamer","StSLib","The Jungle"],"gold_per_floor":[99,113,127,142,7,30,30,480,480,500,400,422,322,352,371,471,471,471,499,599,599,599,599],"floor_reached":21,"language":"ENG","playtime":2767,"items_purged":[],"score":206,"play_id":"68c261ce-186b-47b9-b140-257930e48bf9","local_time":"20210222161029","is_ascension_mode":false,"campfire_choices":[{"floor":1.0,"key":"DIG"},{"floor":11.0,"key":"RECALL"},{"floor":13.0,"key":"REST"},{"data":"hexamod:Float","floor":18,"key":"SMITH"}],"circlet_count":0,"master_deck":["hexamod:Strike","hexamod:Strike","hexamod:Strike","hexamod:Strike","hexamod:Defend","hexamod:Defend+1","hexamod:Defend","hexamod:Defend+1","hexamod:Sear","hexamod:Float+1","hexamod:StepThrough","hexamod:GhostOfSpireFuture","hexamod:HauntingEcho","hexamod:UnlimitedPower","hexamod:SecondSeal","hexamod:GhostflameBarrier","downfall:Icky","downfall:Icky","downfall:Icky","hexamod:ThirdSeal","hexamod:FourthSeal","hexamod:FirstSeal","hexamod:SpectersWail","hexamod:Rewind","hexamod:InspiringFlames","hexamod:GhostOfSpirePast","hexamod:HeatMetal","hexamod:SixthSeal","hexamod:FifthSeal","hexamod:BurningTouch","hexamod:Hexaguard"],"relics":["hexamod:SpiritBrand","hubris:SphereOfDissonance","downfall:HeartBlessingBlue","downfall:HeartBlessingRed","Bottled Flame","Black Star","White Beast Statue"],"acts_visited":["Exordium","TheCity"],"potions_floor_usage":[20,20,21],"damage_taken":[{"damage":7.0,"enemies":"2 Louse","floor":2.0,"turns":2.0},{"damage":1.0,"enemies":"Jaw Worm","floor":3.0,"turns":3.0},{"damage":0.0,"enemies":"Small Slimes","floor":4.0,"turns":4.0},{"damage":0.0,"enemies":"downfall:FleeingMerchant","floor":5.0,"turns":4.0},{"damage":22.0,"enemies":"Gremlin Gang","floor":6.0,"turns":5.0},{"damage":27.0,"enemies":"Exordium Thugs","floor":10.0,"turns":8.0},{"damage":10.0,"enemies":"2 Fungi Beasts","floor":12.0,"turns":3.0},{"damage":9.0,"enemies":"Lagavulin","floor":14.0,"turns":6.0},{"damage":6.0,"enemies":"Lots of Slimes","floor":15.0,"turns":3.0},{"damage":15.0,"enemies":"SI_SHIV_ARCHETYPE","floor":16.0,"turns":13.0},{"damage":24,"enemies":"Shell Parasite","floor":19,"turns":10},{"damage":44,"enemies":"downfall:LadyInBlue","floor":20,"turns":14},{"damage":33,"enemies":"Chosen","floor":21,"turns":6}],"seed_played":"60235621161380785","potions_obtained":[{"floor":3.0,"key":"Guardian:BlockOnCardUsePotion"},{"floor":6.0,"key":"Adrenaline Potion"},{"floor":10.0,"key":"GamblersBrew"},{"floor":10.0,"key":"BlessingOfTheForge"},{"floor":12.0,"key":"sneckomod:MuddlingPotion"},{"floor":12.0,"key":"Adrenaline Potion"},{"floor":16.0,"key":"Elixir"},{"floor":19,"key":"Block Potion"},{"floor":20,"key":"Swift Potion"},{"floor":20,"key":"Block Potion"},{"floor":20,"key":"Doom Potion"}],"is_trial":false,"path_per_floor":["R_BF","M","M","M","$","M","T","?","?","M","R","M","R","E","M","B",null,"R","M","?","M"],"character_chosen":"THE_SPIRIT","items_purchased":["hexamod:BacktrackSmack","hexamod:SecondSeal"],"campfire_rested":1,"item_purchase_floors":[5,5],"current_hp_per_floor":[77,70,69,69,69,47,47,47,40,20,30,20,46,37,31,16,87,87,70,26,0,0,0],"gold":599,"neow_bonus":"TEN_PERCENT_HP_BONUS","is_daily":false,"chose_seed":false,"campfire_upgraded":1,"win_rate":0.0,"timestamp":1614039029,"path_taken":["R_BF","M","M","M","$","M","T","?","?","M","R","M","R","E","M","BOSS","R","M","?","M"],"items_purchased_type":["Card","Card"],"build_version":"2020-12-22","purchased_purges":0,"victory":false,"max_hp_per_floor":[77,77,77,77,77,77,77,77,77,77,87,87,87,87,87,87,87,87,87,87,87,87,87],"card_choices":[{"not_picked":["hexamod:Hexaguard","hexamod:SpectralAdrenaline"],"picked":"hexamod:StepThrough","floor":2.0},{"not_picked":["hexamod:ShieldOfDarkness","hexamod:PhantomCloak"],"picked":"hexamod:GhostOfSpireFuture","floor":3.0},{"not_picked":["hexamod:HeatMetal","hexamod:GhostflameBarrier"],"picked":"hexamod:HauntingEcho","floor":4.0},{"not_picked":["hexamod:NightmareGuise","hexamod:NecessarySacrifice"],"picked":"hexamod:UnlimitedPower","floor":5.0},{"not_picked":["hexamod:ThermalTransfer","hexamod:NightmareStrike"],"picked":"hexamod:GhostflameBarrier","floor":6.0},{"not_picked":["hexamod:ThermalTransfer","hexamod:GhostflameInferno"],"picked":"hexamod:SpectersWail","floor":10.0},{"not_picked":["hexamod:FourthSeal","hexamod:Firestarter"],"picked":"hexamod:Rewind","floor":10.0},{"not_picked":["hexamod:EmpoweredFlame","hexamod:SpectersWail"],"picked":"hexamod:InspiringFlames","floor":12.0},{"not_picked":["hexamod:HauntingEcho","hexamod:GhostLash"],"picked":"hexamod:GhostOfSpirePast","floor":14.0},{"not_picked":["hexamod:SecondSeal","hexamod:SkipABeat"],"picked":"hexamod:HeatMetal","floor":15.0},{"not_picked":["hexamod:TimeWarp","hexamod:HexaLevel"],"picked":"hexamod:SixthSeal","floor":16.0},{"not_picked":["hexamod:ParanormalForm","hexamod:UnlimitedPower"],"picked":"hexamod:FifthSeal","floor":16.0},{"not_picked":["hexamod:AdvancingGuard","hexamod:RetreatToShadows"],"picked":"hexamod:BurningTouch","floor":19},{"not_picked":["hexamod:Rewind","hexamod:GhostOfSpirePast+1"],"picked":"hexamod:Hexaguard","floor":20}],"player_experience":336349,"relics_obtained":[{"floor":1.0,"key":"hubris:SphereOfDissonance"},{"floor":14.0,"key":"Bottled Flame"},{"floor":20,"key":"White Beast Statue"}],"event_choices":[],"is_beta":false,"boss_relics":[{"not_picked":["ChewingGum","hubris:RunicObelisk"],"picked":"Black Star"}],"items_purged_floors":[],"is_endless":false,"potions_floor_spawned":[3,6,10,12,16],"killed_by":"Chosen","ascension_level":0}}