{"host":"iv5y6bhuaupt1dsk","time":1614043255,"event":{"mods":["BaseMod","Colored Powertips","Koishi","Minty Spire (QoL Compilation)","StSLib","The Cursed","The Druid","The Exalted","The Forsaken","The Hierophant","The Judge","The Servant 0.9.4"],"gold_per_floor":[116,46,61,80,99,134,134,163,163,163,163,175,186,197,197,302,302,271,232,247,260,274,274,274,274],"floor_reached":24,"language":"ENG","playtime":1938,"items_purged":[],"score":286,"play_id":"9b260e51-c24f-4194-a53d-67c4eaee5932","local_time":"20210222172055","is_ascension_mode":true,"campfire_choices":[{"data":"theForsaken:WrathOfGod","floor":10,"key":"SMITH"},{"floor":15,"key":"REST"},{"floor":23,"key":"REST"}],"circlet_count":0,"master_deck":["theForsaken:TheForsaken_Strike","theForsaken:TheForsaken_Strike","theForsaken:TheForsaken_Strike","theForsaken:TheForsaken_Strike","theForsaken:TheForsaken_Defend","theForsaken:TheForsaken_Defend","theForsaken:TheForsaken_Defend+1","theForsaken:Smite","theForsaken:Penitence","theForsaken:WrathOfGod+1","theForsaken:ChargeAttack","theForsaken:DefensiveStance","theForsaken:QuickAttack","theForsaken:ShieldCharge+1","theForsaken:Bolster","theForsaken:CleansingLight","theForsaken:DarkBarrier","theForsaken:MagicWeapon","theForsaken:StoreUp","theForsaken:DivineGuidance","theForsaken:Eulogy","theForsaken:HealingLight","theForsaken:WrathOfGod+1","theForsaken:Eulogy+1","theForsaken:HymnOfPatience+1"],"relics":["theForsaken:JudgementScales","Bromod:ArcaneAegis","theForsaken:PlagueMask","Dream Catcher","Empty Cage"],"acts_visited":["Exordium","TheCity"],"potions_floor_usage":[8,8,8,8,12,14,16,18,20,21,22],"damage_taken":[{"damage":2,"enemies":"Cultist","floor":1,"turns":5},{"damage":0,"enemies":"Small Slimes","floor":3,"turns":5},{"damage":0,"enemies":"Jaw Worm","floor":4,"turns":4},{"damage":0,"enemies":"Large Slime","floor":5,"turns":5},{"damage":15,"enemies":"Lagavulin","floor":6,"turns":10},{"damage":10,"enemies":"3 Sentries","floor":8,"turns":5},{"damage":4,"enemies":"3 Louse","floor":12,"turns":4},{"damage":0,"enemies":"2 Fungi Beasts","floor":13,"turns":5},{"damage":0,"enemies":"Lots of Slimes","floor":14,"turns":1},{"damage":14,"enemies":"Slime Boss","floor":16,"turns":15},{"damage":12,"enemies":"2 Thieves","floor":18,"turns":5},{"damage":25,"enemies":"3 Byrds","floor":20,"turns":8},{"damage":14,"enemies":"Centurion and Healer","floor":21,"turns":11},{"damage":21,"enemies":"Snake Plant","floor":22,"turns":11},{"damage":46,"enemies":"Gremlin Leader","floor":24,"turns":4}],"seed_played":"7122330660876020409","potions_obtained":[{"floor":1,"key":"Strength Potion"},{"floor":5,"key":"EntropicBrew"},{"floor":6,"key":"Strength Potion"},{"floor":13,"key":"AttackPotion"},{"floor":14,"key":"Dexterity Potion"},{"floor":16,"key":"DistilledChaos"},{"floor":18,"key":"DistilledChaos"},{"floor":20,"key":"Swift Potion"}],"is_trial":false,"path_per_floor":["M","$","M","M","M","E","?","E","T","R","?","M","M","M","R","B",null,"M","$","M","M","M","R","E"],"character_chosen":"THE_FORSAKEN","items_purchased":["theForsaken:DefensiveStance","theForsaken:HealingLight"],"campfire_rested":2,"item_purchase_floors":[2,19],"current_hp_per_floor":[60,60,60,60,65,50,50,43,43,43,30,26,26,26,45,34,57,48,48,31,25,14,34,0,0],"gold":274,"neow_bonus":"THREE_CARDS","is_daily":false,"chose_seed":false,"campfire_upgraded":1,"win_rate":0.0,"timestamp":1614043255,"path_taken":["M","$","?","M","M","E","?","E","T","R","?","M","M","M","R","BOSS","M","$","M","M","M","R","E"],"items_purchased_type":["Card","Card"],"build_version":"2020-12-22","purchased_purges":0,"victory":false,"max_hp_per_floor":[65,65,65,65,65,65,65,65,65,65,65,65,65,65,65,65,65,65,65,67,69,69,69,69,69],"card_choices":[{"not_picked":["theForsaken:SiphonStrike","theForsaken:Riposte"],"picked":"theForsaken:WrathOfGod","floor":0},{"not_picked":["theForsaken:WordsOfPestilence","theForsaken:Backlash"],"picked":"theForsaken:ChargeAttack","floor":1},{"not_picked":["theForsaken:Bolster","theForsaken:MagicWeapon"],"picked":"theForsaken:QuickAttack","floor":3},{"not_picked":["theForsaken:Thunderbolt","theForsaken:PanicDive","theForsaken:Backlash"],"picked":"SKIP","floor":4},{"not_picked":["theForsaken:PowerUp","theForsaken:PanicDive"],"picked":"theForsaken:ShieldCharge","floor":5},{"not_picked":["theForsaken:Purification","theForsaken:AncientWords"],"picked":"theForsaken:Bolster","floor":6},{"not_picked":["theForsaken:PowerUp","theForsaken:FuryStrikes"],"picked":"theForsaken:CleansingLight","floor":8},{"not_picked":["theForsaken:WordOfPower","theForsaken:ChargeAttack"],"picked":"theForsaken:DarkBarrier","floor":12},{"not_picked":["theForsaken:CreepingInfection","theForsaken:HymnOfPatience"],"picked":"theForsaken:MagicWeapon","floor":13},{"not_picked":["theForsaken:WardingHymn","theForsaken:SacredOath"],"picked":"theForsaken:StoreUp","floor":14},{"not_picked":["theForsaken:Purification","theForsaken:Prudence"],"picked":"theForsaken:DivineGuidance","floor":16},{"not_picked":["theForsaken:PanicDive","theForsaken:FuryStrikes"],"picked":"theForsaken:Eulogy","floor":18},{"not_picked":["theForsaken:Preservation","theForsaken:Thunderbolt"],"picked":"theForsaken:WrathOfGod+1","floor":20},{"not_picked":["theForsaken:ShieldBash","theForsaken:PreciseStrike","theForsaken:Thunderbolt+1"],"picked":"SKIP","floor":21},{"not_picked":["theForsaken:NobleSacrifice","theForsaken:CowardsBrand"],"picked":"theForsaken:Eulogy+1","floor":22},{"not_picked":["theForsaken:BountifulSunlight","theForsaken:ShieldBash"],"picked":"theForsaken:HymnOfPatience+1","floor":23}],"player_experience":1516568,"relics_obtained":[{"floor":6,"key":"Bromod:ArcaneAegis"},{"floor":8,"key":"Dream Catcher"}],"event_choices":[{"damage_healed":0,"gold_gain":0,"player_choice":"Obtain Plague Curse","damage_taken":0,"max_hp_gain":0,"max_hp_loss":0,"event_name":"Plague Doctor","floor":7,"gold_loss":0,"cards_obtained":["theForsaken:PlagueCurse"]},{"damage_healed":0,"gold_gain":0,"player_choice":"Entered Light","damage_taken":13,"max_hp_gain":0,"max_hp_loss":0,"event_name":"Shining Light","floor":11,"gold_loss":0,"cards_upgraded":["theForsaken:ShieldCharge","theForsaken:TheForsaken_Defend"]}],"is_beta":false,"boss_relics":[{"not_picked":["Snecko Eye","Astrolabe"],"picked":"Empty Cage"}],"items_purged_floors":[],"is_endless":false,"potions_floor_spawned":[1,5,6,13,14,16,18,20],"killed_by":"Gremlin Leader","ascension_level":7}}