{"host":"kaame4qwxxqnygv7","time":1614068108,"event":{"mods":["AchievementEnabler","BaseMod","Better Match","Better Skull","Better Third Choice","BetterRewards","Block Reminder","Bossed Relics","DeckTracker","Energized Spire","GungeonMod","Minty Spire (QoL Compilation)","Quick Restart","Red Circlet Mod","StSLib","SuperFastMode","The Blue Laboratory"],"gold_per_floor":[112,112,126,126,144,144,319,105,105,105,115,127,127,146,146,250,250,265,540,559,570,189,223,223,223,223,223,223,223],"floor_reached":28,"language":"KOR","playtime":883,"items_purged":["Doubt","Regret"],"score":342,"play_id":"5e7312d6-314e-4a69-8e9f-bab1ef42a604","local_time":"20210223171508","is_ascension_mode":true,"campfire_choices":[{"floor":6,"key":"REST"},{"data":"Blade Dance","floor":13,"key":"SMITH"},{"floor":15,"key":"REST"},{"floor":24,"key":"REST"},{"floor":27,"key":"REST"}],"circlet_count":0,"master_deck":["AscendersBane","Strike_G","Strike_G","Strike_G","Strike_G","Defend_G","Defend_G","Defend_G","Defend_G","Defend_G","Survivor","Neutralize+1","Blade Dance+1","Die Die Die","Blade Dance"],"relics":["Ring of the Snake","Oddly Smooth Stone","DemoMod:RingOfEthereal","HandDrill","Kunai","DemoMod:SerJunkan","Runic Pyramid","Membership Card","Omamori","Snake Skull","DemoMod:GlassGuonStoneRelic","Singing Bowl"],"acts_visited":["Exordium","TheCity","DemoMod:Maze"],"potions_floor_usage":[16,16,23,23,23],"damage_taken":[{"damage":9,"enemies":"Small Slimes","floor":1,"turns":4},{"damage":0,"enemies":"Cultist","floor":3,"turns":4},{"damage":0,"enemies":"Jaw Worm","floor":5,"turns":4},{"damage":4,"enemies":"Red Slaver","floor":11,"turns":3},{"damage":0,"enemies":"Blue Slaver","floor":12,"turns":5},{"damage":0,"enemies":"Large Slime","floor":14,"turns":7},{"damage":40,"enemies":"Slime Boss","floor":16,"turns":24},{"damage":11,"enemies":"Spheric Guardian","floor":18,"turns":4},{"damage":18,"enemies":"Chosen","floor":20,"turns":6},{"damage":21,"enemies":"Sentry and Sphere","floor":21,"turns":8},{"damage":5,"enemies":"Book of Stabbing","floor":23,"turns":8},{"damage":0,"enemies":"DemoMod:4_Bullet_Kins","floor":28,"turns":1}],"seed_played":"-2619622280279146164","potions_obtained":[{"floor":3,"key":"blueLaboratory:SuffocatingSmog"},{"floor":5,"key":"blueLaboratory:EnvenomedCoating"},{"floor":16,"key":"SteroidPotion"},{"floor":18,"key":"Dexterity Potion"},{"floor":20,"key":"Weak Potion"}],"is_trial":false,"path_per_floor":["M","?","M","?","M","R","?","$","T","?","M","M","R","M","R","B",null,"M","?","M","M","$","E","R","?","T","R","M"],"character_chosen":"THE_SILENT","items_purchased":["Oddly Smooth Stone","HandDrill","Kunai","DemoMod:GnawedKey","Blade Dance","Membership Card","Omamori","Snake Skull","blueLaboratory:NinjaPotion"],"campfire_rested":4,"item_purchase_floors":[0,0,0,8,8,22,22,22,22],"current_hp_per_floor":[22,22,22,22,22,43,43,43,43,43,39,39,39,39,60,20,58,47,47,29,8,8,5,26,26,61,72,72,72],"gold":223,"neow_bonus":"","is_daily":false,"chose_seed":false,"campfire_upgraded":1,"win_rate":0.0,"timestamp":1614068108,"path_taken":["M","?","?","?","?","R","?","$","T","?","?","M","R","M","R","BOSS","M","?","M","?","$","E","R","?","T","R","M"],"items_purchased_type":["Relic","Relic","Relic","Relic","Card","Relic","Relic","Relic","Potion"],"build_version":"2020-12-22","purchased_purges":2,"victory":false,"max_hp_per_floor":[70,70,70,70,70,70,70,70,70,70,70,70,70,70,70,70,70,70,70,70,70,70,72,72,72,72,72,72,72],"card_choices":[{"not_picked":["Finisher","Dash"],"picked":"Dagger Throw","floor":1},{"not_picked":["Dagger Throw","Concentrate","Backflip"],"picked":"SKIP","floor":3},{"not_picked":["Deadly Poison","Catalyst","Choke"],"picked":"SKIP","floor":5},{"not_picked":["Choke","Deflect","Dash"],"picked":"SKIP","floor":11},{"not_picked":["Backflip","Bane","Tools of the Trade"],"picked":"SKIP","floor":12},{"not_picked":["Deadly Poison","Flechettes","Bouncing Flask"],"picked":"SKIP","floor":14},{"not_picked":["Envenom","Malaise"],"picked":"Die Die Die","floor":16},{"not_picked":["Quick Slash","PiercingWail"],"picked":"Blade Dance","floor":18},{"not_picked":["Expertise","Underhanded Strike","Crippling Poison"],"picked":"SKIP","floor":20},{"not_picked":["Underhanded Strike","Acrobatics","Quick Slash+1"],"picked":"SKIP","floor":21},{"not_picked":["Calculated Gamble+1","Bane","Acrobatics+1"],"picked":"Singing Bowl","floor":23}],"player_experience":324480,"relics_obtained":[{"floor":23,"key":"Singing Bowl"}],"event_choices":[{"damage_healed":0,"gold_gain":0,"player_choice":"Upgraded","damage_taken":0,"max_hp_gain":0,"max_hp_loss":0,"event_name":"Upgrade Shrine","floor":2,"gold_loss":0,"cards_upgraded":["Neutralize"]},{"cards_removed":["Dagger Throw"],"damage_healed":0,"gold_gain":0,"player_choice":"Gave Card","damage_taken":0,"relics_obtained":["DemoMod:SerJunkan"],"max_hp_gain":0,"max_hp_loss":0,"event_name":"WeMeetAgain","floor":4,"gold_loss":0},{"damage_healed":0,"gold_gain":175,"player_choice":"AGREE","damage_taken":144,"max_hp_gain":0,"max_hp_loss":0,"event_name":"betterThird:BetterSerpent","floor":7,"gold_loss":0},{"cards_removed":["Strike_G"],"damage_healed":0,"gold_gain":0,"player_choice":"Offered Basic","damage_taken":0,"max_hp_gain":0,"max_hp_loss":0,"event_name":"Bonfire Elementals","floor":10,"gold_loss":0},{"damage_healed":0,"gold_gain":275,"player_choice":"Desecrate","damage_taken":0,"max_hp_gain":0,"max_hp_loss":0,"event_name":"Golden Shrine","floor":19,"gold_loss":0,"cards_obtained":["Regret"]},{"damage_healed":0,"gold_gain":0,"player_choice":"Ignored","damage_taken":0,"max_hp_gain":0,"max_hp_loss":0,"event_name":"Cursed Tome","floor":25,"gold_loss":0}],"is_beta":false,"boss_relics":[{"not_picked":["energizedSpire:MagnifyingGlass","Sozu"],"picked":"Runic Pyramid"}],"items_purged_floors":[8,22],"is_endless":false,"potions_floor_spawned":[3,5,16,18,20],"killed_by":"DemoMod:4_Bullet_Kins","ascension_level":10}}