{"host":"8is2j71l4wmybkoi","time":1614082054,"event":{"mods":["AchievementEnabler","BaseMod","Colored Map","DeckTracker","Minty Spire (QoL Compilation)","Rare Cards Sparkle","Relic Stats","StSLib","SuperFastMode"],"gold_per_floor":[118,118,268,343,363,363,377,377,377,394,394,420,420,433,433,433,433],"floor_reached":16,"language":"KOR","playtime":419,"items_purged":[],"score":175,"play_id":"9434928a-a630-4b1a-b135-b840c28b280e","local_time":"20210223210734","is_ascension_mode":true,"campfire_choices":[{"data":"Neutralize","floor":6.0,"key":"SMITH"},{"floor":8.0,"key":"REST"},{"floor":11.0,"key":"REST"},{"data":"Dagger Spray","floor":15,"key":"SMITH"}],"circlet_count":0,"master_deck":["AscendersBane","Strike_G","Strike_G","Strike_G","Strike_G","Strike_G","Defend_G","Defend_G","Defend_G","Defend_G+1","Defend_G","Survivor","Neutralize+1","Purity+1","Flying Knee","Doubt","Deadly Poison+1","Dagger Throw","Backflip","Dagger Spray+1","Grand Finale"],"relics":["Ring of the Snake","Question Card","Mercury Hourglass"],"acts_visited":["Exordium"],"potions_floor_usage":[12,16],"damage_taken":[{"damage":7.0,"enemies":"Jaw Worm","floor":1.0,"turns":7.0},{"damage":0.0,"enemies":"Small Slimes","floor":5.0,"turns":3.0},{"damage":0.0,"enemies":"2 Louse","floor":7.0,"turns":3.0},{"damage":15.0,"enemies":"Exordium Wildlife","floor":10.0,"turns":6.0},{"damage":18,"enemies":"Lagavulin","floor":12,"turns":7},{"damage":0,"enemies":"2 Fungi Beasts","floor":14,"turns":3},{"damage":31,"enemies":"Hexaghost","floor":16,"turns":11}],"seed_played":"3653374486868183142","potions_obtained":[{"floor":7.0,"key":"Dexterity Potion"},{"floor":10.0,"key":"LiquidMemories"}],"is_trial":false,"path_per_floor":["M","?","?","?","M","R","M","R","T","M","R","E","?","M","R","B"],"character_chosen":"THE_SILENT","items_purchased":[],"campfire_rested":2,"item_purchase_floors":[],"current_hp_per_floor":[52,32,32,21,21,21,21,40,40,25,44,26,26,26,26,0,0],"gold":433,"neow_bonus":"RANDOM_COLORLESS","is_daily":false,"chose_seed":false,"campfire_upgraded":2,"win_rate":0.0,"timestamp":1614082054,"path_taken":["M","?","?","?","M","R","?","R","T","M","R","E","?","M","R","BOSS"],"items_purchased_type":[],"build_version":"2020-12-22","purchased_purges":0,"victory":false,"max_hp_per_floor":[66,66,66,66,66,66,66,66,66,66,66,66,66,66,66,66,66],"relic_stats":{"counters":[7,39],"Question Card":3,"obtain_stats":[{"Question Card":9,"Ring of the Snake":0,"Mercury Hourglass":12},{"Question Card":3,"Ring of the Snake":0,"Mercury Hourglass":5},{"Question Card":13,"Ring of the Snake":0,"Mercury Hourglass":26}],"Ring of the Snake":[14],"Mercury Hourglass":[45]},"card_choices":[{"not_picked":["Trip","Dark Shackles"],"picked":"Purity","floor":0.0},{"not_picked":["Infinite Blades","Quick Slash"],"picked":"Flying Knee","floor":1.0},{"not_picked":["Deflect","Slice"],"picked":"Deadly Poison","floor":5.0},{"not_picked":["PiercingWail","Escape Plan"],"picked":"Dagger Throw","floor":7.0},{"not_picked":["Escape Plan","Sucker Punch","Prepared"],"picked":"Backflip","floor":10.0},{"not_picked":["Flying Knee","Footwork","Cloak And Dagger"],"picked":"Dagger Spray","floor":12},{"not_picked":["Concentrate","Flying Knee","Backstab"],"picked":"Grand Finale","floor":14}],"player_experience":1322067,"relics_obtained":[{"floor":9.0,"key":"Question Card"},{"floor":12,"key":"Mercury Hourglass"}],"event_choices":[{"damage_healed":0.0,"max_hp_gain":0.0,"max_hp_loss":0.0,"gold_gain":0.0,"event_name":"Shining Light","player_choice":"Entered Light","floor":2.0,"gold_loss":0.0,"damage_taken":20.0,"cards_upgraded":["Defend_G","Purity"]},{"damage_healed":0.0,"max_hp_gain":0.0,"max_hp_loss":0.0,"gold_gain":150.0,"event_name":"Liars Game","player_choice":"AGREE","floor":3.0,"gold_loss":0.0,"damage_taken":0.0,"cards_obtained":["Doubt"]},{"damage_healed":0.0,"max_hp_gain":0.0,"max_hp_loss":0.0,"gold_gain":75.0,"event_name":"World of Goop","player_choice":"Gather Gold","floor":4.0,"gold_loss":0.0,"damage_taken":11.0},{"damage_healed":0,"gold_gain":0,"player_choice":"Upgraded","damage_taken":0,"max_hp_gain":0,"max_hp_loss":0,"event_name":"Upgrade Shrine","floor":13,"gold_loss":0,"cards_upgraded":["Deadly Poison"]}],"is_beta":false,"boss_relics":[],"items_purged_floors":[],"is_endless":false,"potions_floor_spawned":[7,10],"killed_by":"Hexaghost","ascension_level":15}}