{"host":"ekyl8r8j8fco3zlk","time":1614114356,"event":{"mods":["Act Like it!","Arknights","BaseMod","CapriCore","Dota2Spire","Friendly Minions","Gensokyo","GifTheSpireLib","Library of Ruina","Marisa（霧雨　魔理沙）","Minty Spire (QoL Compilation)","READ ME - Guardian Mod","Reimu（博???）","StSLib","The Alterego","The Animator","The Immortal","TheWitcher","Waifu the Spire","WarShipGirlsR/??少女R mod","Yakumo Yukari mod","【?物卡牌】REMEMod"],"gold_per_floor":[119,130,149,161,174,174,191,191,191,226,242,93,93,140,140,272,272,319,319,164,154,195,195,227,227,227,227,285,295,350,426,426,558,558,606,626,675,715,730,785,795,842,893,906,676,741,756,835,835,865,865,865,140,196,226],"floor_reached":56,"language":"ZHS","playtime":3506,"items_purged":["LightDefense","LightDefense"],"score":1704,"play_id":"19d0e1b5-e676-478a-a8fd-6973793ac84a","local_time":"20210224050556","is_ascension_mode":false,"campfire_choices":[{"data":"StrikeDown","floor":6.0,"key":"SMITH"},{"data":"Bvapour","floor":8.0,"key":"SMITH"},{"data":"DefenseOrder","floor":13.0,"key":"SMITH"},{"data":"GreatSerpentsImpact","floor":15.0,"key":"SMITH"},{"data":"IdentifyWeakpoint","floor":23.0,"key":"SMITH"},{"data":"Duel_lor","floor":25.0,"key":"SMITH"},{"data":"TieShanKao","floor":27.0,"key":"SMITH"},{"floor":32,"key":"REST"},{"floor":49,"key":"RECALL"},{"data":"UnforgettableMelody","floor":52,"key":"SMITH"}],"circlet_count":0,"master_deck":["Dodge","LightAttack","LightAttack","LightDefense+1","ChargeAndCover","FocusedStrikes","StrikeDown+1","DefenseOrder+1","Bvapour+1","IronWall","TieShanKao+1","GreatSerpentsImpact+1","IdentifyWeakpoint+1","Zzzzzap+1","Duel_lor+1","CutIn+1","CoordinatedAssault+1","GuidanceOfTheGears+1","UnforgettableMelody+1","HighKick","WrathOfTorment+1","UnavoidableGaze+1","BiXi"],"relics":["PageOfLibrarian","REME_ComplimentaryCards","Gremlin Horn","Mummified Hand","Dota2Spire:HandOfMidas","SlaversCollar","Dota2Spire:ArmletOfMordiggian","PageOfWrath","PageOfTheQueenOfHatred","PageOfTheKnightOfDespair","PageOfGreed","PageOfNihil","Empty Cage","Dota2Spire:MaskOfMadness","Dota2Spire:UrnOfShadows","War Paint","ClockworkSouvenir","Mercury Hourglass","PageOfPorccubus","PageOfQueenBee"],"acts_visited":["Exordium","TheCity","TheBeyond","TheEnding"],"potions_floor_usage":[31,33,38,44,46],"damage_taken":[{"damage":0.0,"enemies":"Cultist","floor":1.0,"turns":4.0},{"damage":0.0,"enemies":"2 Louse","floor":2.0,"turns":3.0},{"damage":0.0,"enemies":"Jaw Worm","floor":3.0,"turns":4.0},{"damage":0.0,"enemies":"Red Slaver","floor":4.0,"turns":4.0},{"damage":0.0,"enemies":"Lots of Slimes","floor":5.0,"turns":4.0},{"damage":18.0,"enemies":"Gremlin Gang","floor":7.0,"turns":5.0},{"damage":13.0,"enemies":"3 Sentries","floor":10.0,"turns":7.0},{"damage":0.0,"enemies":"Exordium Wildlife","floor":11.0,"turns":1.0},{"damage":9.0,"enemies":"Large Slime","floor":14.0,"turns":3.0},{"damage":0.0,"enemies":"Hexaghost","floor":16.0,"turns":8.0},{"damage":8.0,"enemies":"Shell Parasite","floor":18.0,"turns":6.0},{"damage":0.0,"enemies":"Chosen","floor":22.0,"turns":6.0},{"damage":13.0,"enemies":"Gremlin Leader","floor":24.0,"turns":3.0},{"damage":6.0,"enemies":"Book of Stabbing","floor":28.0,"turns":3.0},{"damage":0.0,"enemies":"Snake Plant","floor":29.0,"turns":2.0},{"damage":8.0,"enemies":"Gremlin Leader","floor":30.0,"turns":4.0},{"damage":52,"enemies":"Snecko","floor":31,"turns":9},{"damage":0,"enemies":"Automaton","floor":33,"turns":8},{"damage":0,"enemies":"3 Shapes","floor":35,"turns":5},{"damage":2,"enemies":"3 Darklings","floor":36,"turns":3},{"damage":6,"enemies":"Writhing Mass","floor":37,"turns":4},{"damage":0,"enemies":"Transient","floor":38,"turns":5},{"damage":9,"enemies":"Jaw Worm Horde","floor":39,"turns":3},{"damage":4,"enemies":"Nemesis","floor":40,"turns":5},{"damage":0,"enemies":"4 Shapes","floor":41,"turns":4},{"damage":21,"enemies":"Transient","floor":42,"turns":5},{"damage":0,"enemies":"3 Darklings","floor":44,"turns":3},{"damage":18,"enemies":"Giant Head","floor":46,"turns":7},{"damage":0,"enemies":"Jaw Worm Horde","floor":47,"turns":4},{"damage":0,"enemies":"Sphere and 2 Shapes","floor":48,"turns":7},{"damage":0,"enemies":"Awakened One","floor":50,"turns":11},{"damage":7,"enemies":"Shield and Spear","floor":54,"turns":7},{"damage":37,"enemies":"The Heart","floor":55,"turns":6}],"seed_played":"5144792239938928772","potions_obtained":[{"floor":0.0,"key":"Swift Potion"},{"floor":0.0,"key":"EntropicBrew"},{"floor":0.0,"key":"FairyPotion"},{"floor":5.0,"key":"Ancient Potion"},{"floor":7.0,"key":"FearPotion"},{"floor":10.0,"key":"SteroidPotion"},{"floor":30.0,"key":"Strength Potion"},{"floor":31,"key":"Block Potion"},{"floor":35,"key":"AttackPotion"},{"floor":37,"key":"Dota2Spire:Clarity"},{"floor":42,"key":"Fire Potion"},{"floor":47,"key":"SkillPotion"}],"is_trial":false,"path_per_floor":["M","M","M","M","M","R","M","R","T","E","M","$","R","M","R","B",null,"M","?","$","?","M","R","E","R","T","R","E","M","E","M","R","B",null,"M","M","M","M","M","E","M","M","T","M","$","E","M","M","R","B",null,"R","$","E","B",null],"character_chosen":"Librarian","items_purchased":["Dota2Spire:HandOfMidas","Dota2Spire:ArmletOfMordiggian","Dota2Spire:UrnOfShadows","ClockworkSouvenir","Mercury Hourglass","PageOfPorccubus","BiXi"],"campfire_rested":1,"item_purchase_floors":[12,20,45,53,53,53,53],"current_hp_per_floor":[60,60,60,60,60,60,42,42,42,29,29,29,29,20,20,20,86,78,78,78,78,78,78,65,65,65,65,59,59,51,25,50,86,86,86,84,78,78,69,65,65,44,44,44,44,48,48,54,54,60,84,84,84,77,60],"gold":226,"neow_bonus":"THREE_SMALL_POTIONS","is_daily":false,"chose_seed":false,"campfire_upgraded":8,"win_rate":0.0,"timestamp":1614114356,"path_taken":["M","M","M","M","M","R","M","R","T","E","M","$","R","M","R","BOSS","M","?","$","?","?","R","E","R","T","R","E","M","E","M","R","BOSS","M","M","?","M","M","E","M","M","T","?","$","E","M","M","R","BOSS","R","$","E","BOSS"],"items_purchased_type":["Relic","Relic","Relic","Relic","Relic","Relic","Card"],"build_version":"2020-12-22","purchased_purges":2,"victory":true,"max_hp_per_floor":[70,70,70,86,86,86,86,86,86,86,86,86,86,86,86,86,86,86,86,86,86,86,86,86,86,86,86,86,86,86,86,86,86,86,86,86,86,86,86,84,84,84,84,84,84,84,84,84,84,84,84,84,84,84,84],"card_choices":[{"not_picked":["IdentifyWeakpoint","AlloutWar","GuidanceOfTheGears"],"picked":"StrikeDown","floor":1.0},{"not_picked":["FieryDragonSlash","DarkCloud","BackstreetsDash"],"picked":"DefenseOrder","floor":2.0},{"not_picked":["Brawl","Reload","DarkCloud","FormingStorm"],"picked":"SKIP","floor":3.0},{"not_picked":["IdentifyWeakpoint","SuppressingShot","JiaoTu"],"picked":"Bvapour","floor":4.0},{"not_picked":["Zzzzzap","IllEndYou","Parry2"],"picked":"IronWall","floor":5.0},{"not_picked":["SnakesPrey","BackAttack","SharpSwipe"],"picked":"TieShanKao","floor":7.0},{"not_picked":["OpportunitySpotted","BiAn","Standoff"],"picked":"GreatSerpentsImpact","floor":10.0},{"not_picked":["Parry2","GreatSerpentsImpact","ClassAndRespect","DefenseOrder"],"picked":"SKIP","floor":11.0},{"not_picked":["StartinOutLightly","SunsetBlade","Outburst"],"picked":"IdentifyWeakpoint","floor":14.0},{"not_picked":["DestructiveImpact","RatsGuideToSurvival","BayonetCombat+1"],"picked":"Zzzzzap+1","floor":18.0},{"not_picked":[],"picked":"Duel_lor","floor":21.0},{"not_picked":["ViolentFlame","ShrineToMusic+1","IdentifyWeakpoint","TieShanKao"],"picked":"SKIP","floor":22.0},{"not_picked":["SunsetBlade+1","SnakeSlit","BiteOff"],"picked":"CutIn+1","floor":24.0},{"not_picked":["Bvapour","BayonetCombat","GreatSerpentsImpact"],"picked":"CoordinatedAssault","floor":28.0},{"not_picked":["DevastatingThrash","Crush","GreatSerpentsImpact"],"picked":"GuidanceOfTheGears+1","floor":29.0},{"not_picked":["TieShanKao","DarkCloud","ForTheFamily+1","BackstreetsDash"],"picked":"SKIP","floor":30.0},{"not_picked":["SnakesPrey","GuidanceOfTheGears","StructuralAnalysis","Laceration"],"picked":"SKIP","floor":31},{"not_picked":["GutHarvesting","Punishment"],"picked":"UnforgettableMelody","floor":33},{"not_picked":["StructuralAnalysis+1","EnergyShield+1","SerpentSwordTechnique+1"],"picked":"HighKick","floor":35},{"not_picked":["SerpentSwordTechnique","VenomousFangs+1","Observe","StrikeDown+1"],"picked":"SKIP","floor":36},{"not_picked":["StrikeDown+1","SharpSwipe","AlloutWar+1","TheArtOfRapidSteps"],"picked":"SKIP","floor":37},{"not_picked":["EnergyBeam","Standoff","SuppressingShot+1"],"picked":"WrathOfTorment+1","floor":38},{"not_picked":["StructuralAnalysis","LeRegole","ElectricShock","ClassAndRespect+1"],"picked":"SKIP","floor":39},{"not_picked":["GuidanceOfTheGears+1","HighKick+1","FocusFire+1","Punishment"],"picked":"SKIP","floor":40},{"not_picked":["StrikeDown","Parry2","SunsetBlade","ViolentFlame"],"picked":"SKIP","floor":41},{"not_picked":["ChargeUp","ForTheFamily+1","SunsetBlade+1"],"picked":"UnavoidableGaze+1","floor":42},{"not_picked":["SnakesPrey+1","Parry2","DarkCloud+1","Outburst"],"picked":"SKIP","floor":44},{"not_picked":["Observe","SnakesPrey","UncannyStrike+1","GuardingStance+1"],"picked":"SKIP","floor":46},{"not_picked":["StrikeDown","UnavoidableGaze+1","BackAttack","Laceration"],"picked":"SKIP","floor":47},{"not_picked":["VioletBlade+1","Parry2","ReadyUp+1","FieryDragonSlash"],"picked":"SKIP","floor":48},{"not_picked":["GuidanceOfTheGears+1","GuardingStance+1","MirageStorm","Standoff+1"],"picked":"SKIP","floor":54}],"player_experience":721708,"relics_obtained":[{"floor":9.0,"key":"Gremlin Horn"},{"floor":10.0,"key":"Mummified Hand"},{"floor":24.0,"key":"PageOfWrath"},{"floor":26.0,"key":"PageOfTheQueenOfHatred"},{"floor":28.0,"key":"PageOfTheKnightOfDespair"},{"floor":30.0,"key":"PageOfGreed"},{"floor":31,"key":"PageOfNihil"},{"floor":40,"key":"Dota2Spire:MaskOfMadness"},{"floor":46,"key":"War Paint"},{"floor":54,"key":"PageOfQueenBee"}],"event_choices":[],"is_beta":false,"boss_relics":[{"not_picked":["Fusion Hammer","Ectoplasm"],"picked":"SlaversCollar"},{"not_picked":["Velvet Choker","Runic Pyramid"],"picked":"Empty Cage"}],"items_purged_floors":[45,53],"is_endless":false,"potions_floor_spawned":[5,7,10,14,28,30,31,33,35,37,42,47,48],"ascension_level":0}}