{"host":"pjgcdp3h1plnbocs","time":1614114285,"event":{"mods":["AchievementEnabler","BaseMod","Colored Map","Downfall","Highlight Path","Minty Spire (QoL Compilation)","StSLib"],"gold_per_floor":[115,115,115,115,142,142,176,176,176,217,217,238,261,261,261,386,386,410,410,29,31,31,61,61,96,96,96,96,96,121,131,131,230,230,249,249,249,269,13,13,31,58,58,388,388,398,430,16,16,16,16,16,16,46,46],"floor_reached":56,"language":"ENG","playtime":10833,"items_purged":[],"score":1881,"play_id":"8d8926dc-008c-4561-b783-9cb2f668ab00","local_time":"20210223220445","is_ascension_mode":true,"campfire_choices":[{"data":"Zap","floor":6,"key":"SMITH"},{"data":"Dualcast","floor":8,"key":"SMITH"},{"floor":11,"key":"REST"},{"data":"Lockon","floor":15,"key":"SMITH"},{"floor":24,"key":"REST"},{"data":"Creative AI","floor":27,"key":"SMITH"},{"floor":29,"key":"REST"},{"floor":32,"key":"REST"},{"data":"Capacitor","floor":40,"key":"SMITH"},{"floor":45,"key":"RECALL"},{"floor":49,"key":"REST"},{"data":"White Noise","floor":52,"key":"SMITH"}],"circlet_count":0,"master_deck":["AscendersBane","Strike_B+1","Strike_B","Strike_B+1","Defend_B","Defend_B","Defend_B","Defend_B","Zap+1","Dualcast+1","Leap","White Noise+1","Cold Snap+1","Creative AI+1","Stack+1","Capacitor+1","Ball Lightning+1","Glacier+1","Leap+1","Necronomicurse","Loop+1","Aggregate+1","Echo Form+1","Hologram+1","Secret Technique+1","Stack+1","Defragment+1","Seek+1","Stack+1","Conserve Battery+1","Buffer+1","Seek+1","Leap+1","Steam Power+1","Echo Form+1"],"relics":["Cracked Core","Boot","Bloody Idol","Bronze Scales","Pantograph","Thread and Needle","Letter Opener","Emotion Chip","bronze:MakeshiftBattery","Toxic Egg 2","Matryoshka","Frozen Egg 2","PreservedInsect","Necronomicon","DataDisk","Nuclear Battery","InkBottle","Singing Bowl","Smiling Mask","Cables","Old Coin","Whetstone","DollysMirror","Slimebound:StickyStick"],"acts_visited":["Exordium","TheCity","TheBeyond","TheEnding"],"potions_floor_usage":[23,25,33,47,55],"damage_taken":[{"damage":1,"enemies":"Cultist","floor":1,"turns":3},{"damage":30,"enemies":"3 Sentries","floor":7,"turns":6},{"damage":22,"enemies":"Gremlin Nob","floor":10,"turns":4},{"damage":0,"enemies":"2 Louse","floor":12,"turns":2},{"damage":0,"enemies":"Jaw Worm","floor":13,"turns":2},{"damage":33,"enemies":"Slime Boss","floor":16,"turns":10},{"damage":10,"enemies":"Shell Parasite","floor":18,"turns":3},{"damage":13,"enemies":"2 Thieves","floor":21,"turns":4},{"damage":41,"enemies":"Book of Stabbing","floor":23,"turns":4},{"damage":11,"enemies":"Slavers","floor":25,"turns":7},{"damage":17,"enemies":"Book of Stabbing","floor":30,"turns":4},{"damage":7,"enemies":"3 Cultists","floor":31,"turns":6},{"damage":54,"enemies":"Collector","floor":33,"turns":6},{"damage":27,"enemies":"3 Darklings","floor":35,"turns":6},{"damage":3,"enemies":"Orb Walker","floor":38,"turns":6},{"damage":12,"enemies":"Jaw Worm Horde","floor":41,"turns":5},{"damage":13,"enemies":"Reptomancer","floor":42,"turns":5},{"damage":0,"enemies":"Giant Head","floor":44,"turns":6},{"damage":0,"enemies":"3 Darklings","floor":46,"turns":5},{"damage":0,"enemies":"Reptomancer","floor":47,"turns":7},{"damage":34,"enemies":"Donu and Deca","floor":50,"turns":9},{"damage":40,"enemies":"Shield and Spear","floor":54,"turns":9},{"damage":23,"enemies":"The Heart","floor":55,"turns":10}],"seed_played":"2290435981267666458","potions_obtained":[{"floor":1,"key":"Strength Potion"},{"floor":16,"key":"bronze:BurnAndBuffPotion"},{"floor":30,"key":"SkillPotion"},{"floor":31,"key":"EssenceOfSteel"},{"floor":33,"key":"sneckomod:MuddlingPotion"},{"floor":42,"key":"ColorlessPotion"}],"is_trial":false,"path_per_floor":["M","T","?","?","T","R","E","R","T","E","R","M","M","?","R","B",null,"M","?","$","M","$","E","R","E","T","R","?","R","E","M","R","B",null,"M","?","?","M","$","R","M","E","T","E","R","M","E","$","R","B",null,"R","$","E","B",null],"character_chosen":"DEFECT","items_purchased":["Toxic Egg 2","Stack+1","Capacitor","InkBottle","Buffer+1","DollysMirror","Leap+1","Steam Power+1","FearPotion"],"campfire_rested":5,"item_purchase_floors":[20,20,20,39,48,48,48,48,48],"current_hp_per_floor":[67,67,67,53,53,53,23,23,23,1,21,21,21,21,21,13,55,45,45,45,42,42,6,26,20,20,20,4,24,12,10,30,6,53,31,31,31,33,33,33,26,18,18,28,28,33,38,38,58,35,61,61,61,26,28],"gold":46,"neow_bonus":"TRANSFORM_CARD","is_daily":false,"chose_seed":false,"campfire_upgraded":6,"win_rate":0.0,"timestamp":1614114285,"path_taken":["M","?","?","?","?","R","E","R","T","E","R","M","?","?","R","BOSS","M","?","$","M","$","E","R","E","T","R","?","R","E","M","R","BOSS","M","?","?","M","?","R","M","E","T","E","R","?","E","$","R","BOSS","R","$","E","BOSS"],"items_purchased_type":["Relic","Card","Card","Relic","Card","Relic","Card","Card","Potion"],"build_version":"2020-12-22","purchased_purges":0,"victory":true,"max_hp_per_floor":[75,75,69,69,69,69,69,69,69,69,69,69,69,69,69,69,69,69,69,69,69,69,69,69,69,69,69,69,69,69,69,69,69,69,69,69,69,69,69,69,69,69,69,69,69,69,69,69,69,69,69,69,69,69,69],"card_choices":[{"not_picked":["Heatsinks","Go for the Eyes","Sunder"],"picked":"SKIP","floor":1},{"not_picked":["Rip and Tear","Conserve Battery"],"picked":"Leap","floor":7},{"not_picked":["Static Discharge","Conserve Battery","Streamline"],"picked":"SKIP","floor":10},{"not_picked":["Streamline","Conserve Battery"],"picked":"White Noise","floor":12},{"not_picked":["Redo","Multi-Cast"],"picked":"Cold Snap","floor":13},{"not_picked":["Rainbow","All For One"],"picked":"Creative AI","floor":16},{"not_picked":["Compile Driver","Genetic Algorithm","Stack"],"picked":"SKIP","floor":18},{"not_picked":["Beam Cell","Auto Shields+1"],"picked":"Ball Lightning","floor":21},{"not_picked":["Force Field+1","Tempest+1"],"picked":"Glacier+1","floor":23},{"not_picked":["Reinforced Body+1","FTL"],"picked":"Leap+1","floor":25},{"not_picked":["Auto Shields+1","Genetic Algorithm+1"],"picked":"Loop+1","floor":30},{"not_picked":["Turbo+1","Barrage"],"picked":"Aggregate+1","floor":31},{"not_picked":["Core Surge","Creative AI+1"],"picked":"Echo Form+1","floor":33},{"not_picked":["Lockon+1","Beam Cell+1"],"picked":"Hologram+1","floor":35},{"not_picked":["Deep Breath+1","Forethought+1"],"picked":"Secret Technique+1","floor":36},{"not_picked":["Streamline+1","Barrage","Sweeping Beam"],"picked":"SKIP","floor":38},{"not_picked":["Leap+1","Beam Cell"],"picked":"Stack+1","floor":41},{"not_picked":["Hello World+1","Reprogram+1"],"picked":"Defragment+1","floor":42},{"not_picked":["Coolheaded+1","Loop+1"],"picked":"Seek+1","floor":44},{"not_picked":["Redo+1","Beam Cell+1"],"picked":"Stack+1","floor":46},{"not_picked":["Cold Snap+1","Stack+1"],"picked":"Conserve Battery+1","floor":47},{"not_picked":["Streamline","Barrage+1"],"picked":"Echo Form+1","floor":54}],"player_experience":268904,"relics_obtained":[{"floor":2,"key":"Boot"},{"floor":5,"key":"Bronze Scales"},{"floor":7,"key":"Pantograph"},{"floor":9,"key":"Thread and Needle"},{"floor":10,"key":"Letter Opener"},{"floor":23,"key":"Matryoshka"},{"floor":25,"key":"Frozen Egg 2"},{"floor":26,"key":"PreservedInsect"},{"floor":28,"key":"Necronomicon"},{"floor":30,"key":"DataDisk"},{"floor":42,"key":"Singing Bowl"},{"floor":43,"key":"Smiling Mask"},{"floor":43,"key":"Cables"},{"floor":44,"key":"Old Coin"},{"floor":47,"key":"Whetstone"},{"floor":54,"key":"Slimebound:StickyStick"}],"event_choices":[{"damage_healed":0,"gold_gain":0,"player_choice":"Lose Max HP","damage_taken":0,"relics_obtained":["Golden Idol"],"max_hp_gain":0,"max_hp_loss":6,"event_name":"Golden Idol","floor":3,"gold_loss":0},{"damage_healed":0,"gold_gain":0,"player_choice":"Entered Light","damage_taken":14,"max_hp_gain":0,"max_hp_loss":0,"event_name":"Shining Light","floor":4,"gold_loss":0,"cards_upgraded":["Strike_B","Strike_B"]},{"damage_healed":0,"gold_gain":0,"player_choice":"Searched \u00272\u0027 times","damage_taken":0,"relics_obtained":["Emotion Chip"],"max_hp_gain":0,"max_hp_loss":0,"event_name":"Dead Adventurer","floor":14,"gold_loss":0},{"damage_healed":0,"gold_gain":0,"player_choice":"Gave Idol","damage_taken":0,"relics_obtained":["Bloody Idol"],"max_hp_gain":0,"max_hp_loss":0,"event_name":"Forgotten Altar","floor":19,"relics_lost":["Golden Idol"],"gold_loss":0},{"damage_healed":0,"gold_gain":0,"player_choice":"Obtained Book","damage_taken":16,"max_hp_gain":0,"max_hp_loss":0,"event_name":"Cursed Tome","floor":28,"gold_loss":0},{"damage_healed":0,"gold_gain":0,"player_choice":"Memory 1","damage_taken":0,"max_hp_gain":0,"max_hp_loss":0,"event_name":"SensoryStone","floor":36,"gold_loss":0},{"cards_removed":["Lockon"],"damage_healed":0,"gold_gain":0,"player_choice":"Removed Attack","damage_taken":0,"max_hp_gain":0,"max_hp_loss":0,"event_name":"Falling","floor":37,"gold_loss":0}],"is_beta":false,"boss_relics":[{"not_picked":["Runic Dome","Coffee Dripper"],"picked":"bronze:MakeshiftBattery"},{"not_picked":["Fusion Hammer","Black Star"],"picked":"Nuclear Battery"}],"items_purged_floors":[],"is_endless":false,"potions_floor_spawned":[1,16,30,31,33,35,42,44,54],"ascension_level":11}}