{"host":"188x3om7sf6mgxv1","time":1614038958,"event":{"mods":["BaseMod","Block Reminder","Minty Spire (QoL Compilation)","Relic Stats","StSLib"],"gold_per_floor":[118,132,147,147,160,186,186,218,218,237,237,250,250,264,264,363,363,374,51,64,64,87,87,122,133,215,234,252,76,76,108,108,209,209,227,327,343,353,429,429,291,291,291,291,310,639,639,666,666,666,666,666,8,36,36],"floor_reached":56,"language":"ENG","playtime":3624,"items_purged":["Strike_G","Strike_G","Strike_G","Defend_G"],"score":1700,"play_id":"4c85a507-ae58-499e-a6ef-e537c01763cf","local_time":"20210222190918","is_ascension_mode":true,"campfire_choices":[{"data":"Glass Knife","floor":7,"key":"SMITH"},{"floor":11,"key":"REST"},{"data":"Crippling Poison","floor":13,"key":"SMITH"},{"data":"Neutralize","floor":15,"key":"SMITH"},{"data":"Blade Dance","floor":23,"key":"SMITH"},{"data":"Calculated Gamble","floor":32,"key":"SMITH"},{"floor":40,"key":"RECALL"},{"floor":44,"key":"REST"},{"data":"Blade Dance","floor":47,"key":"SMITH"},{"data":"Leg Sweep","floor":49,"key":"SMITH"},{"data":"Deadly Poison","floor":52,"key":"SMITH"}],"circlet_count":0,"master_deck":["Strike_G","Strike_G","Defend_G","Defend_G","Defend_G","Defend_G","Survivor","Neutralize+1","Glass Knife+1","Deadly Poison+1","Quick Slash","Poisoned Stab","Deflect","Crippling Poison+1","Slice","Glass Knife","Blade Dance+1","RitualDagger","Blade Dance+1","Deflect","Calculated Gamble+1","Catalyst+1","Malaise","Tactician+1","Blade Dance+1","Escape Plan","Blade Dance+1","Leg Sweep+1"],"relics":["Ring of the Snake","Ornamental Fan","Pear","Kunai","Mercury Hourglass","Runic Pyramid","Singing Bowl","Bag of Marbles","Oddly Smooth Stone","The Courier","Pantograph","Molten Egg 2","SlaversCollar","InkBottle","Old Coin","Orichalcum","HornCleat","OrangePellets","TungstenRod","Bag of Preparation"],"acts_visited":["Exordium","TheCity","TheBeyond","TheEnding"],"potions_floor_usage":[24,25,31,38,55,55,55,55,55],"damage_taken":[{"damage":0,"enemies":"Small Slimes","floor":1,"turns":4},{"damage":0,"enemies":"Cultist","floor":2,"turns":3},{"damage":0,"enemies":"Jaw Worm","floor":3,"turns":2},{"damage":6,"enemies":"Exordium Thugs","floor":5,"turns":4},{"damage":30,"enemies":"3 Sentries","floor":6,"turns":10},{"damage":8,"enemies":"Lagavulin","floor":8,"turns":5},{"damage":0,"enemies":"Red Slaver","floor":10,"turns":2},{"damage":1,"enemies":"Blue Slaver","floor":12,"turns":2},{"damage":0,"enemies":"Exordium Thugs","floor":14,"turns":2},{"damage":5,"enemies":"Slime Boss","floor":16,"turns":12},{"damage":13,"enemies":"Spheric Guardian","floor":18,"turns":4},{"damage":0,"enemies":"2 Thieves","floor":20,"turns":4},{"damage":16,"enemies":"Book of Stabbing","floor":24,"turns":6},{"damage":0,"enemies":"Snake Plant","floor":25,"turns":2},{"damage":0,"enemies":"Cultist and Chosen","floor":27,"turns":5},{"damage":0,"enemies":"Centurion and Healer","floor":28,"turns":4},{"damage":0,"enemies":"Gremlin Leader","floor":31,"turns":6},{"damage":36,"enemies":"Automaton","floor":33,"turns":10},{"damage":2,"enemies":"3 Darklings","floor":35,"turns":6},{"damage":3,"enemies":"Orb Walker","floor":37,"turns":3},{"damage":16,"enemies":"3 Darklings","floor":38,"turns":5},{"damage":1,"enemies":"Maw","floor":45,"turns":7},{"damage":13,"enemies":"Nemesis","floor":46,"turns":5},{"damage":9,"enemies":"Giant Head","floor":48,"turns":7},{"damage":11,"enemies":"Awakened One","floor":50,"turns":17},{"damage":18,"enemies":"Shield and Spear","floor":54,"turns":6},{"damage":39,"enemies":"The Heart","floor":55,"turns":12}],"seed_played":"-5173435515201443143","potions_obtained":[{"floor":1,"key":"Energy Potion"},{"floor":8,"key":"Block Potion"},{"floor":14,"key":"SteroidPotion"},{"floor":24,"key":"ColorlessPotion"},{"floor":27,"key":"Fire Potion"},{"floor":33,"key":"Explosive Potion"},{"floor":35,"key":"DistilledChaos"},{"floor":37,"key":"EntropicBrew"}],"is_trial":false,"path_per_floor":["M","M","M","?","M","E","R","E","T","M","R","M","R","M","R","B",null,"M","$","M","?","T","R","E","M","T","M","M","$","?","E","R","B",null,"M","?","M","M","T","R","$","?","T","R","M","E","R","E","R","B",null,"R","$","E","B",null],"character_chosen":"THE_SILENT","items_purchased":["Singing Bowl","Deflect","Calculated Gamble","PowerPotion","HornCleat","OrangePellets","TungstenRod"],"campfire_rested":2,"item_purchase_floors":[19,29,29,41,53,53,53],"current_hp_per_floor":[63,63,63,63,57,37,37,29,29,29,53,52,52,52,52,47,72,59,59,59,53,53,53,39,41,41,43,43,43,43,43,43,32,73,71,71,68,52,52,52,52,48,48,75,74,63,63,54,54,68,88,88,88,72,57],"gold":36,"neow_bonus":"ONE_RANDOM_RARE_CARD","is_daily":false,"chose_seed":false,"campfire_upgraded":8,"win_rate":0.0,"timestamp":1614038958,"path_taken":["M","M","M","?","?","E","R","E","T","M","R","?","R","M","R","BOSS","M","$","M","?","?","R","E","M","T","?","M","?","?","E","R","BOSS","M","?","?","M","?","R","$","?","T","R","M","E","R","E","R","BOSS","R","$","E","BOSS"],"items_purchased_type":["Relic","Card","Card","Potion","Relic","Relic","Relic"],"build_version":"2020-12-22","purchased_purges":4,"victory":true,"max_hp_per_floor":[70,70,70,70,70,80,80,80,80,80,80,80,80,80,80,80,80,80,80,80,80,80,80,82,84,84,86,86,86,86,86,86,86,86,86,86,86,86,86,86,86,92,92,92,92,94,94,94,94,94,94,94,94,96,96],"relic_stats":{"Singing Bowl":16,"counters":[27,153],"Bag of Preparation":[2],"Orichalcum":[6],"Mercury Hourglass":[501],"OrangePellets":[0],"Ornamental Fan":[560],"Pantograph":74,"Kunai":[135],"obtain_stats":[{"Pear":6,"Singing Bowl":19,"Oddly Smooth Stone":24,"The Courier":26,"Bag of Preparation":54,"Orichalcum":48,"Mercury Hourglass":9,"Old Coin":46,"SlaversCollar":34,"OrangePellets":53,"HornCleat":53,"Ornamental Fan":4,"Pantograph":30,"Molten Egg 2":31,"Bag of Marbles":22,"Kunai":8,"InkBottle":39,"TungstenRod":53,"Ring of the Snake":0,"Runic Pyramid":17},{"Pear":5,"Singing Bowl":11,"Oddly Smooth Stone":13,"The Courier":14,"Bag of Preparation":26,"Orichalcum":24,"Mercury Hourglass":6,"Old Coin":23,"SlaversCollar":18,"OrangePellets":25,"HornCleat":25,"Ornamental Fan":3,"Pantograph":16,"Molten Egg 2":17,"Bag of Marbles":12,"Kunai":6,"InkBottle":21,"TungstenRod":25,"Ring of the Snake":0,"Runic Pyramid":10},{"Pear":23,"Singing Bowl":49,"Oddly Smooth Stone":59,"The Courier":61,"Bag of Preparation":141,"Orichalcum":118,"Mercury Hourglass":28,"Old Coin":111,"SlaversCollar":85,"OrangePellets":135,"HornCleat":135,"Ornamental Fan":9,"Pantograph":69,"Molten Egg 2":75,"Bag of Marbles":53,"Kunai":28,"InkBottle":99,"TungstenRod":135,"Ring of the Snake":0,"Runic Pyramid":45}],"InkBottle":[44],"TungstenRod":29,"Ring of the Snake":[54]},"card_choices":[{"not_picked":["Well Laid Plans","Dodge and Roll"],"picked":"Deadly Poison","floor":1},{"not_picked":["Cloak And Dagger","Terror"],"picked":"Quick Slash","floor":2},{"not_picked":["Prepared","Dagger Spray","Blur"],"picked":"SKIP","floor":3},{"not_picked":["PiercingWail","All Out Attack"],"picked":"Poisoned Stab","floor":5},{"not_picked":["Blur","Bane","Concentrate"],"picked":"SKIP","floor":6},{"not_picked":["Tactician","Poisoned Stab"],"picked":"Deflect","floor":8},{"not_picked":["Dodge and Roll","Riddle With Holes","Deadly Poison"],"picked":"SKIP","floor":10},{"not_picked":["Acrobatics","Dagger Spray"],"picked":"Crippling Poison","floor":12},{"not_picked":["Caltrops","Flechettes"],"picked":"Slice","floor":14},{"not_picked":["Envenom","Grand Finale"],"picked":"Glass Knife","floor":16},{"not_picked":["Quick Slash","Underhanded Strike+1","Dagger Spray"],"picked":"SKIP","floor":18},{"not_picked":["Choke","Poisoned Stab+1"],"picked":"Blade Dance","floor":20},{"not_picked":["Quick Slash","Predator","Skewer"],"picked":"Singing Bowl","floor":24},{"not_picked":["Sucker Punch","Dodge and Roll","Accuracy"],"picked":"Singing Bowl","floor":25},{"not_picked":["Distraction","Outmaneuver","Poisoned Stab+1"],"picked":"Singing Bowl","floor":27},{"not_picked":["Setup","Infinite Blades+1"],"picked":"Blade Dance","floor":28},{"not_picked":["Quick Slash+1","A Thousand Cuts"],"picked":"Catalyst+1","floor":31},{"not_picked":["A Thousand Cuts","Doppelganger"],"picked":"Malaise","floor":33},{"not_picked":["Dodge and Roll+1","Bane+1"],"picked":"Tactician+1","floor":35},{"not_picked":["Sucker Punch+1","Eviscerate+1"],"picked":"Blade Dance+1","floor":37},{"not_picked":["Underhanded Strike+1","Dagger Spray+1"],"picked":"Escape Plan","floor":38},{"not_picked":["Panacea","Deep Breath","Madness"],"picked":"Singing Bowl","floor":42},{"not_picked":["Metamorphosis","Dramatic Entrance+1","Impatience"],"picked":"Singing Bowl","floor":42},{"not_picked":["Sadistic Nature","Enlightenment","Good Instincts"],"picked":"Singing Bowl","floor":42},{"not_picked":["Dagger Throw+1","Noxious Fumes+1"],"picked":"Blade Dance+1","floor":45},{"not_picked":["Sucker Punch+1","Backstab+1","Dagger Throw+1"],"picked":"Singing Bowl","floor":46},{"not_picked":["Blur+1","Flechettes+1"],"picked":"Leg Sweep","floor":48},{"not_picked":["Flying Knee+1","Tools of the Trade","Masterful Stab+1"],"picked":"Singing Bowl","floor":54}],"player_experience":92023,"relics_obtained":[{"floor":4,"key":"Ornamental Fan"},{"floor":6,"key":"Pear"},{"floor":8,"key":"Kunai"},{"floor":9,"key":"Mercury Hourglass"},{"floor":22,"key":"Bag of Marbles"},{"floor":24,"key":"Oddly Smooth Stone"},{"floor":26,"key":"The Courier"},{"floor":31,"key":"Molten Egg 2"},{"floor":39,"key":"InkBottle"},{"floor":46,"key":"Old Coin"},{"floor":48,"key":"Orichalcum"},{"floor":54,"key":"Bag of Preparation"}],"event_choices":[{"damage_healed":0,"gold_gain":0,"player_choice":"Relic","damage_taken":0,"max_hp_gain":0,"max_hp_loss":0,"event_name":"Wheel of Change","floor":4,"gold_loss":0},{"damage_healed":0,"gold_gain":0,"player_choice":"Joined the Cult","damage_taken":6,"max_hp_gain":0,"max_hp_loss":0,"event_name":"Nest","floor":21,"gold_loss":0,"cards_obtained":["RitualDagger"]},{"damage_healed":0,"gold_gain":0,"player_choice":"Gave Potion","damage_taken":0,"relics_obtained":["Pantograph"],"max_hp_gain":0,"max_hp_loss":0,"event_name":"WeMeetAgain","floor":30,"gold_loss":0},{"damage_healed":0,"gold_gain":100,"player_choice":"Pray","damage_taken":0,"max_hp_gain":0,"max_hp_loss":0,"event_name":"Golden Shrine","floor":36,"gold_loss":0},{"damage_healed":0,"gold_gain":0,"player_choice":"Memory 3","damage_taken":10,"max_hp_gain":0,"max_hp_loss":0,"event_name":"SensoryStone","floor":42,"gold_loss":0}],"is_beta":false,"boss_relics":[{"not_picked":["Busted Crown","Velvet Choker"],"picked":"Runic Pyramid"},{"not_picked":["Ring of the Serpent","Calling Bell"],"picked":"SlaversCollar"}],"items_purged_floors":[19,29,41,53],"is_endless":false,"potions_floor_spawned":[1,8,14,16,24,27,33,35,37,54],"ascension_level":8}}