{"host":"yaxsefyig1et0yi2","time":1614062110,"event":{"mods":["Aspiration","BaseMod","BetterRewards","Colored Powertips","Conspire","Displayed Cursed Tome","Downfall","Halation","Hubris","Infinite Spire","Jorbs\u0027s Wanderer Trilogy","Minty Spire (QoL Compilation)","Quick Restart","RatMod","Replay The Spire","Reworked Bosses","Spikes Relics","StSLib","The Jungle","The Marked"],"gold_per_floor":[109,125,144,144,158,158,168,168,168,168,186,204,231,247,247,349,349,366,158,158,171,182,208,208,224,248,248,248,248],"floor_reached":28,"language":"ENG","playtime":1188,"items_purged":[],"score":269,"play_id":"cde43a69-298a-4825-9629-c07e23930609","local_time":"20210223013510","is_ascension_mode":false,"campfire_choices":[{"data":"theMarked:OneWithTheBlade","floor":6,"key":"SMITH"},{"data":"theMarked:SwordAndMagic","floor":8,"key":"SMITH"},{"data":"theMarked:SoldierOfQuellstein","floor":10,"key":"SMITH"},{"data":"theMarked:Aftermath","floor":15,"key":"SMITH"},{"floor":24,"key":"REST"}],"circlet_count":0,"master_deck":["theMarked:Defend","theMarked:Defend","theMarked:Defend","theMarked:Defend","theMarked:SoldierOfQuellstein+1","Replay:Parry","theMarked:SwordAndMagic+1","theMarked:OneWithTheBlade+1","theMarked:EmpowerWeapon+1","theMarked:Aftermath+1","theMarked:EmpowerWeapon","theMarked:EnhanceMovement","theMarked:EmpowerWeapon","theMarked:ThrowWeapon","theMarked:Parry","theMarked:Aftermath","Slimebound:Tackle+1","Slimebound:Tackle+1","Slimebound:Tackle+1","theMarked:EmpowerWeapon","theMarked:ElectricStrings+1","theMarked:Parkour+1"],"relics":["theMarked:ArtifactOfAir","aspiration:FrozenJewel","Singing Bowl","conspire:SlowCooker","hubris:SlimyHat","aspiration:ChemicalBlood","Nunchaku"],"acts_visited":["Exordium","TheCity"],"potions_floor_usage":[18,23,25],"damage_taken":[{"damage":2,"enemies":"Cultist","floor":1,"turns":5},{"damage":0,"enemies":"Small Slimes","floor":2,"turns":3},{"damage":11,"enemies":"Jaw Worm","floor":3,"turns":2},{"damage":0,"enemies":"3 Louse","floor":5,"turns":3},{"damage":6,"enemies":"Exordium Wildlife","floor":7,"turns":4},{"damage":5,"enemies":"Blue Slaver","floor":11,"turns":2},{"damage":0,"enemies":"Large Slime","floor":12,"turns":4},{"damage":6,"enemies":"Gremlin Nob","floor":13,"turns":3},{"damage":11,"enemies":"Red Slaver","floor":14,"turns":2},{"damage":21,"enemies":"Slime Boss","floor":16,"turns":8},{"damage":22,"enemies":"2 Thieves","floor":18,"turns":4},{"damage":8,"enemies":"Chosen","floor":21,"turns":3},{"damage":20,"enemies":"Shelled Parasite and Fungi","floor":22,"turns":5},{"damage":27,"enemies":"Slavers","floor":23,"turns":6},{"damage":6,"enemies":"Chosen and Byrds","floor":25,"turns":4},{"damage":7,"enemies":"Snake Plant","floor":28,"turns":1}],"seed_played":"5849261742133912111","potions_obtained":[{"floor":1,"key":"sneckomod:MuddlingPotion"},{"floor":11,"key":"Guardian:BlockOnCardUsePotion"},{"floor":12,"key":"Weak Potion"},{"floor":25,"key":"LiquidMemories"}],"is_trial":false,"path_per_floor":["M","M","M","?","M","R","M","R","T","R","M","M","E","M","R","B",null,"M","$","?","M","M","E","R","M","T","?","M"],"character_chosen":"THE_DEFAULT","items_purchased":["theMarked:Aftermath","hubris:SlimyHat"],"campfire_rested":1,"item_purchase_floors":[19,19],"current_hp_per_floor":[70,70,59,59,59,59,53,53,53,53,48,48,44,35,35,14,76,54,54,54,48,28,1,24,18,18,3,0,0],"gold":248,"neow_bonus":"RANDOM_COLORLESS","is_daily":false,"chose_seed":false,"campfire_upgraded":4,"win_rate":0.0,"timestamp":1614062110,"path_taken":["M","M","M","?","M","R","M","R","T","R","M","M","E","M","R","BOSS","M","?","?","M","M","E","R","M","T","?","M"],"items_purchased_type":["Card","Relic"],"build_version":"2020-12-22","purchased_purges":0,"victory":false,"max_hp_per_floor":[72,72,72,72,72,72,72,72,72,72,72,72,74,76,76,76,76,76,76,76,78,78,78,78,78,78,83,83,83],"card_choices":[{"not_picked":["ReplayTheSpireMod:Uncanny Aura","Madness"],"picked":"Replay:Parry","floor":0},{"not_picked":["theMarked:HeightenedSenses","theMarked:Parkour"],"picked":"theMarked:SwordAndMagic","floor":1},{"not_picked":["theMarked:Panic","theMarked:Improvise"],"picked":"theMarked:OneWithTheBlade","floor":2},{"not_picked":["theMarked:StartUp","theMarked:Memento"],"picked":"theMarked:EmpowerWeapon","floor":3},{"not_picked":["theMarked:Parkour","theMarked:Heritage"],"picked":"theMarked:Aftermath","floor":5},{"not_picked":["theMarked:MagusForm","theMarked:Frustration"],"picked":"theMarked:EmpowerWeapon","floor":7},{"not_picked":["theMarked:Indomitable","theMarked:Seal"],"picked":"theMarked:EnhanceMovement","floor":11},{"not_picked":["theMarked:Frustration","theMarked:Parkour"],"picked":"theMarked:EmpowerWeapon","floor":12},{"not_picked":["theMarked:ShockingTouch","theMarked:Snap","theMarked:Reabsorb"],"picked":"Singing Bowl","floor":13},{"not_picked":["theMarked:EmpowerWeapon","theMarked:WastefulAttack","theMarked:MysticalArsenal"],"picked":"Singing Bowl","floor":14},{"not_picked":["theMarked:UnarmedFury","theMarked:Abjuration"],"picked":"theMarked:ThrowWeapon","floor":16},{"not_picked":["theMarked:Heritage","theMarked:ShockingTouch+1"],"picked":"theMarked:Parry","floor":18},{"not_picked":["theMarked:Polarize","theMarked:EmpowerWeapon","theMarked:Maelstrom+1"],"picked":"Singing Bowl","floor":21},{"not_picked":["theMarked:UnarmedFury","theMarked:Overcharge"],"picked":"theMarked:EmpowerWeapon","floor":22},{"not_picked":["theMarked:WardOff","theMarked:Overcharge+1"],"picked":"theMarked:ElectricStrings+1","floor":23},{"not_picked":["theMarked:TakeCover","theMarked:TwofoldDefense"],"picked":"theMarked:Parkour+1","floor":25}],"player_experience":271434,"relics_obtained":[{"floor":9,"key":"aspiration:FrozenJewel"},{"floor":13,"key":"Singing Bowl"},{"floor":23,"key":"aspiration:ChemicalBlood"},{"floor":26,"key":"Nunchaku"}],"event_choices":[{"damage_healed":0,"gold_gain":0,"player_choice":"Forge","damage_taken":0,"max_hp_gain":0,"max_hp_loss":0,"event_name":"Accursed Blacksmith","floor":4,"gold_loss":0,"cards_upgraded":["theMarked:EmpowerWeapon"]},{"damage_healed":0,"gold_gain":0,"player_choice":"Shed Blood","damage_taken":20,"max_hp_gain":5,"max_hp_loss":0,"event_name":"Forgotten Altar","floor":27,"gold_loss":0}],"is_beta":false,"boss_relics":[{"not_picked":["hubris:HollowSoul","infinitespire:Cupcake"],"picked":"conspire:SlowCooker"}],"items_purged_floors":[],"is_endless":false,"potions_floor_spawned":[1,11,12,13,14,25],"killed_by":"Snake Plant","ascension_level":0}}