{"host":"7sni158j623xchr2","time":1614049267,"event":{"mods":["BaseMod","Colored Map","Highlight Path","Minty Spire (QoL Compilation)","Permanent Neow","Potion Indicator Mod","Rare Cards Sparkle","Relic Sorter","Relic Stats","StSLib","everything is the same but u backflip on backflip"],"gold_per_floor":[111,39,39,50,225,251,251,283,283,283,342,355,355,383,383,483,483,495,495,512,532,532,566,2,37,37,64,64,64,64,96,96,194,194,206,206,29,29,41,41,56,84,84,84,98,98,98,115,115,115,115,115,115,149,149,149],"floor_reached":55,"language":"ENG","playtime":1670,"items_purged":["Doubt","Strike_B"],"score":965,"play_id":"253f65d7-fffd-43a0-91b9-ba600297c645","local_time":"20210222210107","is_ascension_mode":true,"campfire_choices":[{"floor":7,"key":"REST"},{"data":"Apotheosis","floor":10,"key":"SMITH"},{"data":"Sunder","floor":13,"key":"SMITH"},{"data":"Loop","floor":15,"key":"SMITH"},{"floor":29,"key":"REST"},{"floor":32,"key":"RECALL"},{"floor":40,"key":"REST"},{"floor":44,"key":"REST"},{"floor":49,"key":"REST"},{"floor":52,"key":"REST"}],"circlet_count":0,"master_deck":["Strike_B","Strike_B","Defend_B","Defend_B","Defend_B","Zap","Dualcast","Apotheosis+1","Streamline","Sunder+1","Skim","Leap","Turbo","Auto Shields","Coolheaded","Loop+1","Electrodynamics","Glacier+1","Hologram","Defragment+1","Thunder Strike","Capacitor","Sweeping Beam+1","White Noise","Fission+1","Dark Shackles","Gash","Coolheaded+1"],"relics":["Cracked Core","Ornamental Fan","Eternal Feather","Bottled Lightning","Bronze Scales","Anchor","Fusion Hammer","NlothsMask","Potion Belt","Ice Cream","Red Mask","Emotion Chip","CaptainsWheel","Unceasing Top","Busted Crown","Orichalcum","Bottled Tornado"],"acts_visited":["Exordium","TheCity","TheBeyond","TheEnding"],"potions_floor_usage":[6,11,14,23,27,31,42,55,55,55,55,55],"damage_taken":[{"damage":12,"enemies":"Jaw Worm","floor":1,"turns":3},{"damage":0,"enemies":"Small Slimes","floor":4,"turns":2},{"damage":24,"enemies":"3 Sentries","floor":6,"turns":6},{"damage":23,"enemies":"Gremlin Nob","floor":8,"turns":4},{"damage":2,"enemies":"Gremlin Nob","floor":11,"turns":3},{"damage":0,"enemies":"Cultist","floor":12,"turns":2},{"damage":0,"enemies":"3 Sentries","floor":14,"turns":4},{"damage":1,"enemies":"Hexaghost","floor":16,"turns":10},{"damage":0,"enemies":"Shell Parasite","floor":18,"turns":5},{"damage":0,"enemies":"Spheric Guardian","floor":20,"turns":3},{"damage":22,"enemies":"Snake Plant","floor":21,"turns":3},{"damage":11,"enemies":"Gremlin Leader","floor":23,"turns":6},{"damage":7,"enemies":"Masked Bandits","floor":25,"turns":3},{"damage":20,"enemies":"Book of Stabbing","floor":27,"turns":5},{"damage":4,"enemies":"Slavers","floor":31,"turns":3},{"damage":11,"enemies":"Automaton","floor":33,"turns":7},{"damage":3,"enemies":"Orb Walker","floor":35,"turns":3},{"damage":6,"enemies":"3 Shapes","floor":39,"turns":3},{"damage":0,"enemies":"Writhing Mass","floor":41,"turns":7},{"damage":36,"enemies":"Nemesis","floor":42,"turns":5},{"damage":0,"enemies":"Spire Growth","floor":45,"turns":4},{"damage":9,"enemies":"Maw","floor":48,"turns":6},{"damage":15,"enemies":"Time Eater","floor":50,"turns":13},{"damage":49,"enemies":"Shield and Spear","floor":54,"turns":5},{"damage":16,"enemies":"The Heart","floor":55,"turns":2}],"seed_played":"-4127263629362016524","potions_obtained":[{"floor":1,"key":"AttackPotion"},{"floor":8,"key":"Explosive Potion"},{"floor":12,"key":"DistilledChaos"},{"floor":18,"key":"Ancient Potion"},{"floor":20,"key":"FocusPotion"},{"floor":21,"key":"Regen Potion"},{"floor":31,"key":"Weak Potion"},{"floor":33,"key":"Explosive Potion"},{"floor":41,"key":"CultistPotion"},{"floor":42,"key":"SpeedPotion"},{"floor":45,"key":"LiquidBronze"}],"is_trial":false,"path_per_floor":["M","$","?","M","?","E","R","E","T","R","?","M","R","E","R","B",null,"M","?","M","M","?","E","$","?","T","E","?","R","T","E","R","B",null,"M","?","$","?","M","R","M","E","T","R","M","?","?","M","R","B",null,"R","$","E","B"],"character_chosen":"DEFECT","items_purchased":["Sunder","Capacitor","Ice Cream","Fire Potion","ColorlessPotion","Ancient Potion"],"campfire_rested":6,"item_purchase_floors":[2,24,24,24,24,37],"current_hp_per_floor":[56,56,49,49,49,25,45,22,22,31,29,29,38,38,47,46,63,63,63,63,41,41,45,45,38,38,18,18,53,53,49,64,53,64,61,51,51,51,45,68,68,32,32,67,67,65,65,56,65,50,61,65,65,16,0,0],"gold":149,"neow_bonus":"RANDOM_COLORLESS_2","is_daily":false,"chose_seed":false,"campfire_upgraded":3,"win_rate":0.0,"timestamp":1614049267,"path_taken":["M","$","?","M","?","E","R","E","T","R","?","M","R","E","R","BOSS","M","?","M","?","?","E","$","?","T","E","?","R","?","E","R","BOSS","M","?","$","?","M","R","M","E","T","R","?","?","?","M","R","BOSS","R","$","E","BOSS"],"items_purchased_type":["Card","Card","Relic","Potion","Potion","Potion"],"build_version":"2020-12-22","purchased_purges":2,"victory":false,"max_hp_per_floor":[68,68,68,68,68,68,68,68,68,68,68,68,68,68,68,68,68,68,68,68,68,68,68,68,68,68,68,68,68,68,68,68,68,68,68,68,68,68,68,68,68,68,68,68,68,65,65,65,65,65,65,65,65,65,65,65],"relic_stats":{"Emotion Chip":[42,28,14,0,0],"Busted Crown":20,"counters":[25,116],"Ornamental Fan":[28],"Bronze Scales":[373],"Eternal Feather":100,"Orichalcum":[12],"obtain_stats":[{"Potion Belt":23,"Ice Cream":24,"Eternal Feather":8,"Orichalcum":42,"Bottled Tornado":54,"Anchor":14,"Emotion Chip":27,"CaptainsWheel":30,"Busted Crown":34,"Ornamental Fan":6,"Bronze Scales":11,"Fusion Hammer":17,"Red Mask":25,"Bottled Lightning":9,"Cracked Core":0,"Unceasing Top":31,"NlothsMask":19},{"Potion Belt":12,"Ice Cream":12,"Eternal Feather":4,"Orichalcum":20,"Bottled Tornado":24,"Anchor":7,"Emotion Chip":14,"CaptainsWheel":14,"Busted Crown":16,"Ornamental Fan":3,"Bronze Scales":5,"Fusion Hammer":8,"Red Mask":13,"Bottled Lightning":4,"Cracked Core":0,"Unceasing Top":15,"NlothsMask":9},{"Potion Belt":51,"Ice Cream":51,"Eternal Feather":15,"Orichalcum":86,"Bottled Tornado":114,"Anchor":24,"Emotion Chip":59,"CaptainsWheel":59,"Busted Crown":68,"Ornamental Fan":11,"Bronze Scales":18,"Fusion Hammer":34,"Red Mask":54,"Bottled Lightning":15,"Cracked Core":0,"Unceasing Top":61,"NlothsMask":39}],"Unceasing Top":[2]},"card_choices":[{"not_picked":["Magnetism","Metamorphosis"],"picked":"Apotheosis","floor":0},{"not_picked":["Go for the Eyes","Storm"],"picked":"Streamline","floor":1},{"not_picked":["Stack","Storm"],"picked":"Skim","floor":4},{"not_picked":["FTL","Gash"],"picked":"Leap","floor":6},{"not_picked":["Beam Cell","Redo"],"picked":"Turbo","floor":8},{"not_picked":["Hyperbeam","Steam Power"],"picked":"Auto Shields","floor":11},{"not_picked":["Leap","Beam Cell"],"picked":"Coolheaded","floor":12},{"not_picked":["Reinforced Body","Beam Cell"],"picked":"Loop","floor":14},{"not_picked":["Echo Form","Biased Cognition"],"picked":"Electrodynamics","floor":16},{"not_picked":["Turbo","Streamline+1"],"picked":"Glacier+1","floor":18},{"not_picked":["Undo","Ball Lightning"],"picked":"Hologram","floor":20},{"not_picked":["Rebound","Cold Snap"],"picked":"Defragment+1","floor":21},{"not_picked":["Go for the Eyes","BootSequence"],"picked":"Thunder Strike","floor":23},{"not_picked":["Reinforced Body","Gash"],"picked":"Sweeping Beam+1","floor":25},{"not_picked":["Doom and Gloom+1","Gash+1"],"picked":"White Noise","floor":27},{"not_picked":["Go for the Eyes","Thunder Strike","Creative AI"],"picked":"SKIP","floor":31},{"not_picked":["Amplify","Echo Form"],"picked":"Fission","floor":33},{"not_picked":["Rebound"],"picked":"SKIP","floor":35},{"not_picked":[],"picked":"Dark Shackles","floor":36},{"not_picked":["Steam Power"],"picked":"SKIP","floor":39},{"not_picked":["Conserve Battery"],"picked":"SKIP","floor":41},{"not_picked":["Sweeping Beam+1"],"picked":"SKIP","floor":42},{"not_picked":["Beam Cell+1"],"picked":"SKIP","floor":45},{"not_picked":["Conserve Battery+1"],"picked":"SKIP","floor":48},{"not_picked":[],"picked":"Coolheaded+1","floor":54}],"player_experience":1844155,"relics_obtained":[{"floor":6,"key":"Ornamental Fan"},{"floor":8,"key":"Eternal Feather"},{"floor":9,"key":"Bottled Lightning"},{"floor":11,"key":"Bronze Scales"},{"floor":14,"key":"Anchor"},{"floor":23,"key":"Potion Belt"},{"floor":25,"key":"Red Mask"},{"floor":27,"key":"Emotion Chip"},{"floor":30,"key":"CaptainsWheel"},{"floor":31,"key":"Unceasing Top"},{"floor":42,"key":"Orichalcum"},{"floor":54,"key":"Bottled Tornado"}],"event_choices":[{"cards_removed":["Defend_B"],"damage_healed":0,"gold_gain":0,"player_choice":"Card Removal","damage_taken":7,"max_hp_gain":0,"max_hp_loss":0,"event_name":"Golden Wing","floor":3,"gold_loss":0},{"damage_healed":0,"gold_gain":175,"player_choice":"AGREE","damage_taken":0,"max_hp_gain":0,"max_hp_loss":0,"event_name":"Liars Game","floor":5,"gold_loss":0,"cards_obtained":["Doubt"]},{"damage_healed":0,"gold_gain":0,"player_choice":"Searched \u00271\u0027 times","damage_taken":0,"max_hp_gain":0,"max_hp_loss":0,"event_name":"Dead Adventurer","floor":11,"gold_loss":0},{"damage_healed":0,"gold_gain":0,"player_choice":"Trade","damage_taken":0,"relics_obtained":["NlothsMask"],"max_hp_gain":0,"max_hp_loss":0,"event_name":"FaceTrader","floor":19,"gold_loss":0},{"damage_healed":0,"gold_gain":0,"player_choice":"Ignored","damage_taken":0,"max_hp_gain":0,"max_hp_loss":0,"event_name":"Vampires","floor":22,"gold_loss":0},{"damage_healed":0,"gold_gain":0,"player_choice":"Fought Bandits","damage_taken":0,"max_hp_gain":0,"max_hp_loss":0,"event_name":"Masked Bandits","floor":25,"gold_loss":0},{"damage_healed":0,"gold_gain":0,"player_choice":"Memory 3","damage_taken":10,"max_hp_gain":0,"max_hp_loss":0,"event_name":"SensoryStone","floor":36,"gold_loss":0},{"damage_healed":0,"gold_gain":0,"player_choice":"Forge","damage_taken":0,"max_hp_gain":0,"max_hp_loss":0,"event_name":"Accursed Blacksmith","floor":38,"gold_loss":0,"cards_upgraded":["Fission"]},{"damage_healed":0,"gold_gain":0,"player_choice":"Max HP","damage_taken":0,"max_hp_gain":0,"max_hp_loss":3,"event_name":"Winding Halls","floor":46,"gold_loss":0},{"damage_healed":0,"gold_gain":0,"cards_transformed":["Strike_B"],"player_choice":"Transformed","damage_taken":0,"max_hp_gain":0,"max_hp_loss":0,"event_name":"Transmorgrifier","floor":47,"gold_loss":0,"cards_obtained":["Gash"]}],"is_beta":false,"boss_relics":[{"not_picked":["Black Star","Calling Bell"],"picked":"Fusion Hammer"},{"not_picked":["Runic Dome","Sozu"],"picked":"Busted Crown"}],"items_purged_floors":[24,37],"is_endless":false,"potions_floor_spawned":[1,8,12,18,20,21,31,33,41,42,45],"killed_by":"The Heart","ascension_level":6}}