{"host":"1kuu63y3ohq0lsto","time":1614120344,"event":{"mods":["BaseMod","Bestiary","BetterRewards","Infinite Spire","Minty Spire (QoL Compilation)","Replay The Spire","StSLib"],"gold_per_floor":[113,133,133,149,149,149,166,197,197,224,273,283,283,293,308,324,324,428,428,428,67,67,0,0,0,0,0,0,0,0,0],"floor_reached":30,"language":"ENG","playtime":2343,"items_purged":[],"score":314,"play_id":"35290e6e-9c9d-427a-95ca-60be8ece7434","local_time":"20210223224544","is_ascension_mode":false,"campfire_choices":[{"floor":9.0,"key":"REST"},{"floor":17.0,"key":"REST"},{"floor":26.0,"key":"REST"}],"circlet_count":0,"master_deck":["Strike_B","Strike_B","Strike_B","Strike_B","Defend_B","Defend_B","Defend_B","Defend_B","Zap","Dualcast+1","Leap","Scrape","Steam","Streamline","Chill","White Noise","Coolheaded","Conserve Battery","Amplify","Recycle","Buffer","Coolheaded","Swift Strike","Static Discharge","Conserve Battery+1","FTL","Bandage Up","Trip","Good Instincts","Go for the Eyes","Melter","Aggregate"],"relics":["Cracked Core","Mango","Replay:WaspNest","infinitespire:Satchel","FaceOfCleric","Ectoplasm","Geode","Toy Ornithopter","Potion Belt"],"acts_visited":["Exordium","TheCity"],"potions_floor_usage":[],"damage_taken":[{"damage":2.0,"enemies":"Jaw Worm","floor":1.0,"turns":3.0},{"damage":0.0,"enemies":"Cultist","floor":2.0,"turns":3.0},{"damage":0.0,"enemies":"infinitespire:Voidling","floor":4.0,"turns":3.0},{"damage":9.0,"enemies":"Exordium Thugs","floor":7.0,"turns":5.0},{"damage":19.0,"enemies":"3 Sentries","floor":8.0,"turns":6.0},{"damage":21.0,"enemies":"Gremlin Nob","floor":10.0,"turns":5.0},{"damage":0.0,"enemies":"Blue Slaver","floor":12.0,"turns":3.0},{"damage":9.0,"enemies":"Lots of Slimes","floor":14.0,"turns":6.0},{"damage":1.0,"enemies":"Red Slaver","floor":15.0,"turns":5.0},{"damage":1.0,"enemies":"Blue Slaver","floor":16.0,"turns":3.0},{"damage":32.0,"enemies":"Slime Boss","floor":18.0,"turns":11.0},{"damage":11.0,"enemies":"Spheric Guardian","floor":20.0,"turns":5.0},{"damage":2.0,"enemies":"2 Thieves","floor":23.0,"turns":5.0},{"damage":20.0,"enemies":"Slavers","floor":25.0,"turns":4.0},{"damage":41.0,"enemies":"Chosen and Byrds","floor":27.0,"turns":8.0},{"damage":21.0,"enemies":"Snake Plant","floor":29.0,"turns":4.0},{"damage":36,"enemies":"Centurion and Healer","floor":30,"turns":10}],"seed_played":"-4287362334649284988","potions_obtained":[{"floor":4.0,"key":"BlessingOfTheForge"},{"floor":7.0,"key":"PowerPotion"},{"floor":14.0,"key":"Strength Potion"},{"floor":15.0,"key":"GamblersBrew"},{"floor":23.0,"key":"Swift Potion"}],"is_trial":false,"path_per_floor":["M","M","?","M","PTL","PTL","M","E","R","E","T","M","?","M","M","M","R","B",null,"M","$","?","M","?","E","R","M","T","M","M"],"character_chosen":"DEFECT","items_purchased":["Geode","Swift Strike","Static Discharge","Conserve Battery+1"],"campfire_rested":3,"item_purchase_floors":[21,21,21,21],"current_hp_per_floor":[80,80,80,80,80,80,71,66,94,73,73,73,73,65,65,65,94,63,100,90,90,90,89,62,47,77,46,46,26,0,0],"gold":0,"neow_bonus":"TEN_PERCENT_HP_BONUS","is_daily":false,"chose_seed":false,"campfire_upgraded":0,"win_rate":0.0,"timestamp":1614120344,"path_taken":["M","M","?","M","PTL","PTL","M","E","R","E","T","M","?","?","M","?","R","BOSS","M","$","?","M","?","E","R","M","T","M","?"],"items_purchased_type":["Relic","Card","Card","Card"],"build_version":"2020-12-22","purchased_purges":0,"victory":false,"max_hp_per_floor":[82,82,82,82,82,82,82,96,96,96,96,96,96,97,98,99,99,100,100,101,101,101,102,102,103,103,104,104,105,105,105],"card_choices":[{"not_picked":["ReplayGash","Aggregate"],"picked":"Leap","floor":1.0},{"not_picked":["Leap","Panic Button"],"picked":"Scrape","floor":2.0},{"not_picked":["Turbo","Compile Driver"],"picked":"Steam","floor":4.0},{"not_picked":["Steam Power","Compile Driver"],"picked":"Streamline","floor":7.0},{"not_picked":["Sweeping Beam","Beam Cell"],"picked":"Chill","floor":8.0},{"not_picked":["Gash","Compile Driver"],"picked":"White Noise","floor":10.0},{"not_picked":["BootSequence","Sweeping Beam"],"picked":"Coolheaded","floor":12.0},{"not_picked":["Consume","ReplayTheSpireMod:Reroute Power"],"picked":"Conserve Battery","floor":14.0},{"not_picked":["Consume","Steam"],"picked":"Amplify","floor":15.0},{"not_picked":["Rip and Tear","BootSequence"],"picked":"Recycle","floor":16.0},{"not_picked":["ReplayTheSpireMod:Fabricate Wheel","ReplayTheSpireMod:Omega Cannon"],"picked":"Buffer","floor":18.0},{"not_picked":["Beam Cell","Rebound"],"picked":"Coolheaded","floor":20.0},{"not_picked":["Doom and Gloom","ReplaySolidLightProjector"],"picked":"FTL","floor":23.0},{"not_picked":["Recycle","Crystallizer"],"picked":"Go for the Eyes","floor":25.0},{"not_picked":["Darkness","Reboot"],"picked":"Melter","floor":27.0},{"not_picked":["Rebound+1","Compile Driver"],"picked":"Aggregate","floor":29.0}],"player_experience":37719,"relics_obtained":[{"floor":8.0,"key":"Mango"},{"floor":10.0,"key":"Replay:WaspNest"},{"floor":11.0,"key":"infinitespire:Satchel"},{"floor":25.0,"key":"Toy Ornithopter"},{"floor":28.0,"key":"Potion Belt"}],"event_choices":[{"damage_healed":0.0,"max_hp_gain":0.0,"max_hp_loss":0.0,"gold_gain":0.0,"event_name":"FaceTrader","player_choice":"Trade","floor":13.0,"gold_loss":0.0,"damage_taken":0.0,"relics_obtained":["FaceOfCleric"]},{"damage_healed":0.0,"max_hp_gain":0.0,"max_hp_loss":0.0,"gold_gain":0.0,"event_name":"Knowing Skull","player_choice":"CARD CARD CARD ","floor":24.0,"potions_obtained":[],"gold_loss":0.0,"damage_taken":27.0,"cards_obtained":["Bandage Up","Trip","Good Instincts"]}],"is_beta":false,"boss_relics":[{"not_picked":["Busted Crown","ChewingGum"],"picked":"Ectoplasm"}],"items_purged_floors":[],"is_endless":false,"potions_floor_spawned":[4,7,14,15,23],"killed_by":"Centurion and Healer","ascension_level":0}}