{"host":"nptej036rrbiurf5","time":1614060345,"event":{"mods":["BaseMod","Colored Map","Colored Powertips","DeckTracker","Minty Spire (QoL Compilation)","StSLib","SuperFastMode"],"gold_per_floor":[114,128,128,142,142,142,171,182,182,182,193,212,541,541,541,541,541],"floor_reached":16,"language":"KOR","playtime":412,"items_purged":[],"score":224,"play_id":"d9b005ff-54e3-4d92-b2aa-a632fb745be5","local_time":"20210223150545","is_ascension_mode":true,"campfire_choices":[{"data":"Dagger Spray","floor":6.0,"key":"SMITH"},{"floor":10.0,"key":"REST"},{"floor":15,"key":"REST"}],"circlet_count":0,"master_deck":["AscendersBane","Strike_G","Strike_G","Strike_G","Defend_G","Defend_G","Defend_G","Defend_G","Defend_G","Survivor","Neutralize","Dagger Spray+1","Underhanded Strike","Quick Slash","Crippling Poison","Dash","Dodge and Roll","Poisoned Stab","PiercingWail"],"relics":["Ring of the Snake","TungstenRod","Calipers","Old Coin"],"acts_visited":["Exordium"],"potions_floor_usage":[16,16],"damage_taken":[{"damage":3.0,"enemies":"Small Slimes","floor":1.0,"turns":5.0},{"damage":4.0,"enemies":"Jaw Worm","floor":2.0,"turns":5.0},{"damage":1.0,"enemies":"Cultist","floor":4.0,"turns":4.0},{"damage":26.0,"enemies":"Gremlin Nob","floor":7.0,"turns":4.0},{"damage":2.0,"enemies":"3 Louse","floor":8.0,"turns":3.0},{"damage":10.0,"enemies":"Large Slime","floor":11.0,"turns":7.0},{"damage":6.0,"enemies":"2 Fungi Beasts","floor":12.0,"turns":2.0},{"damage":14,"enemies":"Lagavulin","floor":13,"turns":7},{"damage":34,"enemies":"The Guardian","floor":16,"turns":11}],"seed_played":"-6064027646808238027","potions_obtained":[{"floor":1.0,"key":"LiquidMemories"},{"floor":11.0,"key":"CultistPotion"},{"floor":12.0,"key":"LiquidMemories"}],"is_trial":false,"path_per_floor":["M","M","?","M","?","R","E","M","T","R","M","M","E","?","R","B"],"character_chosen":"THE_SILENT","items_purchased":[],"campfire_rested":2,"item_purchase_floors":[],"current_hp_per_floor":[62,58,51,50,50,50,24,22,22,43,33,27,13,13,34,0,0],"gold":541,"neow_bonus":"TEN_PERCENT_HP_BONUS","is_daily":false,"chose_seed":false,"campfire_upgraded":1,"win_rate":0.0,"timestamp":1614060345,"path_taken":["M","M","?","M","?","R","E","?","T","R","M","M","E","?","R","BOSS"],"items_purchased_type":[],"build_version":"2020-12-22","purchased_purges":0,"victory":false,"max_hp_per_floor":[72,72,72,72,72,72,72,72,72,72,72,72,72,72,72,72,72],"card_choices":[{"not_picked":["Flechettes","Slice"],"picked":"Dagger Spray","floor":1.0},{"not_picked":["Terror","Prepared"],"picked":"Underhanded Strike","floor":2.0},{"not_picked":["Expertise","Outmaneuver"],"picked":"Quick Slash","floor":4.0},{"not_picked":["Phantasmal Killer","Poisoned Stab"],"picked":"Crippling Poison","floor":7.0},{"not_picked":["Flying Knee","Poisoned Stab"],"picked":"Dash","floor":8.0},{"not_picked":["Dash","Outmaneuver"],"picked":"Dodge and Roll","floor":11.0},{"not_picked":["Underhanded Strike","Sucker Punch"],"picked":"Poisoned Stab","floor":12.0},{"not_picked":["Outmaneuver","Dagger Spray"],"picked":"PiercingWail","floor":13}],"player_experience":1012977,"relics_obtained":[{"floor":7.0,"key":"TungstenRod"},{"floor":9.0,"key":"Calipers"},{"floor":13,"key":"Old Coin"}],"event_choices":[{"cards_removed":["Strike_G"],"damage_healed":0.0,"max_hp_gain":0.0,"max_hp_loss":0.0,"gold_gain":0.0,"event_name":"Golden Wing","player_choice":"Card Removal","floor":3.0,"gold_loss":0.0,"damage_taken":7.0},{"cards_removed":["Strike_G"],"damage_healed":0.0,"max_hp_gain":0.0,"max_hp_loss":0.0,"gold_gain":0.0,"event_name":"Wheel of Change","player_choice":"Card Removal","floor":5.0,"gold_loss":0.0,"damage_taken":0.0},{"damage_healed":0,"gold_gain":0,"player_choice":"Ignored","damage_taken":0,"max_hp_gain":0,"max_hp_loss":0,"event_name":"Shining Light","floor":14,"gold_loss":0}],"is_beta":false,"boss_relics":[],"items_purged_floors":[],"is_endless":false,"potions_floor_spawned":[1,11,12],"killed_by":"The Guardian","ascension_level":20}}