{"host":"ekyl8r8j8fco3zlk","time":1614124462,"event":{"mods":["Act Like it!","Arknights","BaseMod","CapriCore","Dota2Spire","Friendly Minions","Gensokyo","GifTheSpireLib","Library of Ruina","Marisa（霧雨　魔理沙）","Minty Spire (QoL Compilation)","READ ME - Guardian Mod","Reimu（博???）","StSLib","The Alterego","The Animator","The Immortal","TheWitcher","Waifu the Spire","WarShipGirlsR/??少女R mod","Yakumo Yukari mod","【?物卡牌】REMEMod"],"gold_per_floor":[119,131,144,157,157,185,185,203,203,203,168,168,188,6,6,108,108,121,121,121,133,145,175,215,215,215,241,288,314,356,372,372,497,497,507,477,518,530,605,663,663,689,712,672,692,733,606,617,617,647,647,647,370,431,461],"floor_reached":56,"language":"ZHS","playtime":2536,"items_purged":["LightDefense","LightAttack","LightDefense"],"score":1443,"play_id":"5c7db30b-921e-4650-9953-492ff8569abd","local_time":"20210224075422","is_ascension_mode":false,"campfire_choices":[{"data":"SomberProcuration","floor":7.0,"key":"SMITH"},{"data":"TraceOfFumes","floor":10.0,"key":"SMITH"},{"data":"HiddenBlade","floor":12.0,"key":"SMITH"},{"data":"AsThePrescriptOrders","floor":15.0,"key":"SMITH"},{"data":"Tttonst","floor":25.0,"key":"SMITH"},{"data":"RepressedFlesh","floor":32.0,"key":"SMITH"},{"data":"Outburst","floor":41,"key":"SMITH"},{"floor":49,"key":"RECALL"},{"data":"LossOfSenses","floor":52,"key":"SMITH"}],"circlet_count":0,"master_deck":["Dodge","LightAttack","LightAttack","LightDefense+1","LightDefense","ChargeAndCover+1","FocusedStrikes","TieShanKao","UnforgettableMelody","HiddenBlade+1","SomberProcuration+1","AsThePrescriptOrders+1","TraceOfFumes+1","Tttonst+1","Outburst+1","Punishment","Tailoring","Multislash+1","HighKick","IllEndYou+1","SmokingPipe+1","RepressedFlesh+1","LossOfSenses+1","GoinFirst","Track","Diversion+1","PuppetBlockade+1","IronWall","SharpSwipe+1","ExtractFuel","BackAttack+1"],"relics":["PageOfLibrarian","REME_ComplimentaryCards","NeowsBlessing","Nunchaku","PageOfScarecrow","Dota2Spire:HeartOfTarrasque","Membership Card","PageOfBlackSwan","Pocketwatch","alterego_mod:FleetingLove","Dota2Spire:HandOfMidas","Dota2Spire:MantaStyle","REME_HandOfSuture","Coffee Dripper","CatCart","Meat on the Bone","RuthlessExorcism:ReiMu","PageOfPorccubus","Dota2Spire:PhaseBoots","PageOfForsakenMurderer","Dota2Spire:LinkenSphere"],"acts_visited":["Exordium","TheCity","TheBeyond","TheEnding"],"potions_floor_usage":[50,50,55,55,55],"damage_taken":[{"damage":0.0,"enemies":"Small Slimes","floor":1.0,"turns":2.0},{"damage":0.0,"enemies":"Jaw Worm","floor":2.0,"turns":1.0},{"damage":0.0,"enemies":"2 Louse","floor":3.0,"turns":1.0},{"damage":9.0,"enemies":"2 Fungi Beasts","floor":4.0,"turns":2.0},{"damage":0.0,"enemies":"Gremlin Nob","floor":6.0,"turns":2.0},{"damage":0.0,"enemies":"Red Slaver","floor":8.0,"turns":2.0},{"damage":0.0,"enemies":"Looter","floor":13.0,"turns":1.0},{"damage":6.0,"enemies":"The Guardian","floor":16.0,"turns":6.0},{"damage":0.0,"enemies":"Spheric Guardian","floor":18.0,"turns":1.0},{"damage":5.0,"enemies":"Chosen","floor":21.0,"turns":3.0},{"damage":0.0,"enemies":"Sentry and Sphere","floor":22.0,"turns":3.0},{"damage":19.0,"enemies":"Gremlin Leader","floor":23.0,"turns":3.0},{"damage":0.0,"enemies":"Centurion and Healer","floor":24.0,"turns":3.0},{"damage":7.0,"enemies":"Slavers","floor":27.0,"turns":3.0},{"damage":0.0,"enemies":"Cultist and Chosen","floor":28.0,"turns":3.0},{"damage":26.0,"enemies":"Gremlin Leader","floor":29.0,"turns":3.0},{"damage":0.0,"enemies":"Snake Plant","floor":30.0,"turns":3.0},{"damage":0.0,"enemies":"Snecko","floor":31.0,"turns":2.0},{"damage":19.0,"enemies":"Collector","floor":33.0,"turns":6.0},{"damage":28.0,"enemies":"3 Darklings","floor":35.0,"turns":4.0},{"damage":0.0,"enemies":"Orb Walker","floor":37.0,"turns":2.0},{"damage":0.0,"enemies":"Sphere and 2 Shapes","floor":38.0,"turns":2.0},{"damage":0.0,"enemies":"Orin","floor":39.0,"turns":5.0},{"damage":50.0,"enemies":"Reptomancer","floor":40.0,"turns":5.0},{"damage":0,"enemies":"3 Darklings","floor":45,"turns":4},{"damage":0,"enemies":"4 Shapes","floor":46,"turns":2},{"damage":15,"enemies":"Sphere and 2 Shapes","floor":48,"turns":3},{"damage":16,"enemies":"Awakened One","floor":50,"turns":7},{"damage":0,"enemies":"Shield and Spear","floor":54,"turns":4},{"damage":8,"enemies":"The Heart","floor":55,"turns":8}],"seed_played":"805378746845579025","potions_obtained":[{"floor":1.0,"key":"GrandPatriotsElixir:ReiMu"},{"floor":3.0,"key":"LiquidMemories"},{"floor":6.0,"key":"Weak Potion"},{"floor":16.0,"key":"ColorlessPotion"},{"floor":23.0,"key":"Explosive Potion"},{"floor":24.0,"key":"SteroidPotion"},{"floor":28.0,"key":"ZuzhouPotion:ReiMu"},{"floor":31.0,"key":"PanachePotion"},{"floor":38.0,"key":"Energy Potion"},{"floor":39.0,"key":"Ancient Potion"},{"floor":40,"key":"Dota2Spire:Clarity"}],"is_trial":false,"path_per_floor":["M","M","M","M","?","E","R","M","T","R","?","R","M","$","R","B",null,"M","?","?","M","M","E","M","R","T","E","M","E","M","M","R","B",null,"M","?","M","M","?","E","R","T","T","?","M","M","$","M","R","B",null,"R","$","E","B",null],"character_chosen":"Librarian","items_purchased":["Membership Card","Dota2Spire:PhaseBoots","PageOfForsakenMurderer","ExtractFuel","Dexterity Potion","Block Potion"],"campfire_rested":0,"item_purchase_floors":[14,47,53,53,53,53],"current_hp_per_floor":[60,60,60,51,48,48,48,49,57,57,77,77,77,77,77,79,82,82,82,82,77,77,61,63,63,63,61,64,41,48,53,53,45,94,66,66,70,70,94,51,51,51,51,51,51,51,51,54,54,76,94,94,94,94,94],"gold":461,"neow_bonus":"THREE_ENEMY_KILL","is_daily":false,"chose_seed":false,"campfire_upgraded":8,"win_rate":0.0,"timestamp":1614124462,"path_taken":["M","M","M","M","?","E","R","M","T","R","?","R","M","$","R","BOSS","M","?","?","M","M","E","M","R","T","E","M","E","M","M","R","BOSS","M","?","M","M","?","E","R","?","T","?","M","?","$","M","R","BOSS","R","$","E","BOSS"],"items_purchased_type":["Relic","Relic","Relic","Card","Potion","Potion"],"build_version":"2020-12-22","purchased_purges":3,"victory":true,"max_hp_per_floor":[62,65,65,74,74,75,74,74,82,82,82,82,82,82,82,82,82,82,82,82,82,82,94,94,94,94,94,94,94,94,94,94,94,94,94,94,94,94,94,94,94,94,94,94,94,94,94,94,94,94,94,94,94,94,94],"card_choices":[{"not_picked":["NightInTheBackstreets","FocusFire","Unlock1"],"picked":"UnforgettableMelody","floor":1.0},{"not_picked":["Crush","HighKick","BackAttack"],"picked":"HiddenBlade","floor":2.0},{"not_picked":["SnakesPrey","SharpSwipe","SteelKnuckles"],"picked":"SomberProcuration","floor":3.0},{"not_picked":["Leap_lor","LossOfSenses","EnergyCycle"],"picked":"AsThePrescriptOrders","floor":4.0},{"not_picked":["Parry2","Outburst","Track"],"picked":"TraceOfFumes","floor":6.0},{"not_picked":["GuardingStance","FendThisOffIfYouCan","SnakesPrey"],"picked":"Tttonst","floor":8.0},{"not_picked":["Brawl","EnergyCycle","SummaryJudgment"],"picked":"Outburst","floor":13.0},{"not_picked":["Castigation","Eradication"],"picked":"Punishment","floor":16.0},{"not_picked":["SnakesPrey","HandleRequest","NightInTheBackstreets"],"picked":"Tailoring","floor":18.0},{"not_picked":["HandleRequest","SuppressingShot","AsThePrescriptOrders"],"picked":"Multislash+1","floor":21.0},{"not_picked":["WillProduceFineSilk","Outburst","GuardingStance"],"picked":"HighKick","floor":22.0},{"not_picked":["ShockRound+1","SummaryJudgment","TieShanKao"],"picked":"IllEndYou+1","floor":23.0},{"not_picked":["Unlock1+1","FaintMemories","SunsetBlade"],"picked":"SmokingPipe+1","floor":24.0},{"not_picked":["Parry2+1","SunsetBlade+1","ShrineToMusic","SuppressingShot+1"],"picked":"SKIP","floor":27.0},{"not_picked":["ViolentFlame","Unlock1","SmokingPipe","Parry2"],"picked":"SKIP","floor":28.0},{"not_picked":["Standoff","SomberProcuration+1","TieShanKao"],"picked":"RepressedFlesh","floor":29.0},{"not_picked":["Unlock1","Rampage_lor","SuppressingShot+1","Parry2"],"picked":"SKIP","floor":30.0},{"not_picked":["Brawl","FlashOfSunup+1","Creak"],"picked":"LossOfSenses","floor":31.0},{"not_picked":["FormingStorm","Punishment"],"picked":"GoinFirst","floor":33.0},{"not_picked":["EnergyCycle+1","Rewind","Reload","FendThisOffIfYouCan+1"],"picked":"SKIP","floor":35.0},{"not_picked":["GuardingStance","SweepTheBackstreets","Mutilate"],"picked":"Track","floor":37.0},{"not_picked":["SharpSwipe","Overcharge+1","AsThePrescriptOrders"],"picked":"Diversion+1","floor":38.0},{"not_picked":["Outburst","BackAttack","Rewind+1"],"picked":"PuppetBlockade+1","floor":39.0},{"not_picked":["Parry2","SuppressingShot+1","SomberProcuration+1","TieShanKao"],"picked":"SKIP","floor":40},{"not_picked":["Ripple","EnergyCycle","Overpower"],"picked":"IronWall","floor":45},{"not_picked":["EnergyCycle","SuppressingShot","ButterflySlash"],"picked":"SharpSwipe+1","floor":46},{"not_picked":["Leap_lor","Rewind","DimensionalRift+1","Marionette+1"],"picked":"SKIP","floor":48},{"not_picked":["LossOfSenses","Multislash","SharpSwipe+1"],"picked":"BackAttack+1","floor":54}],"player_experience":731989,"relics_obtained":[{"floor":6.0,"key":"PageOfScarecrow"},{"floor":9.0,"key":"Dota2Spire:HeartOfTarrasque"},{"floor":23.0,"key":"Dota2Spire:HandOfMidas"},{"floor":27.0,"key":"Dota2Spire:MantaStyle"},{"floor":29.0,"key":"REME_HandOfSuture"},{"floor":39.0,"key":"CatCart"},{"floor":40,"key":"Meat on the Bone"},{"floor":42,"key":"RuthlessExorcism:ReiMu"},{"floor":43,"key":"PageOfPorccubus"},{"floor":54,"key":"Dota2Spire:LinkenSphere"}],"event_choices":[{"damage_healed":0.0,"max_hp_gain":0.0,"max_hp_loss":0.0,"gold_gain":0.0,"event_name":"Scrap Ooze","player_choice":"Success","floor":5.0,"gold_loss":0.0,"damage_taken":3.0,"relics_obtained":["Nunchaku"]},{"damage_healed":20.0,"max_hp_gain":0.0,"max_hp_loss":0.0,"gold_gain":0.0,"event_name":"The Cleric","player_choice":"Healed","floor":11.0,"gold_loss":35.0,"damage_taken":0.0},{"damage_healed":0.0,"max_hp_gain":0.0,"max_hp_loss":0.0,"gold_gain":0.0,"event_name":"The Mausoleum","player_choice":"Opened","floor":19.0,"gold_loss":0.0,"damage_taken":0.0,"relics_obtained":["Pocketwatch"]},{"damage_healed":0.0,"max_hp_gain":0.0,"max_hp_loss":0.0,"gold_gain":0.0,"event_name":"?的神圣花?","player_choice":"Choice 1","floor":20.0,"gold_loss":0.0,"damage_taken":0.0,"relics_obtained":["alterego_mod:FleetingLove"]},{"damage_healed":0.0,"max_hp_gain":0.0,"max_hp_loss":0.0,"gold_gain":0.0,"event_name":"OrinTheCat","player_choice":"Fight","floor":39.0,"gold_loss":0.0,"damage_taken":0.0},{"damage_healed":0,"gold_gain":0,"player_choice":"Upgraded Two","damage_taken":0,"max_hp_gain":0,"max_hp_loss":0,"event_name":"Designer","floor":44,"gold_loss":40,"cards_upgraded":["LightDefense","ChargeAndCover"]}],"is_beta":false,"boss_relics":[{"not_picked":["RedLine:ReiMu","Runic Pyramid"],"picked":"PageOfBlackSwan"},{"not_picked":["Tiny House","Cursed Key"],"picked":"Coffee Dripper"}],"items_purged_floors":[14,47,53],"is_endless":false,"potions_floor_spawned":[1,3,6,16,23,24,27,28,31,38,39,40,46,48],"ascension_level":0}}