{"host":"8oow7jh4agd4zemm","time":1614094516,"event":{"mods":["BaseMod","Colored Powertips","Ironclad Rager","Minty Spire (QoL Compilation)","Quick Restart","UnlockEverythingMod"],"gold_per_floor":[109,109,109,3,17,51,51,16,67,98,14,33,49,73,73,166,166,150,150,150,150,150],"floor_reached":21,"language":"ZHS","playtime":682,"items_purged":[],"score":424,"play_id":"d60ddb59-dae4-43a4-ad97-8adde0e90773","local_time":"20210223233516","is_ascension_mode":true,"campfire_choices":[{"data":"Footwork","floor":7,"key":"SMITH"},{"floor":15,"key":"REST"}],"circlet_count":0,"master_deck":["AscendersBane","Defend_G","Defend_G","Defend_G","Defend_G","Defend_G","Survivor","Neutralize","Distraction","Blade Dance","Infinite Blades","Footwork+1","Blade Dance","Storm of Steel","Adrenaline","Outmaneuver+1","Storm of Steel","Adrenaline"],"relics":["Ring of the Snake","NeowsBlessing","Golden Idol","StoneCalendar","PreservedInsect","Ninja Scroll","Empty Cage","Nilry\u0027s Codex"],"acts_visited":["Exordium","TheCity"],"potions_floor_usage":[16,16],"damage_taken":[{"damage":0,"enemies":"2 Louse","floor":1,"turns":1},{"damage":0,"enemies":"Small Slimes","floor":5,"turns":1},{"damage":0,"enemies":"Lagavulin","floor":6,"turns":1},{"damage":24,"enemies":"3 Sentries","floor":10,"turns":7},{"damage":2,"enemies":"Jaw Worm","floor":12,"turns":3},{"damage":0,"enemies":"Looter","floor":13,"turns":3},{"damage":1,"enemies":"Blue Slaver","floor":14,"turns":3},{"damage":26,"enemies":"The Guardian","floor":16,"turns":15},{"damage":6,"enemies":"2 Thieves","floor":18,"turns":4},{"damage":32,"enemies":"Chosen","floor":21,"turns":3}],"seed_played":"6652291657607172612","potions_obtained":[{"floor":1,"key":"Weak Potion"},{"floor":12,"key":"Swift Potion"},{"floor":16,"key":"GamblersBrew"},{"floor":18,"key":"LiquidBronze"}],"is_trial":false,"path_per_floor":["M","?","?","$","M","E","R","?","T","E","$","M","M","M","R","B",null,"M","?","?","M"],"character_chosen":"THE_SILENT","items_purchased":["Blade Dance","Infinite Blades","Storm of Steel"],"campfire_rested":1,"item_purchase_floors":[4,4,11],"current_hp_per_floor":[59,59,59,59,59,59,59,60,60,36,36,34,34,33,51,25,51,45,45,24,0,0],"gold":150,"neow_bonus":"THREE_ENEMY_KILL","is_daily":false,"chose_seed":false,"campfire_upgraded":1,"win_rate":0.0,"timestamp":1614094516,"path_taken":["M","?","?","$","M","E","R","?","T","E","?","?","M","M","R","BOSS","M","?","?","M"],"items_purchased_type":["Card","Card","Card"],"build_version":"2020-12-22","purchased_purges":0,"victory":false,"max_hp_per_floor":[66,60,60,60,60,60,60,60,60,60,60,60,60,60,60,60,60,60,60,60,60,60],"card_choices":[{"not_picked":["Underhanded Strike","Tactician"],"picked":"Distraction","floor":1},{"not_picked":["Bane","Backflip","Deflect"],"picked":"SKIP","floor":5},{"not_picked":["Flying Knee","Riddle With Holes"],"picked":"Footwork","floor":6},{"not_picked":["Crippling Poison","Underhanded Strike"],"picked":"Blade Dance","floor":10},{"not_picked":["Reflex","Terror","Slice"],"picked":"SKIP","floor":12},{"not_picked":["Leg Sweep","Malaise","Backstab"],"picked":"SKIP","floor":13},{"not_picked":["Deflect","Finisher","Slice"],"picked":"SKIP","floor":14},{"not_picked":["Phantasmal Killer","Malaise"],"picked":"Adrenaline","floor":16},{"not_picked":["Choke","Underhanded Strike"],"picked":"Outmaneuver+1","floor":18}],"player_experience":87140,"relics_obtained":[{"floor":6,"key":"StoneCalendar"},{"floor":9,"key":"PreservedInsect"},{"floor":10,"key":"Ninja Scroll"},{"floor":20,"key":"Nilry\u0027s Codex"}],"event_choices":[{"damage_healed":0,"gold_gain":0,"player_choice":"Lose Max HP","damage_taken":0,"relics_obtained":["Golden Idol"],"max_hp_gain":0,"max_hp_loss":6,"event_name":"Golden Idol","floor":2,"gold_loss":0},{"cards_removed":["Strike_G"],"damage_healed":0,"gold_gain":0,"player_choice":"Forget","damage_taken":0,"max_hp_gain":0,"max_hp_loss":0,"event_name":"Living Wall","floor":3,"gold_loss":0},{"damage_healed":15,"gold_gain":0,"player_choice":"Healed","damage_taken":0,"max_hp_gain":0,"max_hp_loss":0,"event_name":"The Cleric","floor":8,"gold_loss":35},{"damage_healed":0,"gold_gain":0,"cards_transformed":["Strike_G","Strike_G"],"player_choice":"Became Test Subject","damage_taken":0,"max_hp_gain":0,"max_hp_loss":0,"event_name":"Drug Dealer","floor":19,"gold_loss":0,"cards_obtained":["Storm of Steel","Adrenaline"]},{"damage_healed":0,"gold_gain":0,"player_choice":"Obtained Book","damage_taken":21,"max_hp_gain":0,"max_hp_loss":0,"event_name":"Cursed Tome","floor":20,"gold_loss":0}],"is_beta":false,"boss_relics":[{"not_picked":["SacredBark","Ectoplasm"],"picked":"Empty Cage"}],"items_purged_floors":[],"is_endless":false,"potions_floor_spawned":[1,12,16,18],"killed_by":"Chosen","ascension_level":20}}