{"host":"7wi4qgm5yw4j7oz0","time":1614091917,"event":{"mods":["AchievementEnabler","BaseMod","Block Reminder","Colored Map","Colored Powertips","Highlight Path","Minty Spire (QoL Compilation)","Permanent Neow","Random Character Button","StSLib","SuperFastMode","everything is the same but u backflip on backflip"],"gold_per_floor":[119,138,149,167,182,182,197,217,217,142,142,176,18,32,32,109,109,127,143,161,161,161,161],"floor_reached":22,"language":"KOR","playtime":786,"items_purged":[],"score":355,"play_id":"3352ee31-6aee-4339-87ae-4c4263a073ac","local_time":"20210223235157","is_ascension_mode":true,"campfire_choices":[{"floor":6.0,"key":"REST"},{"floor":11.0,"key":"REST"},{"data":"Rampage","floor":15.0,"key":"SMITH"}],"circlet_count":0,"master_deck":["AscendersBane","Strike_R","Strike_R","Strike_R","Strike_R","Strike_R","Defend_R","Defend_R","Defend_R","Defend_R","Flex","Feel No Pain","Rampage+1","Shrug It Off","Pommel Strike","Cleave","Perfected Strike","Disarm","Double Tap","Bludgeon","Power Through","Decay"],"relics":["Burning Blood","NeowsBlessing","Pocketwatch","CaptainsWheel","Busted Crown"],"acts_visited":["Exordium","TheCity"],"potions_floor_usage":[18],"damage_taken":[{"damage":0.0,"enemies":"2 Louse","floor":1.0,"turns":1.0},{"damage":0.0,"enemies":"Jaw Worm","floor":2.0,"turns":1.0},{"damage":0.0,"enemies":"Small Slimes","floor":3.0,"turns":1.0},{"damage":30.0,"enemies":"2 Fungi Beasts","floor":4.0,"turns":5.0},{"damage":29.0,"enemies":"Large Slime","floor":5.0,"turns":7.0},{"damage":18.0,"enemies":"3 Louse","floor":7.0,"turns":4.0},{"damage":13.0,"enemies":"Looter","floor":8.0,"turns":4.0},{"damage":17.0,"enemies":"Lagavulin","floor":12.0,"turns":7.0},{"damage":7.0,"enemies":"Large Slime","floor":14.0,"turns":5.0},{"damage":29.0,"enemies":"Slime Boss","floor":16.0,"turns":10.0},{"damage":12,"enemies":"3 Byrds","floor":18,"turns":5},{"damage":5,"enemies":"Spheric Guardian","floor":19,"turns":4},{"damage":35,"enemies":"Centurion and Healer","floor":20,"turns":5},{"damage":27,"enemies":"Snake Plant","floor":22,"turns":4}],"seed_played":"3437516946695408147","potions_obtained":[{"floor":3.0,"key":"Energy Potion"},{"floor":4.0,"key":"Swift Potion"},{"floor":16.0,"key":"DuplicationPotion"}],"is_trial":false,"path_per_floor":["M","M","M","M","M","R","M","M","T","?","R","E","$","M","R","B",null,"M","M","M","?","M"],"character_chosen":"IRONCLAD","items_purchased":["Double Tap"],"campfire_rested":2,"item_purchase_floors":[13],"current_hp_per_floor":[74,75,75,51,28,50,38,31,31,31,53,42,42,41,41,18,61,55,56,27,27,0,0],"gold":161,"neow_bonus":"THREE_ENEMY_KILL","is_daily":false,"chose_seed":false,"campfire_upgraded":1,"win_rate":0.0,"timestamp":1614091917,"path_taken":["M","M","M","M","M","R","M","M","T","?","R","E","$","M","R","BOSS","M","M","M","?","M"],"items_purchased_type":["Card"],"build_version":"2020-12-22","purchased_purges":0,"victory":false,"max_hp_per_floor":[75,75,75,75,75,75,75,75,75,75,75,75,75,75,75,75,75,75,75,75,75,75,75],"card_choices":[{"not_picked":["Armaments","Clash"],"picked":"Flex","floor":1.0},{"not_picked":["Burning Pact","Clash"],"picked":"Feel No Pain","floor":2.0},{"not_picked":["Thunderclap","Cleave"],"picked":"Rampage","floor":3.0},{"not_picked":["Sentinel","Sword Boomerang"],"picked":"Shrug It Off","floor":4.0},{"not_picked":["Anger","Inflame"],"picked":"Pommel Strike","floor":5.0},{"not_picked":["Combust","Uppercut"],"picked":"Cleave","floor":7.0},{"not_picked":["Reckless Charge","Blood for Blood"],"picked":"Perfected Strike","floor":8.0},{"not_picked":["Metallicize","Combust"],"picked":"Disarm","floor":12.0},{"not_picked":["Clothesline","Blood for Blood","Dual Wield"],"picked":"SKIP","floor":14.0},{"not_picked":["Exhume","Demon Form"],"picked":"Bludgeon","floor":16.0},{"not_picked":[],"picked":"Power Through","floor":18},{"not_picked":["Sever Soul"],"picked":"SKIP","floor":19},{"not_picked":["Flex"],"picked":"SKIP","floor":20}],"player_experience":359520,"relics_obtained":[{"floor":9.0,"key":"Pocketwatch"},{"floor":12.0,"key":"CaptainsWheel"}],"event_choices":[{"cards_removed":["Bash"],"damage_healed":0.0,"max_hp_gain":0.0,"max_hp_loss":0.0,"gold_gain":0.0,"event_name":"The Cleric","player_choice":"Card Removal","floor":10.0,"gold_loss":75.0,"damage_taken":0.0},{"damage_healed":0,"gold_gain":0,"player_choice":"Smashed Altar","damage_taken":0,"max_hp_gain":0,"max_hp_loss":0,"event_name":"Forgotten Altar","floor":21,"gold_loss":0,"cards_obtained":["Decay"]}],"is_beta":false,"boss_relics":[{"not_picked":["SlaversCollar","Empty Cage"],"picked":"Busted Crown"}],"items_purged_floors":[],"is_endless":false,"potions_floor_spawned":[3,4,5,8,16],"killed_by":"Snake Plant","ascension_level":17}}