{"host":"ssviq0y9yg8c9gbe","time":1614058315,"event":{"mods":["AchievementEnabler","Act Like it!","BaseMod","Colored Map","Colored Powertips","Highlight Path","Hubris","Minty Spire (QoL Compilation)","Replay The Spire","StSLib"],"gold_per_floor":[119,119,219,239,258,294,294,313,313,275,275,312,337,347,347,450,450,470,479,500,519,432,432,453,453,453],"floor_reached":25,"language":"ENG","playtime":956,"items_purged":[],"score":247,"play_id":"2f5fe683-99bf-4c54-968b-9dc01a34db5d","local_time":"20210223003155","is_ascension_mode":true,"campfire_choices":[{"floor":7,"key":"REST"},{"floor":11,"key":"REST"},{"floor":15,"key":"REST"},{"floor":23,"key":"REST"}],"circlet_count":0,"master_deck":["Strike_G","Strike_G+1","Strike_G","Strike_G","Strike_G","Defend_G","Defend_G","Defend_G+1","Defend_G","Defend_G","Survivor","Neutralize","Dagger Spray","Flying Knee","Deadly Poison","Poisoned Stab","Caltrops","Poisoned Stab","Blade Dance","Quick Slash","Cloak And Dagger","Flying Knee","Acrobatics","Outmaneuver+1","Heel Hook","Footwork","Acrobatics"],"relics":["Ring of the Snake","CeramicFish","Simple Rune","Boot","Philosopher\u0027s Stone"],"acts_visited":["Exordium","TheCity"],"potions_floor_usage":[6,16,16,18,24,25],"damage_taken":[{"damage":4,"enemies":"Cultist","floor":1,"turns":4},{"damage":1,"enemies":"2 Louse","floor":4,"turns":3},{"damage":9,"enemies":"Jaw Worm","floor":5,"turns":4},{"damage":29,"enemies":"3 Sentries","floor":6,"turns":8},{"damage":7,"enemies":"Red Slaver","floor":8,"turns":3},{"damage":27,"enemies":"Lagavulin","floor":12,"turns":5},{"damage":11,"enemies":"Looter","floor":13,"turns":3},{"damage":4,"enemies":"Lots of Slimes","floor":14,"turns":2},{"damage":31,"enemies":"The Guardian","floor":16,"turns":9},{"damage":0,"enemies":"3 Byrds","floor":18,"turns":3},{"damage":19,"enemies":"2 Thieves","floor":20,"turns":3},{"damage":23,"enemies":"Snake Plant","floor":21,"turns":4},{"damage":35,"enemies":"Cultist and Chosen","floor":24,"turns":8},{"damage":16,"enemies":"Shelled Parasite and Fungi","floor":25,"turns":2}],"seed_played":"-8715472524652094264","potions_obtained":[{"floor":4,"key":"Fire Potion"},{"floor":8,"key":"Weak Potion"},{"floor":12,"key":"SneckoOil"},{"floor":13,"key":"Reflective Coating"},{"floor":16,"key":"Dexterity Potion"},{"floor":21,"key":"SkillPotion"}],"is_trial":false,"path_per_floor":["M","$","?","M","M","E","R","M","T","$","R","E","M","M","R","B",null,"M","?","M","M","$","R","M","M"],"character_chosen":"THE_SILENT","items_purchased":["Poisoned Stab","Heel Hook","Footwork"],"campfire_rested":4,"item_purchase_floors":[10,22,22],"current_hp_per_floor":[66,66,66,65,56,27,48,41,41,41,62,35,24,20,41,10,70,70,70,51,28,28,49,14,0,0],"gold":453,"neow_bonus":"RANDOM_COMMON_RELIC","is_daily":false,"chose_seed":false,"campfire_upgraded":0,"win_rate":0.0,"timestamp":1614058315,"path_taken":["M","?","?","M","M","E","R","M","T","$","R","E","?","M","R","BOSS","M","?","?","M","$","R","M","M"],"items_purchased_type":["Card","Card","Card"],"build_version":"2020-12-22","purchased_purges":0,"victory":false,"max_hp_per_floor":[70,70,70,70,70,70,70,70,70,70,70,70,70,70,70,70,70,70,70,70,70,70,70,70,70,70],"card_choices":[{"not_picked":["Footwork","Dagger Throw"],"picked":"Dagger Spray","floor":1},{"not_picked":["Backflip","Underhanded Strike"],"picked":"Flying Knee","floor":4},{"not_picked":["Fluid Movement","hubris:TrickCloak"],"picked":"Deadly Poison","floor":5},{"not_picked":["Dagger Spray","Blur"],"picked":"Poisoned Stab","floor":6},{"not_picked":["PiercingWail","hubris:SlightOfHand"],"picked":"Caltrops","floor":8},{"not_picked":["Infinite Blades","PiercingWail"],"picked":"Blade Dance","floor":12},{"not_picked":["Corpse Explosion","ReplayTheSpireMod:Exploit Weakness"],"picked":"Quick Slash","floor":13},{"not_picked":["Underhanded Strike","PiercingWail","Predator"],"picked":"SKIP","floor":14},{"not_picked":["Flying Knee","Well Laid Plans"],"picked":"Cloak And Dagger","floor":18},{"not_picked":["ReplayTheSpireMod:The Works+1","Underhanded Strike+1"],"picked":"Acrobatics","floor":20},{"not_picked":["Eviscerate","Deadly Poison"],"picked":"Outmaneuver+1","floor":21},{"not_picked":["Reflex","Predator"],"picked":"Acrobatics","floor":24}],"player_experience":252781,"relics_obtained":[{"floor":6,"key":"Simple Rune"},{"floor":12,"key":"Boot"}],"event_choices":[{"damage_healed":0,"gold_gain":100,"player_choice":"Pray","damage_taken":0,"max_hp_gain":0,"max_hp_loss":0,"event_name":"Golden Shrine","floor":3,"gold_loss":0},{"damage_healed":0,"gold_gain":0,"player_choice":"Copied","damage_taken":0,"max_hp_gain":0,"max_hp_loss":0,"event_name":"Duplicator","floor":19,"gold_loss":0,"cards_obtained":["Flying Knee"]}],"is_beta":false,"boss_relics":[{"not_picked":["hubris:Stopwatch","Snecko Eye"],"picked":"Philosopher\u0027s Stone"}],"items_purged_floors":[],"is_endless":false,"potions_floor_spawned":[4,8,12,13,16,21],"killed_by":"Shelled Parasite and Fungi","ascension_level":3}}