{"host":"rm0ctv8qd8mnbkg1","time":1614092503,"event":{"mods":["Aspiration","BaseMod","Beaked The Cultist","BetterRewards","Colored Map","DNKmod","Dark Map","Defuse TimeMaze Blight","Downfall","Friendly Minions","Hubris","Marisa????????","Minty Spire (QoL Compilation)","MostiFishMod","Permanent Neow","Rare Cards Sparkle","Relic Sorter","Reliquary","Replay The Spire","RumiaBox-????????","Shade Mod","Shop Mod","Spicy Shops","Spire Arcade","StSLib","The Construct","The Servant 0.9.4","TheVacant","Wandering Minibosses","[IsaacMod]????","??????REMEMod"],"gold_per_floor":[10015,8740,8760,8777,8777,8777,8382,8382,8409,8409,8409,8409,8425,7948,7948,7960,7960,8062,8062,8078,8094,8111,8137,8137,8137,8168,7849,7872,7882,7882,7505,7524,7542,7542,7646,7646,7659,7659,7659,7672,7690,7723,7733,7733,7733,6748,6765,5656,5759,5402,5402,5450],"floor_reached":53,"language":"ENG","playtime":1346,"items_purged":["hubris:Compulsion","Pride"],"score":1253,"play_id":"75788e04-beb9-4890-ab49-b28f96f77a55","local_time":"20210223150143","is_ascension_mode":true,"campfire_choices":[{"data":"ReplayTheSpireMod:Speed Training","floor":8,"key":"SMITH"},{"data":"A Thousand Cuts","floor":10,"key":"SMITH"},{"data":"Riddle With Holes","floor":12,"key":"SMITH"},{"data":"Accuracy","floor":15,"key":"SMITH"},{"data":"REME_ShadowStrike","floor":17,"key":"SMITH"},{"data":"MostiFishMod:Neurotoxin","floor":25,"key":"SMITH"},{"data":"hubris:Sniper","floor":30,"key":"SMITH"},{"data":"Noxious Fumes","floor":34,"key":"SMITH"},{"data":"MostiFishMod:HiddenBlade","floor":44,"key":"SMITH"},{"data":"Bouncing Flask","floor":51,"key":"SMITH"}],"circlet_count":0,"master_deck":["Strike_G","Strike_G","Strike_G","Strike_G+1","Strike_G","Defend_G+1","Defend_G+1","Defend_G","Defend_G","Defend_G","Survivor","Neutralize+1","construct:GatlingGun+1","Backstab","A Thousand Cuts+1","REME_ShadowStrike+1","Poisoned Strike","ReplayTheSpireMod:Shiv Toss+1","ReplayTheSpireMod:Speed Training+1","Footwork","Poisoned Stab","Riddle With Holes+1","Infinite Blades+1","Accuracy+1","Dodge and Roll","Glass Knife+1","Hidden Blade","ReplayTheSpireMod:From All Sides","MostiFishMod:Neurotoxin+1","hubris:Sniper+1","Finisher","Outmaneuver+1","Hidden Blade+1","Hidden Blade+1","Blade Dance+1","Slice","Noxious Fumes+1","Bane+1","MostiFishMod:PerfectParry+1","Noxious Fumes+1","MostiFishMod:HiddenBlade+1","MostiFishMod:WinterMarkForm","Blade Dance+1","REME_GreenPollution","Poisoned Stab+1","Poisoned Stab","Dagger Spray","Deadly Poison+1","Footwork+1","Cloak And Dagger+1","Toxin Wave","Bouncing Flask+1","Doubt","Blade Dance","Catalyst","Panache+1","Panache+1"],"relics":["Ring of the Snake","REME_ComplimentaryCards","DaveBox","HushsDoor","YumHeart","BirthdayGift-Tetrahedron","aspiration:Nostalgia","beaked:MendingPlumage","ReplayTheSpireMod:CursedCoin","Frozen Eye","Mirror","Bottled Flame","TuHaoJin","Membership Card","Shuriken","Guardian:GemstoneGun","reliquary:PartyBalloon","Bottled Tornado","champ:Barbells","reliquary:ExpiredCoupon","ChiXiaoBlade","Red Mask","Potion Belt","Sling","Oddly Smooth Stone","reliquary:Stiletto","hubris:EmptyBottle","construct:BoolHorns","reliquary:Buckler","SSSystem","Black Star","BargainBundle","hexamod:BolsterEngine","ZombieArmy","hubris:HerbalPaste","sneckomod:BlankCard","hubris:Metronome","The Courier","Ginger","Tough Bandages","reliquary:KillPill","LastBattle","Boot","Gremlin Food","Shuriken","TheAbacus","REME_HourglassOfDeath","reliquary:Knoch","Anchor","Replay:Multitool","BrkXgEgg","hubris:SlimyHat","aspiration:Lifesprig","Mummified Hand","Snake Skull","Byrd Skull","GodSword6","Replay:Rubber Ducky","bronze:BronzeIdol","REME_ArchaeologicalTools","ClockworkSouvenir","Replay:WaspNest","Dream Catcher","Snack Pack","REME_PuzzleBoxRelic","Mango","REME_PoisonedDagger","reliquary:BoilingFlask","BranchBurnRelic"],"acts_visited":["Exordium","TheCity","TheBeyond"],"potions_floor_usage":[],"damage_taken":[{"damage":2,"enemies":"Cultist","floor":1,"turns":2},{"damage":0,"enemies":"Small Slimes","floor":3,"turns":1},{"damage":0,"enemies":"Jaw Worm","floor":4,"turns":1},{"damage":0,"enemies":"Lagavulin","floor":9,"turns":1},{"damage":0,"enemies":"2 Fungi Beasts","floor":13,"turns":1},{"damage":0,"enemies":"Exordium Wildlife","floor":16,"turns":1},{"damage":2,"enemies":"The Guardian","floor":18,"turns":2},{"damage":0,"enemies":"Chosen","floor":20,"turns":1},{"damage":0,"enemies":"3 Byrds","floor":21,"turns":1},{"damage":0,"enemies":"Snecko","floor":22,"turns":1},{"damage":0,"enemies":"Masked Bandits","floor":23,"turns":1},{"damage":0,"enemies":"Book of Stabbing","floor":26,"turns":1},{"damage":1,"enemies":"Centurion and Healer","floor":29,"turns":1},{"damage":0,"enemies":"Shelled Parasite and Fungi","floor":32,"turns":1},{"damage":0,"enemies":"Sentry and Sphere","floor":33,"turns":1},{"damage":4,"enemies":"Automaton","floor":35,"turns":3},{"damage":0,"enemies":"Orb Walker","floor":37,"turns":1},{"damage":0,"enemies":"3 Darklings","floor":40,"turns":1},{"damage":0,"enemies":"Spire Growth","floor":41,"turns":1},{"damage":0,"enemies":"R_Hoarder","floor":42,"turns":1},{"damage":4,"enemies":"Transient","floor":43,"turns":3},{"damage":0,"enemies":"Writhing Mass","floor":47,"turns":1},{"damage":0,"enemies":"2 Orb Walkers","floor":49,"turns":1},{"damage":0,"enemies":"Time Eater","floor":52,"turns":2}],"seed_played":"-5520345418354537566","potions_obtained":[{"floor":18,"key":"bronze:BurnAndBuffPotion"},{"floor":22,"key":"FairyPotion"},{"floor":33,"key":"Adrenaline Potion"}],"is_trial":false,"path_per_floor":["M","$","M","M","PTL","PTL","$","R","E","R","T","R","M","$","R","M","R","B",null,"M","M","M","?","?","R","E","$","T","M","R","$","M","M","R","B",null,"M","?","$","M","M","E","M","R","T","$","M","$","?","$","R","B",null],"character_chosen":"THE_SILENT","items_purchased":["A Thousand Cuts","REME_ShadowStrike","ReplayTheSpireMod:CursedCoin","Frozen Eye","Mirror","Bottled Flame","TuHaoJin","Poisoned Strike","Membership Card","Footwork","Shuriken","Guardian:GemstoneGun","Poisoned Stab","Accuracy","Bottled Tornado","champ:Barbells","reliquary:ExpiredCoupon","Dodge and Roll","Glass Knife+1","MostiFishMod:Neurotoxin","hubris:Sniper","Finisher","Potion Belt","Sling","Oddly Smooth Stone","Noxious Fumes","Bane+1","hubris:EmptyBottle","construct:BoolHorns","reliquary:Buckler","SSSystem","MostiFishMod:WinterMarkForm","BargainBundle","hexamod:BolsterEngine","ZombieArmy","REME_GreenPollution","Poisoned Stab","Dagger Spray","hubris:HerbalPaste","sneckomod:BlankCard","hubris:Metronome","reliquary:KillPill","Bouncing Flask","LastBattle","Boot","Gremlin Food","Diplopia","TheAbacus","REME_HourglassOfDeath","reliquary:Knoch","Anchor","Replay:Multitool","BrkXgEgg","hubris:SlimyHat","aspiration:Lifesprig","Mummified Hand","Snake Skull","Catalyst","Byrd Skull","Panache+1","Panache+1","GodSword6","Replay:Rubber Ducky","bronze:BronzeIdol","REME_ArchaeologicalTools","ClockworkSouvenir","Replay:WaspNest","Dream Catcher","Snack Pack","REME_PuzzleBoxRelic","REME_PoisonedDagger","reliquary:BoilingFlask","Dead Branch","Fruit Juice"],"campfire_rested":0,"item_purchase_floors":[2,2,2,2,2,2,2,2,7,7,7,7,7,14,14,14,14,14,14,19,19,19,27,27,27,27,27,31,31,31,31,36,39,39,39,39,39,39,39,39,39,46,46,46,46,46,46,46,46,46,46,46,46,46,46,46,48,48,48,48,48,48,48,48,48,48,48,48,48,48,50,50,50,50],"current_hp_per_floor":[999,999,1000,1000,1000,1000,1000,1000,1000,1000,1000,1000,1000,1000,1000,1000,1000,1000,991,991,991,991,991,991,991,991,991,991,990,990,990,991,991,991,991,987,987,987,987,987,987,987,987,987,987,987,987,987,1001,1001,1001,1001],"gold":5450,"neow_bonus":"NOSTALGIA","is_daily":false,"chose_seed":false,"campfire_upgraded":10,"win_rate":0.0,"timestamp":1614092503,"path_taken":["M","$","M","M","PTL","PTL","?","R","E","R","T","R","?","$","R","M","R","BOSS","M","M","M","?","?","R","E","$","T","M","R","$","M","M","R","BOSS","M","?","$","M","M","E","M","R","T","?","?","$","?","$","R","BOSS"],"items_purchased_type":["Card","Card","Relic","Relic","Relic","Relic","Relic","Card","Relic","Card","Relic","Relic","Card","Card","Relic","Relic","Relic","Card","Card","Card","Card","Card","Relic","Relic","Relic","Card","Card","Relic","Relic","Relic","Relic","Card","Relic","Relic","Relic","Card","Card","Card","Relic","Relic","Relic","Relic","Card","Relic","Relic","Relic","Relic","Relic","Relic","Relic","Relic","Relic","Relic","Relic","Relic","Relic","Relic","Card","Relic","Card","Card","Relic","Relic","Relic","Relic","Relic","Relic","Relic","Relic","Relic","Relic","Relic","Relic","Potion"],"build_version":"2020-12-22","purchased_purges":2,"victory":true,"max_hp_per_floor":[1000,1000,1000,1000,1000,1000,1000,1000,1000,1000,1000,1000,1000,1000,1000,1000,1000,1000,991,991,991,991,991,991,991,991,991,991,991,991,991,991,991,991,991,987,987,987,987,987,987,987,987,987,987,987,987,987,1001,1001,1001,1001],"card_choices":[{"not_picked":["Underhanded Strike","Dagger Throw"],"picked":"Backstab","floor":1},{"not_picked":["Poisoned Stab","Dagger Spray"],"picked":"ReplayTheSpireMod:Shiv Toss","floor":3},{"not_picked":["Well Laid Plans","ReplayTheSpireMod:The Works"],"picked":"ReplayTheSpireMod:Speed Training","floor":4},{"not_picked":["Expertise","Bomb"],"picked":"Riddle With Holes","floor":9},{"not_picked":["hubris:Counter","Poisoned Stab"],"picked":"Infinite Blades","floor":13},{"not_picked":["Poisoned Stab","Eviscerate"],"picked":"Hidden Blade","floor":16},{"not_picked":["Burst","REME_ShadowForm"],"picked":"ReplayTheSpireMod:From All Sides","floor":18},{"not_picked":["Dagger Spray","Sucker Punch"],"picked":"Outmaneuver+1","floor":20},{"not_picked":["Outmaneuver","Sucker Punch"],"picked":"Hidden Blade+1","floor":21},{"not_picked":["PiercingWail","Slice+1"],"picked":"Hidden Blade+1","floor":22},{"not_picked":["Glass Knife","Bane+1"],"picked":"Blade Dance+1","floor":23},{"not_picked":["Bane+1","Acrobatics"],"picked":"Slice","floor":26},{"not_picked":["Escape Plan","Backflip"],"picked":"MostiFishMod:PerfectParry","floor":29},{"not_picked":["MostiFishMod:PerfectParry","Outmaneuver"],"picked":"Noxious Fumes","floor":32},{"not_picked":["Masterful Stab+1","Sucker Punch","Hidden Blade"],"picked":"SKIP","floor":33},{"not_picked":["Unload","ReplayTheSpireMod:From All Sides"],"picked":"MostiFishMod:HiddenBlade","floor":35},{"not_picked":["Deflect","Acrobatics"],"picked":"Blade Dance+1","floor":37},{"not_picked":["Blade Dance","hubris:Counter"],"picked":"Deadly Poison+1","floor":40},{"not_picked":["Bane+1","Deadly Poison"],"picked":"Footwork+1","floor":41},{"not_picked":["Distraction+1","ReplayTheSpireMod:Speed Training+1"],"picked":"Cloak And Dagger+1","floor":42},{"not_picked":["Outmaneuver","MostiFishMod:PoisonShield"],"picked":"Toxin Wave","floor":43},{"not_picked":["Flechettes","hubris:Counter"],"picked":"Blade Dance","floor":47}],"player_experience":402913,"relics_obtained":[{"floor":9,"key":"reliquary:PartyBalloon"},{"floor":23,"key":"Red Mask"},{"floor":28,"key":"reliquary:Stiletto"},{"floor":42,"key":"The Courier"},{"floor":42,"key":"Ginger"},{"floor":45,"key":"Tough Bandages"},{"floor":49,"key":"Mango"}],"event_choices":[{"damage_healed":0,"gold_gain":0,"player_choice":"Fought Bandits","damage_taken":0,"max_hp_gain":0,"max_hp_loss":0,"event_name":"Masked Bandits","floor":23,"gold_loss":0},{"damage_healed":0,"gold_gain":0,"player_choice":"Ignored","damage_taken":0,"max_hp_gain":0,"max_hp_loss":0,"event_name":"Vampires","floor":24,"gold_loss":0},{"damage_healed":0,"gold_gain":0,"player_choice":"Fight","damage_taken":0,"max_hp_gain":0,"max_hp_loss":0,"event_name":"Mysterious Sphere","floor":49,"gold_loss":0}],"is_beta":false,"boss_relics":[{"not_picked":["HereWithMe","hubris:CrackedHourglass"],"picked":"ChiXiaoBlade"},{"not_picked":[]},{"not_picked":["RhineFirstAidKit","REME_LowDesire"],"picked":"Black Star"},{"not_picked":[]}],"items_purged_floors":[2,31],"is_endless":false,"potions_floor_spawned":[4,9,18,22,23,26,32,33,41,42],"ascension_level":2}}