{"host":"lv3zv4svf9qrs9uo","time":1614068514,"event":{"mods":["AchievementEnabler","BaseMod","Minty Spire (QoL Compilation)","Relic Stats"],"gold_per_floor":[113,125,144,157,211,211,239,239,286,142,176,202,217,217,217,322,322,341,351,351,365,376,376,393,393,393,108,183,183,200,229,229,327,327,346,346,358,370,43,68,68,83,83,116,133,133,133,40,40,40],"floor_reached":51,"language":"ENG","playtime":9949,"items_purged":["Defend_P","Strike_P"],"score":991,"play_id":"e5e27734-7649-4f41-a2e1-71144d1b4da4","local_time":"20210223002154","is_ascension_mode":true,"campfire_choices":[{"data":"EmptyFist","floor":6.0,"key":"SMITH"},{"data":"Eruption","floor":8.0,"key":"SMITH"},{"data":"CrushJoints","floor":15.0,"key":"SMITH"},{"data":"Judgement","floor":23.0,"key":"SMITH"},{"data":"LessonLearned","floor":25.0,"key":"SMITH"},{"data":"Strike_P","floor":29.0,"key":"PURGE"},{"data":"Strike_P","floor":32.0,"key":"PURGE"},{"data":"Ragnarok","floor":41,"key":"SMITH"},{"data":"LessonLearned+1","floor":47,"key":"PURGE"},{"data":"Judgement+1","floor":49,"key":"PURGE"}],"circlet_count":0,"master_deck":["Defend_P","Defend_P+1","Defend_P+1","Eruption+1","Vigilance","CrushJoints+1","ThirdEye+1","ClearTheMind+1","EmptyFist+1","FlurryOfBlows+1","Ragnarok+1","MentalFortress+1","Sanctity","BowlingBash+1","Fasting2+1","MentalFortress+1","Vault+1","ConjureBlade","Adaptation+1","Meditate","SashWhip+1","Tantrum+1","Establishment","Meditate","EmptyFist+1"],"relics":["Velvet Choker","Anchor","Akabeko","Happy Flower","Omamori","Tiny Chest","Cursed Key","Kunai","Peace Pipe","Bottled Flame","Runic Pyramid","Molten Egg 2","Frozen Eye","Eternal Feather","Regal Pillow"],"acts_visited":["Exordium","TheCity","TheBeyond"],"potions_floor_usage":[50,50],"damage_taken":[{"damage":0.0,"enemies":"Cultist","floor":1.0,"turns":2.0},{"damage":0.0,"enemies":"Jaw Worm","floor":2.0,"turns":2.0},{"damage":0.0,"enemies":"Small Slimes","floor":3.0,"turns":2.0},{"damage":0.0,"enemies":"2 Fungi Beasts","floor":4.0,"turns":2.0},{"damage":17.0,"enemies":"Gremlin Nob","floor":7.0,"turns":4.0},{"damage":0.0,"enemies":"Lagavulin","floor":11.0,"turns":3.0},{"damage":0.0,"enemies":"3 Louse","floor":13.0,"turns":1.0},{"damage":19.0,"enemies":"Hexaghost","floor":16.0,"turns":9.0},{"damage":1.0,"enemies":"Shell Parasite","floor":18.0,"turns":4.0},{"damage":0.0,"enemies":"3 Byrds","floor":19.0,"turns":3.0},{"damage":1.0,"enemies":"Centurion and Healer","floor":21.0,"turns":6.0},{"damage":0.0,"enemies":"Snake Plant","floor":22.0,"turns":2.0},{"damage":10.0,"enemies":"Snecko","floor":24.0,"turns":4.0},{"damage":5.0,"enemies":"Centurion and Healer","floor":30.0,"turns":5.0},{"damage":2.0,"enemies":"Slavers","floor":31.0,"turns":3.0},{"damage":11.0,"enemies":"Collector","floor":33.0,"turns":5.0},{"damage":0.0,"enemies":"3 Darklings","floor":35.0,"turns":3.0},{"damage":12.0,"enemies":"3 Shapes","floor":37.0,"turns":5.0},{"damage":28.0,"enemies":"Writhing Mass","floor":38.0,"turns":6.0},{"damage":7,"enemies":"Nemesis","floor":40,"turns":3},{"damage":3,"enemies":"Jaw Worm Horde","floor":42,"turns":4},{"damage":1,"enemies":"Reptomancer","floor":44,"turns":5},{"damage":0,"enemies":"Maw","floor":45,"turns":6},{"damage":0,"enemies":"Time Eater","floor":50,"turns":7}],"seed_played":"-984661808354176684","potions_obtained":[{"floor":3.0,"key":"LiquidMemories"},{"floor":4.0,"key":"PowerPotion"},{"floor":11.0,"key":"ColorlessPotion"},{"floor":13.0,"key":"GamblersBrew"},{"floor":30.0,"key":"AttackPotion"},{"floor":33.0,"key":"Regen Potion"},{"floor":35.0,"key":"Dexterity Potion"},{"floor":40,"key":"Energy Potion"}],"is_trial":false,"path_per_floor":["M","M","M","M","T","R","E","R","T","$","E","T","M","?","R","B",null,"M","M","?","M","M","R","M","R","T","$","?","R","M","E","R","B",null,"M","T","M","M","$","E","R","M","T","E","M","?","R","$","R","B",null],"character_chosen":"WATCHER","items_purchased":["Ragnarok","Peace Pipe","Meditate","Frozen Eye","Meditate","EmptyFist+1"],"campfire_rested":0,"item_purchase_floors":[10,27,39,39,48,48],"current_hp_per_floor":[65,65,65,65,65,65,48,48,48,48,48,48,48,41,41,22,60,59,59,59,58,58,58,48,48,48,48,41,41,36,34,34,23,60,60,60,48,35,35,28,40,37,37,36,36,36,51,51,66,66],"gold":40,"neow_bonus":"BOSS_RELIC","is_daily":false,"chose_seed":false,"campfire_upgraded":6,"win_rate":0.0,"timestamp":1614068514,"path_taken":["M","M","M","M","?","R","E","R","T","$","E","?","M","?","R","BOSS","M","M","?","M","M","R","M","R","T","$","?","R","M","E","R","BOSS","M","?","M","M","$","E","R","M","T","E","M","?","R","$","R","BOSS"],"items_purchased_type":["Card","Relic","Card","Relic","Card","Card"],"build_version":"2020-12-22","purchased_purges":2,"victory":true,"max_hp_per_floor":[72,72,72,72,72,72,72,72,72,72,72,72,72,72,72,72,72,72,72,72,72,72,72,72,72,72,72,72,72,72,72,72,72,72,72,72,72,72,72,72,72,72,72,72,72,72,72,72,72,72],"relic_stats":{"Peace Pipe":6,"Regal Pillow":0,"Happy Flower":[28],"counters":[24,96],"Tiny Chest":1,"Eternal Feather":42,"Kunai":[13],"Cursed Key":2,"obtain_stats":[{"Regal Pillow":44,"Happy Flower":9,"Velvet Choker":0,"Eternal Feather":40,"Omamori":11,"Cursed Key":17,"Akabeko":7,"Peace Pipe":27,"Frozen Eye":39,"Anchor":5,"Bottled Flame":31,"Tiny Chest":12,"Molten Egg 2":36,"Kunai":26,"PureWater":0,"Runic Pyramid":34},{"Regal Pillow":22,"Happy Flower":5,"Velvet Choker":0,"Eternal Feather":20,"Omamori":6,"Cursed Key":8,"Akabeko":5,"Peace Pipe":13,"Frozen Eye":19,"Anchor":4,"Bottled Flame":15,"Tiny Chest":6,"Molten Egg 2":17,"Kunai":13,"PureWater":0,"Runic Pyramid":16},{"Regal Pillow":83,"Happy Flower":12,"Velvet Choker":0,"Eternal Feather":74,"Omamori":15,"Cursed Key":25,"Akabeko":12,"Peace Pipe":44,"Frozen Eye":71,"Anchor":8,"Bottled Flame":52,"Tiny Chest":15,"Molten Egg 2":60,"Kunai":44,"PureWater":0,"Runic Pyramid":57}]},"card_choices":[{"not_picked":["InnerPeace","ClearTheMind"],"picked":"CrushJoints","floor":1.0},{"not_picked":["WreathOfFlame","SashWhip"],"picked":"ThirdEye","floor":2.0},{"not_picked":["Collect","ThirdEye"],"picked":"ClearTheMind","floor":3.0},{"not_picked":["CrushJoints","Protect"],"picked":"EmptyFist","floor":4.0},{"not_picked":["ThirdEye","FlyingSleeves"],"picked":"FlurryOfBlows","floor":7.0},{"not_picked":["SandsOfTime","EmptyFist"],"picked":"MentalFortress","floor":11.0},{"not_picked":["FollowUp","SandsOfTime"],"picked":"Sanctity","floor":13.0},{"not_picked":["Brilliance","DeusExMachina"],"picked":"Judgement","floor":16.0},{"not_picked":["Swivel","SignatureMove","FlyingSleeves"],"picked":"SKIP","floor":18.0},{"not_picked":["Consecrate+1","ThirdEye"],"picked":"BowlingBash+1","floor":19.0},{"not_picked":["FollowUp","Nirvana"],"picked":"Pray","floor":21.0},{"not_picked":["SignatureMove","CrushJoints"],"picked":"Fasting2+1","floor":22.0},{"not_picked":["Swivel","CutThroughFate"],"picked":"LessonLearned","floor":24.0},{"not_picked":["FollowUp","Conclude"],"picked":"MentalFortress","floor":30.0},{"not_picked":["Study","CutThroughFate"],"picked":"Vault","floor":31.0},{"not_picked":["Judgement","Omniscience"],"picked":"ConjureBlade","floor":33.0},{"not_picked":["Consecrate","JustLucky+1","Crescendo"],"picked":"SKIP","floor":35.0},{"not_picked":["FlyingSleeves+1","CrushJoints+1"],"picked":"Adaptation+1","floor":37.0},{"not_picked":["CrushJoints+1","Collect","Consecrate+1"],"picked":"SKIP","floor":38.0},{"not_picked":["Establishment","Evaluate+1"],"picked":"SashWhip+1","floor":40},{"not_picked":["EmptyFist+1","Prostrate","FlyingSleeves+1"],"picked":"SKIP","floor":42},{"not_picked":["FlyingSleeves+1","BowlingBash+1","Collect+1"],"picked":"SKIP","floor":44},{"not_picked":["Nirvana+1","FlurryOfBlows+1"],"picked":"Tantrum+1","floor":45}],"player_experience":673442,"relics_obtained":[{"floor":5.0,"key":"Anchor"},{"floor":7.0,"key":"Akabeko"},{"floor":9.0,"key":"Happy Flower"},{"floor":11.0,"key":"Omamori"},{"floor":12.0,"key":"Tiny Chest"},{"floor":26.0,"key":"Kunai"},{"floor":31.0,"key":"Bottled Flame"},{"floor":36.0,"key":"Molten Egg 2"},{"floor":40,"key":"Eternal Feather"},{"floor":44,"key":"Regal Pillow"}],"event_choices":[{"cards_removed":["Strike_P"],"damage_healed":0.0,"max_hp_gain":0.0,"max_hp_loss":0.0,"gold_gain":0.0,"event_name":"Golden Wing","player_choice":"Card Removal","floor":14.0,"gold_loss":0.0,"damage_taken":7.0},{"damage_healed":0.0,"max_hp_gain":0.0,"max_hp_loss":0.0,"gold_gain":0.0,"event_name":"Vampires","player_choice":"Ignored","floor":20.0,"gold_loss":0.0,"damage_taken":0.0},{"damage_healed":0.0,"max_hp_gain":0.0,"max_hp_loss":0.0,"gold_gain":75.0,"event_name":"FaceTrader","player_choice":"Touch","floor":28.0,"gold_loss":0.0,"damage_taken":7.0},{"damage_healed":0,"gold_gain":0,"cards_transformed":["Pray"],"player_choice":"Transformed","damage_taken":0,"max_hp_gain":0,"max_hp_loss":0,"event_name":"Transmorgrifier","floor":46,"gold_loss":0,"cards_obtained":["Establishment"]}],"is_beta":false,"boss_relics":[{"not_picked":["Empty Cage","Busted Crown"],"picked":"Cursed Key"},{"not_picked":["Pandora\u0027s Box","Snecko Eye"],"picked":"Runic Pyramid"}],"items_purged_floors":[10,39],"is_endless":false,"potions_floor_spawned":[3,4,11,13,19,30,33,35,40],"ascension_level":6}}