{"host":"y4fuci1jk2rsxnep","time":1614102180,"event":{"mods":["AchievementEnabler","BaseMod","Colored Powertips","Custom Start","Defuse TimeMaze Blight","Dio Mod","Downfall","Hermit","Hero for Fun","Hubris","Hunter ??","Infinite Spire","Minty Spire (QoL Compilation)","Quick Restart","Reliquary","Remove Card Discount Mod","Replay The Spire","StSLib","The Blackbeard","The Bug Knight","The Mystic","The Runesmith"],"gold_per_floor":[119,137,137,151,151,186,156,217,244,261,278,278,278],"floor_reached":12,"language":"ENG","playtime":1361,"items_purged":[],"score":80,"play_id":"bce42c91-c2fc-43e8-b77c-78182c790bed","local_time":"20210223184300","is_ascension_mode":false,"campfire_choices":[],"circlet_count":0,"master_deck":["dioMod:Strike","dioMod:Strike","Bite","dioMod:Defend","dioMod:Defend","dioMod:Defend","dioMod:Defend","dioMod:DaggerToss","dioMod:DisarmingVoice","dioMod:FlyAway","dioMod:Freeze","dioMod:TripleThreat","dioMod:Roundabout","dioMod:CutDeep","dioMod:ZaWarudo","dioMod:BloodShield"],"relics":["dioMod:VampireBlood","reliquary:RoseTintedGlasses","White Beast Statue","Replay:Rubber Ducky","Orichalcum"],"acts_visited":["Exordium"],"potions_floor_usage":[6,8,12,12,12],"damage_taken":[{"damage":3,"enemies":"2 Louse","floor":1,"turns":2},{"damage":5,"enemies":"Jaw Worm","floor":2,"turns":11},{"damage":3,"enemies":"Small Slimes","floor":4,"turns":3},{"damage":14,"enemies":"Replay:BlueRogue","floor":6,"turns":15},{"damage":4,"enemies":"Looter","floor":7,"turns":4},{"damage":55,"enemies":"Gremlin Nob","floor":8,"turns":7},{"damage":0,"enemies":"2 Fungi Beasts","floor":10,"turns":5},{"damage":17,"enemies":"Exordium Wildlife","floor":11,"turns":10},{"damage":39,"enemies":"Gremlin Nob","floor":12,"turns":7}],"seed_played":"9019529921138591068","potions_obtained":[{"floor":1,"key":"dioMod:HumanBlood"},{"floor":2,"key":"Block Potion"},{"floor":7,"key":"Adrenaline Potion"},{"floor":8,"key":"GamblersBrew"},{"floor":10,"key":"Adrenaline Potion"},{"floor":11,"key":"LiquidMemories"}],"is_trial":false,"path_per_floor":["M","M","?","M","?","E","M","?","T","M","M","E"],"character_chosen":"THE_DEFAULT","items_purchased":[],"campfire_rested":0,"item_purchase_floors":[],"current_hp_per_floor":[57,67,67,74,74,69,67,24,24,34,29,0,0],"gold":278,"neow_bonus":"TRANSFORM_TWO_CARDS","is_daily":false,"chose_seed":false,"campfire_upgraded":0,"win_rate":0.0,"timestamp":1614102180,"path_taken":["M","M","?","M","?","E","M","?","T","M","M","E"],"items_purchased_type":[],"build_version":"2020-12-22","purchased_purges":0,"victory":false,"max_hp_per_floor":[75,75,75,75,75,75,75,75,75,75,75,75,75],"card_choices":[{"not_picked":["dioMod:DaggerToss","dioMod:BloodSplash"],"picked":"dioMod:FlyAway","floor":1},{"not_picked":["dioMod:DisarmingVoice","dioMod:TripleThreat","dioMod:WRYYY"],"picked":"SKIP","floor":2},{"not_picked":["dioMod:FlyAway","dioMod:BloodShield"],"picked":"dioMod:TripleThreat","floor":4},{"not_picked":["dioMod:BlendIn","dioMod:Muda"],"picked":"dioMod:Roundabout","floor":6},{"not_picked":["dioMod:Freeze","dioMod:DaggerToss"],"picked":"dioMod:CutDeep","floor":7},{"not_picked":["dioMod:BloodShield","dioMod:DaggerToss"],"picked":"dioMod:ZaWarudo","floor":8},{"not_picked":["dioMod:VengefulMuda","dioMod:DaggerToss","dioMod:BlendIn"],"picked":"SKIP","floor":10},{"not_picked":["dioMod:BloodSuck","dioMod:ComposedMuda"],"picked":"dioMod:BloodShield","floor":11}],"player_experience":699870,"relics_obtained":[{"floor":5,"key":"reliquary:RoseTintedGlasses"},{"floor":6,"key":"White Beast Statue"},{"floor":8,"key":"Replay:Rubber Ducky"},{"floor":9,"key":"Orichalcum"}],"event_choices":[{"damage_healed":0,"gold_gain":0,"player_choice":"Searched \u00271\u0027 times","damage_taken":0,"max_hp_gain":0,"max_hp_loss":0,"event_name":"Dead Adventurer","floor":8,"gold_loss":0}],"is_beta":false,"boss_relics":[],"items_purged_floors":[],"is_endless":false,"potions_floor_spawned":[1,2,7,8,10,11],"killed_by":"Gremlin Nob","ascension_level":0}}