{"host":"s229x1smnerk6mew","time":1614071807,"event":{"mods":["BaseMod","Bestiary","Minty Spire (QoL Compilation)","Relic Stats"],"gold_per_floor":[19,30,30,45,61,93,109,109,155,190,205,205,220,145,145,145,145],"floor_reached":16,"language":"ENG","playtime":925,"items_purged":[],"score":228,"play_id":"4730b035-9e12-48e1-9f7d-9e263eb39ae4","local_time":"20210223201647","is_ascension_mode":true,"campfire_choices":[{"data":"Poisoned Stab","floor":8,"key":"SMITH"},{"floor":12,"key":"REST"},{"data":"Crippling Poison","floor":15,"key":"SMITH"}],"circlet_count":0,"master_deck":["AscendersBane","Strike_G","Strike_G","Defend_G","Defend_G","Defend_G","Defend_G","Survivor","Neutralize","Leg Sweep","Crippling Poison+1","Masterful Stab","Dagger Throw","Poisoned Stab+1","Backstab","Cloak And Dagger"],"relics":["Ring of the Snake","Letter Opener","MealTicket","Pantograph"],"acts_visited":["Exordium"],"potions_floor_usage":[6,10,16],"damage_taken":[{"damage":0,"enemies":"Cultist","floor":1,"turns":5},{"damage":1,"enemies":"Small Slimes","floor":2,"turns":5},{"damage":0,"enemies":"Jaw Worm","floor":4,"turns":4},{"damage":0,"enemies":"2 Fungi Beasts","floor":5,"turns":3},{"damage":26,"enemies":"Lagavulin","floor":6,"turns":6},{"damage":0,"enemies":"Blue Slaver","floor":7,"turns":3},{"damage":24,"enemies":"3 Sentries","floor":10,"turns":10},{"damage":0,"enemies":"Lots of Slimes","floor":11,"turns":3},{"damage":0,"enemies":"Exordium Thugs","floor":13,"turns":4},{"damage":55,"enemies":"Hexaghost","floor":16,"turns":11}],"seed_played":"-7165921146268823390","potions_obtained":[{"floor":1,"key":"LiquidBronze"},{"floor":2,"key":"Weak Potion"},{"floor":7,"key":"Poison Potion"}],"is_trial":false,"path_per_floor":["M","M","?","M","M","E","M","R","T","E","M","R","M","?","R","B"],"character_chosen":"THE_SILENT","items_purchased":[],"campfire_rested":1,"item_purchase_floors":[],"current_hp_per_floor":[59,58,58,58,58,32,32,32,32,8,8,27,27,27,27,0,0],"gold":145,"neow_bonus":"REMOVE_TWO","is_daily":false,"chose_seed":false,"campfire_upgraded":2,"win_rate":0.0,"timestamp":1614071807,"path_taken":["M","M","?","M","M","E","M","R","T","E","M","R","M","?","R","BOSS"],"items_purchased_type":[],"build_version":"2020-12-22","purchased_purges":0,"victory":false,"max_hp_per_floor":[66,66,66,66,66,66,66,66,66,66,66,66,66,66,66,66,66],"relic_stats":{"counters":[10,54],"Pantograph":25,"MealTicket":0,"Letter Opener":[0],"obtain_stats":[{"Pantograph":10,"MealTicket":9,"Letter Opener":6,"Ring of the Snake":0},{"Pantograph":7,"MealTicket":6,"Letter Opener":5,"Ring of the Snake":0},{"Pantograph":36,"MealTicket":26,"Letter Opener":23,"Ring of the Snake":0}],"Ring of the Snake":[20]},"card_choices":[{"not_picked":["Accuracy","Slice"],"picked":"Leg Sweep","floor":1},{"not_picked":["Outmaneuver","Prepared"],"picked":"Crippling Poison","floor":2},{"not_picked":["Flying Knee","Underhanded Strike"],"picked":"Dagger Throw","floor":4},{"not_picked":["Dodge and Roll","Flying Knee"],"picked":"Poisoned Stab","floor":5},{"not_picked":["Prepared","Backflip"],"picked":"Backstab","floor":6},{"not_picked":["Bane","Flying Knee","Finisher"],"picked":"SKIP","floor":7},{"not_picked":["Bane","Deflect"],"picked":"Cloak And Dagger","floor":10},{"not_picked":["Acrobatics","Dagger Spray","Footwork"],"picked":"SKIP","floor":11},{"not_picked":["Expertise","Accuracy","Quick Slash"],"picked":"SKIP","floor":13}],"player_experience":2094602,"relics_obtained":[{"floor":6,"key":"Letter Opener"},{"floor":9,"key":"MealTicket"},{"floor":10,"key":"Pantograph"}],"event_choices":[{"damage_healed":0,"gold_gain":0,"cards_transformed":["Strike_G"],"player_choice":"Change","damage_taken":0,"max_hp_gain":0,"max_hp_loss":0,"event_name":"Living Wall","floor":3,"gold_loss":0,"cards_obtained":["Masterful Stab"]},{"cards_removed":["Strike_G"],"damage_healed":0,"gold_gain":0,"player_choice":"Card Removal","damage_taken":0,"max_hp_gain":0,"max_hp_loss":0,"event_name":"The Cleric","floor":14,"gold_loss":75}],"is_beta":false,"boss_relics":[],"items_purged_floors":[],"is_endless":false,"potions_floor_spawned":[1,2,7],"killed_by":"Hexaghost","ascension_level":20}}