{"host":"qc8gw3x1c8jlo9fx","time":1614058564,"event":{"mods":["AchievementEnabler","Act Like it!","BaseMod","Better Note","Conspire","Custom Start","Hubris","Infinite Spire","Jedi Mod","Minty Spire (QoL Compilation)","Reliquary","Replay The Spire","Ruina","StSLib","The IronCluck"],"gold_per_floor":[115,135,155,172,172,206,206,235,235,262,6,6,28,57,57,165,165,165,165],"floor_reached":18,"language":"ENG","playtime":785,"items_purged":[],"score":191,"play_id":"8e7eddb0-4ae0-4a56-bf26-c23b36ad3d3e","local_time":"20210222223604","daily_mods":["Chimera","Hoarder","Binary"],"is_ascension_mode":false,"campfire_choices":[{"floor":7,"key":"REST"},{"floor":12,"key":"REST"},{"floor":15,"key":"REST"}],"circlet_count":0,"master_deck":["Bash","Survivor","Zap","Eruption","Strike_R","Strike_G","Strike_B","Defend_R","Defend_G","Defend_P","Gash","Gash","Gash","Double Energy","Double Energy","Double Energy","Conserve Battery","Conserve Battery","Conserve Battery","BasicCrystalCard","BasicCrystalCard","BasicCrystalCard","Melter","Melter","Melter","Stack","Stack","Stack","Ball Lightning","Ball Lightning","Ball Lightning","jedi:locknload","jedi:locknload","jedi:locknload","Coolheaded","Coolheaded","Coolheaded","Mirror Shield","Mirror Shield","Mirror Shield"],"relics":["Cracked Core","CeramicFish","conspire:DecoderRing","Molten Egg 2","hubris:ScarierMask"],"acts_visited":["Exordium","Exordium"],"potions_floor_usage":[6,6,8,14,16],"damage_taken":[{"damage":4,"enemies":"conspire:RoseBush","floor":1,"turns":2},{"damage":10,"enemies":"Small Slimes","floor":2,"turns":3},{"damage":12,"enemies":"Cultist","floor":3,"turns":3},{"damage":17,"enemies":"Gremlin Gang","floor":4,"turns":5},{"damage":28,"enemies":"Replay:BlueRogue","floor":6,"turns":5},{"damage":13,"enemies":"Exordium Thugs","floor":8,"turns":3},{"damage":2,"enemies":"Blue Slaver","floor":10,"turns":3},{"damage":25,"enemies":"Lots of Slimes","floor":13,"turns":3},{"damage":6,"enemies":"3 Louse","floor":14,"turns":2},{"damage":23,"enemies":"Hexaghost","floor":16,"turns":8},{"damage":83,"enemies":"ruina:BadWolf","floor":18,"turns":4}],"seed_played":"4487787181715525647","potions_obtained":[{"floor":1,"key":"SkillPotion"},{"floor":2,"key":"SneckoOil"},{"floor":6,"key":"SteroidPotion"},{"floor":13,"key":"EssenceOfSteel"},{"floor":14,"key":"SpeedPotion"}],"is_trial":true,"path_per_floor":["M","M","M","M","?","E","R","M","T","M","$","R","M","M","R","B",null,"M"],"character_chosen":"DEFECT","items_purchased":["Molten Egg 2"],"campfire_rested":3,"item_purchase_floors":[11],"current_hp_per_floor":[71,61,49,32,32,4,26,13,13,11,11,33,8,2,24,1,75,0,0],"gold":165,"neow_bonus":"","is_daily":false,"chose_seed":false,"campfire_upgraded":0,"win_rate":0.0,"timestamp":1614058564,"path_taken":["M","?","M","M","?","E","R","M","T","M","?","R","?","M","R","BOSS","M"],"items_purchased_type":["Relic"],"build_version":"2020-12-22","purchased_purges":0,"victory":false,"max_hp_per_floor":[75,75,75,75,75,75,75,75,75,75,75,75,75,75,75,75,75,75,75],"card_choices":[{"not_picked":["Reinforced Body"],"picked":"Gash","floor":1},{"not_picked":["Steam"],"picked":"Double Energy","floor":2},{"not_picked":["Reinforced Body"],"picked":"Conserve Battery","floor":3},{"not_picked":["ReplaySolidLightProjector"],"picked":"BasicCrystalCard","floor":4},{"not_picked":["FTL"],"picked":"Melter","floor":6},{"not_picked":["Turbo"],"picked":"Stack","floor":8},{"not_picked":["jedi:BurstFrost"],"picked":"Ball Lightning","floor":10},{"not_picked":["Steam Power"],"picked":"jedi:locknload","floor":13},{"not_picked":["jedi:markofdeath"],"picked":"Coolheaded","floor":14},{"not_picked":["Core Surge+1"],"picked":"Mirror Shield","floor":16}],"player_experience":221381,"relics_obtained":[{"floor":6,"key":"CeramicFish"},{"floor":9,"key":"conspire:DecoderRing"}],"event_choices":[{"damage_healed":0,"gold_gain":0,"player_choice":"Disagree","damage_taken":0,"max_hp_gain":0,"max_hp_loss":0,"event_name":"conspire:LoneGhost","floor":5,"gold_loss":0}],"is_beta":false,"boss_relics":[{"not_picked":["SacredBark","Painkiller Herb"],"picked":"hubris:ScarierMask"}],"items_purged_floors":[],"is_endless":false,"potions_floor_spawned":[1,2,6,13,14],"killed_by":"ruina:BadWolf","ascension_level":0}}