{"host":"ly20tmf9be7b85hl","time":1614068698,"event":{"mods":["BaseMod","Colored Map","Keyboard Shortcuts","Minty Spire (QoL Compilation)","Permanent Neow","Quick Restart","SuperFastMode"],"gold_per_floor":[10,10,10,33,49,49,49,49,125,139,158,172,186,202,202,202,202],"floor_reached":16,"language":"KOR","playtime":2461,"items_purged":[],"score":192,"play_id":"ae786275-b32a-494d-904b-88550f1fcf60","local_time":"20210223172458","is_ascension_mode":true,"campfire_choices":[{"data":"Tactician","floor":6.0,"key":"SMITH"},{"data":"Eviscerate","floor":8.0,"key":"SMITH"},{"floor":15,"key":"REST"}],"circlet_count":0,"master_deck":["AscendersBane","Strike_G","Strike_G","Strike_G","Strike_G","Defend_G","Defend_G","Defend_G","Defend_G","Survivor","Neutralize","Poisoned Stab","Tactician+1","Eviscerate+1","PiercingWail+1","Blade Dance+1","Blade Dance+1","Setup+1"],"relics":["Ring of the Snake","Golden Idol","FaceOfCleric","Toxic Egg 2"],"acts_visited":["Exordium"],"potions_floor_usage":[12,16],"damage_taken":[{"damage":0.0,"enemies":"2 Louse","floor":1.0,"turns":5.0},{"damage":1.0,"enemies":"Cultist","floor":4.0,"turns":3.0},{"damage":9.0,"enemies":"Jaw Worm","floor":5.0,"turns":4.0},{"damage":14.0,"enemies":"Red Slaver","floor":10.0,"turns":4.0},{"damage":1.0,"enemies":"Looter","floor":11.0,"turns":4.0},{"damage":6,"enemies":"Large Slime","floor":12,"turns":5},{"damage":0,"enemies":"2 Fungi Beasts","floor":13,"turns":3},{"damage":0,"enemies":"Exordium Wildlife","floor":14,"turns":2},{"damage":30,"enemies":"The Guardian","floor":16,"turns":12}],"seed_played":"-2900391584746908096","potions_obtained":[{"floor":4.0,"key":"Weak Potion"},{"floor":5.0,"key":"Energy Potion"},{"floor":12,"key":"ColorlessPotion"}],"is_trial":false,"path_per_floor":["M","?","?","M","M","R","?","R","T","M","M","M","M","M","R","B"],"character_chosen":"THE_SILENT","items_purchased":[],"campfire_rested":1,"item_purchase_floors":[],"current_hp_per_floor":[59,36,36,35,26,26,26,26,26,13,13,8,9,10,31,1,1],"gold":202,"neow_bonus":"REMOVE_TWO","is_daily":false,"chose_seed":false,"campfire_upgraded":2,"win_rate":0.0,"timestamp":1614068698,"path_taken":["M","?","?","?","M","R","?","R","T","M","M","?","M","M","R","BOSS"],"items_purchased_type":[],"build_version":"2020-12-22","purchased_purges":0,"victory":false,"max_hp_per_floor":[66,66,66,66,66,66,66,66,66,67,68,69,70,71,71,71,71],"card_choices":[{"not_picked":["Quick Slash","Leg Sweep"],"picked":"Poisoned Stab","floor":1.0},{"not_picked":["Bane","Backstab"],"picked":"Tactician","floor":4.0},{"not_picked":["Tools of the Trade","Prepared"],"picked":"Eviscerate","floor":5.0},{"not_picked":["Setup+1","Underhanded Strike"],"picked":"PiercingWail+1","floor":10.0},{"not_picked":["Flying Knee","Dodge and Roll+1"],"picked":"Blade Dance+1","floor":11.0},{"not_picked":["Noxious Fumes","Bullet Time+1"],"picked":"Blade Dance+1","floor":12},{"not_picked":["Slice","Blade Dance+1"],"picked":"Setup+1","floor":13},{"not_picked":["Blade Dance+1","Deflect+1","Eviscerate"],"picked":"SKIP","floor":14}],"player_experience":871815,"relics_obtained":[{"floor":9.0,"key":"Toxic Egg 2"}],"event_choices":[{"damage_healed":0.0,"max_hp_gain":0.0,"max_hp_loss":0.0,"gold_gain":0.0,"event_name":"Golden Idol","player_choice":"Take Damage","floor":2.0,"gold_loss":0.0,"damage_taken":23.0,"relics_obtained":["Golden Idol"]},{"damage_healed":0.0,"max_hp_gain":0.0,"max_hp_loss":0.0,"gold_gain":0.0,"event_name":"Match and Keep!","player_choice":"0 cards matched","floor":3.0,"gold_loss":0.0,"damage_taken":0.0,"cards_obtained":[]},{"damage_healed":0.0,"max_hp_gain":0.0,"max_hp_loss":0.0,"gold_gain":0.0,"event_name":"FaceTrader","player_choice":"Trade","floor":7.0,"gold_loss":0.0,"damage_taken":0.0,"relics_obtained":["FaceOfCleric"]}],"is_beta":false,"boss_relics":[],"items_purged_floors":[],"is_endless":false,"potions_floor_spawned":[4,5,12],"killed_by":"The Guardian","ascension_level":20}}