{"host":"jg1kdgv8lq0s5kn4","time":1614048720,"event":{"mods":["AchievementEnabler","Act Like it!","Alarm Clock","AlwaysNeverKeys","BaseMod","Colored Map","Colored Powertips","FoggyMod","Gensokyo","Gold Saver","Minty Spire (QoL Compilation)","Quick Restart","Remove Card Discount Mod","Shop Mod","Spicy Shops","StSLib","SuperFastMode","Wide Potions","Youmu（魂魄妖梦）","【功能Mod】Neow奖励","【功能Mod】强力的原版药水","没有小屋子和绿帽子啦","篝火指南"],"gold_per_floor":[250,250,260,121,121,121,151,151,151,485,514,554,325,350,350,454,454,481,87,105,114,429,471,471,513,525,546,579,700,739,631,252,375,387,412,424,15,27,39,51,97,118,130,142,185,197,251,263,275,487,499,45,57,112,124],"floor_reached":56,"language":"ZHS","playtime":2442,"items_purged":["Strike_YM","Strike_YM","Defend_YM","Strike_YM","RapidSlash","SlashOfPresentWorld","HesitationCuttingSword+1","HeavenSword","Defend_YM","SwordExtraction+1"],"score":2249,"play_id":"edcbf960-e500-4b51-8b73-2c85ec15b75e","local_time":"20210223105200","is_ascension_mode":true,"campfire_choices":[{"data":"FlashingScatteredFlowers","floor":6.0,"key":"SMITH"},{"data":"HesitationCuttingSword","floor":15.0,"key":"SMITH"},{"data":"VoidnessSword","floor":40,"key":"SMITH"},{"data":"Gensokyo:GreaterSplit","floor":44,"key":"SMITH"},{"data":"BizarrenessOfSixRealms","floor":49,"key":"SMITH"}],"circlet_count":0,"master_deck":["Defend_YM+1","Defend_YM+1","WheelOfPainOfLivingAndDead","Gensokyo:CrescentMoonSlash","LotusPostureSlash","SanzenSekai","HellFireSword","VoidnessSword+1","CherryBlossomSword","Night Terror","TransmigrationSlash+1","LifeCuttingSword","Apotheosis","WickedSoul","Gensokyo:GreaterSplit+1","BizarrenessOfSixRealms+1","SuddenPhantomFormationSlashOfKarmicWind+1","TenKingsRetributionOnThePreta+1"],"relics":["HalfPhantom","Blood Vial","Gensokyo:PortableGap","Eternal Feather","CeramicFish","Vajra","MealTicket","Incense Burner","Omamori","Lee\u0027s Waffle","Dream Catcher","Calling Bell","Boot","The Courier","Du-Vu Doll","ClockworkSouvenir","Chemical X","Bag of Preparation","Bag of Marbles","ChestCloth","Gensokyo:DirgeOfMelancholy","MawBank","Darkstone Periapt","Pocketwatch","Calipers","War Paint","Gensokyo:MaskOfHope","Orichalcum","Juzu Bracelet","Busted Crown","White Beast Statue","Ornamental Fan","PreservedInsect","Letter Opener","Frozen Egg 2","Ginger","Oddly Smooth Stone","Nunchaku","Shuriken","Kunai","Turnip","Anchor","StoneCalendar"],"acts_visited":["Exordium","Gensokyo:Gensokyo","Gensokyo:Gensokyoer","TheEnding"],"potions_floor_usage":[41,50],"damage_taken":[{"damage":7.0,"enemies":"Gensokyo:2_Kodama","floor":1.0,"turns":4.0},{"damage":0.0,"enemies":"Gensokyo:Gryphon","floor":3.0,"turns":4.0},{"damage":43.0,"enemies":"Gensokyo:Aya","floor":7.0,"turns":8.0},{"damage":5.0,"enemies":"Gensokyo:Mamizou","floor":10.0,"turns":7.0},{"damage":0.0,"enemies":"Gensokyo:Python","floor":11.0,"turns":3.0},{"damage":11.0,"enemies":"Gensokyo:Aya","floor":12.0,"turns":4.0},{"damage":0.0,"enemies":"Gensokyo:Cirno","floor":14.0,"turns":4.0},{"damage":13.0,"enemies":"Gensokyo:Yukari","floor":16.0,"turns":6.0},{"damage":2.0,"enemies":"Gensokyo:Chomper","floor":18.0,"turns":3.0},{"damage":37.0,"enemies":"Gensokyo:CosmicMonolith","floor":20.0,"turns":4.0},{"damage":22.0,"enemies":"Gensokyo:Wraith","floor":22.0,"turns":4.0},{"damage":0.0,"enemies":"Gensokyo:Koishi","floor":23.0,"turns":3.0},{"damage":0.0,"enemies":"Gensokyo:Reisen","floor":25.0,"turns":4.0},{"damage":0.0,"enemies":"Gensokyo:3_Gloops","floor":28.0,"turns":3.0},{"damage":8.0,"enemies":"Gensokyo:3_Gloops","floor":29.0,"turns":6.0},{"damage":0.0,"enemies":"Gensokyo:Tenshi","floor":30.0,"turns":1.0},{"damage":8,"enemies":"Gensokyo:Kaguya","floor":33,"turns":4},{"damage":0,"enemies":"Gensokyo:3_Bats","floor":35,"turns":1},{"damage":6,"enemies":"Gensokyo:Kasen","floor":41,"turns":2},{"damage":0,"enemies":"Gensokyo:Doremy","floor":45,"turns":1},{"damage":0,"enemies":"Gensokyo:Kasen","floor":47,"turns":3},{"damage":0,"enemies":"Gensokyo:Scarlet_Devils","floor":50,"turns":5},{"damage":0,"enemies":"Shield and Spear","floor":54,"turns":2},{"damage":0,"enemies":"The Heart","floor":55,"turns":5}],"seed_played":"2383957647016909518","potions_obtained":[{"floor":3.0,"key":"PowerPotion"},{"floor":12.0,"key":"Regen Potion"},{"floor":18.0,"key":"CausticAgent"},{"floor":28.0,"key":"SkillPotion"},{"floor":29.0,"key":"Fire Potion"},{"floor":36,"key":"EntropicBrew"},{"floor":36,"key":"CausticAgent"},{"floor":41,"key":"SteroidPotion"},{"floor":45,"key":"LiquidBronze"},{"floor":47,"key":"PhantomPosion"},{"floor":54,"key":"SteroidPotion"}],"is_trial":false,"path_per_floor":["M","?","M","COS","?","R","E","?","T","E","M","E","$","?","R","B",null,"M","COS","M","?","M","E","?","E","T","?","M","?","E","?","R","B",null,"M","?","COS","T","$","R","E","?","T","R","E","?","E","?","R","B",null,"R","$","E","B",null],"character_chosen":"YOUMU","items_purchased":["HellFireSword","Lee\u0027s Waffle","Orichalcum","Juzu Bracelet","Apotheosis","Shuriken","Kunai","SuddenPhantomFormationSlashOfKarmicWind+1"],"campfire_rested":0,"item_purchase_floors":[13,13,32,32,32,52,52,52],"current_hp_per_floor":[63,52,54,54,54,54,13,13,13,10,12,3,75,75,75,62,72,72,72,37,37,17,38,38,40,40,33,35,29,31,31,40,34,65,67,67,67,67,75,75,69,69,69,75,75,45,47,47,56,58,71,75,75,75,75],"gold":136,"neow_bonus":"RANDOM_COMMON_RELIC","is_daily":false,"chose_seed":false,"campfire_upgraded":5,"win_rate":0.0,"timestamp":1614048720,"path_taken":["M","?","?","COS","?","R","E","?","T","E","?","E","$","?","R","BOSS","M","COS","?","?","?","E","?","E","T","?","?","?","E","?","R","BOSS","M","?","COS","?","?","R","E","?","T","R","E","?","E","?","R","BOSS","R","$","E","BOSS"],"items_purchased_type":["Card","Relic","Relic","Relic","Card","Relic","Relic","Card"],"build_version":"2020-12-22","purchased_purges":10,"victory":true,"max_hp_per_floor":[75,75,75,75,68,68,68,68,68,68,68,68,75,75,75,75,75,75,75,75,75,75,75,75,75,75,75,75,75,75,75,75,75,75,75,75,75,75,75,75,75,75,75,75,75,75,75,75,75,75,75,75,75,75,75],"card_choices":[{"not_picked":["SlashOfMeditation","SwordExtraction"],"picked":"FlashingScatteredFlowers","floor":1.0},{"not_picked":["LightFlashOfTheNetherworld","HumanKnowledgeSword","TwoHundredYojanaInOneSlash"],"picked":"SKIP","floor":3.0},{"not_picked":["SpiritCuttingSword","ConstancyOfTheConventionalTruth"],"picked":"LotusPostureSlash","floor":7.0},{"not_picked":["DispleasureOfTheSevenHakus","LifeCuttingSword"],"picked":"RapidSlash","floor":10.0},{"not_picked":["PhosphoricSlash","PreachingAvici"],"picked":"HesitationCuttingSword","floor":11.0},{"not_picked":["SpiritCuttingSword","CrescentMoonSlash"],"picked":"SanzenSekai","floor":12.0},{"not_picked":["ThreeKonsSevenHakus","ConstancyOfTheConventionalTruth","SpiritMediumsBind"],"picked":"SKIP","floor":14.0},{"not_picked":["DeadlyForm","HeavenGodSword"],"picked":"SlashOfTheEternalFuture","floor":16.0},{"not_picked":["LowerRealmReflectionSlash+1","SpiritCuttingSword+1"],"picked":"SwordExtraction+1","floor":18.0},{"not_picked":["SanzenSekai+1","LowerRealmReflectionSlash+1","ConstancyOfTheConventionalTruth"],"picked":"SKIP","floor":20.0},{"not_picked":["HumanKnowledgeSword","SwordOfBindingDesires","HiganSword"],"picked":"SKIP","floor":22.0},{"not_picked":["CrescentMoonSlash+1","IrresoluteSoul"],"picked":"VoidnessSword","floor":23.0},{"not_picked":["ThreeKonsSevenHakus","PhosphoricSlash"],"picked":"CherryBlossomSword","floor":25.0},{"not_picked":["SlashOfAscensionToBuddhahood","FlashingScatteredFlowers+1"],"picked":"TransmigrationSlash+1","floor":28.0},{"not_picked":["CrescentMoonSlash+1","ThreeKonsSevenHakus+1"],"picked":"LifeCuttingSword","floor":29.0},{"not_picked":["LightFlashOfTheNetherworld","LowerRealmReflectionSlash","PhosphoricSlash"],"picked":"SKIP","floor":30.0},{"not_picked":["MatsuyoiReflectingSatelliteSlash","HeavenSword"],"picked":"WickedSoul","floor":33},{"not_picked":["SwordOfBindingDesires+1"],"picked":"SKIP","floor":35},{"not_picked":["SwordExtraction+1"],"picked":"SKIP","floor":41},{"not_picked":["HeavenlyHaloSlash+1"],"picked":"SKIP","floor":45},{"not_picked":[],"picked":"BizarrenessOfSixRealms","floor":47},{"not_picked":[],"picked":"TenKingsRetributionOnThePreta+1","floor":54}],"player_experience":71773,"relics_obtained":[{"floor":7.0,"key":"Eternal Feather"},{"floor":9.0,"key":"CeramicFish"},{"floor":10.0,"key":"Vajra"},{"floor":12.0,"key":"Omamori"},{"floor":14.0,"key":"Dream Catcher"},{"floor":17.0,"key":"Boot"},{"floor":17.0,"key":"The Courier"},{"floor":17.0,"key":"Du-Vu Doll"},{"floor":23.0,"key":"ChestCloth"},{"floor":25.0,"key":"MawBank"},{"floor":26.0,"key":"Darkstone Periapt"},{"floor":29.0,"key":"Pocketwatch"},{"floor":29.0,"key":"Calipers"},{"floor":30.0,"key":"War Paint"},{"floor":38,"key":"Ornamental Fan"},{"floor":41,"key":"PreservedInsect"},{"floor":43,"key":"Letter Opener"},{"floor":45,"key":"Frozen Egg 2"},{"floor":47,"key":"Nunchaku"},{"floor":54,"key":"Anchor"}],"event_choices":[],"is_beta":false,"boss_relics":[{"not_picked":["Runic Dome","Pandora\u0027s Box"],"picked":"Calling Bell"},{"not_picked":["Sozu","Snecko Eye"],"picked":"Busted Crown"}],"items_purged_floors":[13,13,13,13,13,13,32,32,32,32],"is_endless":false,"potions_floor_spawned":[3,7,12,18,28,29,41,45,47,54],"ascension_level":8}}