{"host":"vpnygm79y7yi43ig","time":1614059253,"event":{"mods":["BaseMod","Bestiary","Minty Spire (QoL Compilation)"],"gold_per_floor":[167,184,184,204,214,214,234,4,4,31,31,45,45,63,63,162,162,182,182,182,194,208,236,13,13,13,13,13,48,48,77,77,181,181,199,199,120,135,152,181,181,191,264,264,290,305,18,18,18],"floor_reached":48,"language":"ENG","playtime":2219,"items_purged":[],"score":575,"play_id":"62a55ee2-4935-4294-a647-f4380858eb50","local_time":"20210222214733","is_ascension_mode":false,"campfire_choices":[{"data":"Sucker Punch","floor":6,"key":"SMITH"},{"data":"Footwork","floor":11,"key":"SMITH"},{"data":"Survivor","floor":13,"key":"SMITH"},{"floor":15,"key":"REST"},{"data":"Cloak And Dagger","floor":25,"key":"SMITH"},{"data":"Backflip","floor":27,"key":"SMITH"},{"data":"Dash","floor":30,"key":"SMITH"},{"floor":32,"key":"REST"},{"data":"Quick Slash","floor":41,"key":"SMITH"}],"circlet_count":0,"master_deck":["Strike_G+1","Strike_G+1","Strike_G+1","Strike_G+1","Strike_G+1","Defend_G+1","Defend_G+1","Defend_G+1","Defend_G+1","Defend_G+1","Survivor+1","Neutralize+1","Dash+1","Crippling Poison+1","Sucker Punch+1","Quick Slash+1","PiercingWail+1","Slice+1","Footwork+1","Die Die Die","Backflip+1","Cloak And Dagger+1","Malaise+1","Dagger Spray+1","Infinite Blades+1","Well Laid Plans+1","Noxious Fumes+1","Catalyst+1"],"relics":["Tiny House","Bag of Preparation","Whetstone","Nunchaku","Busted Crown","Frozen Egg 2","Juzu Bracelet","Pen Nib","Strawberry","Sozu","Ginger","White Beast Statue","PreservedInsect","War Paint"],"acts_visited":["Exordium","TheCity","TheBeyond"],"potions_floor_usage":[10,16,21,33,33,40],"damage_taken":[{"damage":6,"enemies":"Jaw Worm","floor":1,"turns":4},{"damage":1,"enemies":"Small Slimes","floor":2,"turns":4},{"damage":0,"enemies":"Cultist","floor":4,"turns":4},{"damage":0,"enemies":"Large Slime","floor":5,"turns":5},{"damage":7,"enemies":"2 Fungi Beasts","floor":7,"turns":4},{"damage":17,"enemies":"Gremlin Nob","floor":10,"turns":4},{"damage":2,"enemies":"Blue Slaver","floor":12,"turns":4},{"damage":0,"enemies":"Looter","floor":14,"turns":3},{"damage":43,"enemies":"Slime Boss","floor":16,"turns":19},{"damage":0,"enemies":"3 Byrds","floor":18,"turns":3},{"damage":15,"enemies":"Spheric Guardian","floor":21,"turns":5},{"damage":2,"enemies":"Snake Plant","floor":22,"turns":6},{"damage":8,"enemies":"Book of Stabbing","floor":23,"turns":8},{"damage":0,"enemies":"Gremlin Leader","floor":29,"turns":6},{"damage":5,"enemies":"Book of Stabbing","floor":31,"turns":5},{"damage":25,"enemies":"Collector","floor":33,"turns":9},{"damage":0,"enemies":"Orb Walker","floor":35,"turns":3},{"damage":5,"enemies":"3 Shapes","floor":38,"turns":3},{"damage":23,"enemies":"Maw","floor":39,"turns":9},{"damage":13,"enemies":"Nemesis","floor":40,"turns":11},{"damage":3,"enemies":"Writhing Mass","floor":42,"turns":8},{"damage":24,"enemies":"Reptomancer","floor":45,"turns":8},{"damage":5,"enemies":"3 Darklings","floor":46,"turns":4},{"damage":16,"enemies":"Jaw Worm Horde","floor":48,"turns":2}],"seed_played":"4822565421813729822","potions_obtained":[{"floor":0,"key":"EntropicBrew"},{"floor":1,"key":"GamblersBrew"},{"floor":4,"key":"ColorlessPotion"},{"floor":10,"key":"Regen Potion"},{"floor":14,"key":"Block Potion"},{"floor":18,"key":"Explosive Potion"},{"floor":29,"key":"Strength Potion"}],"is_trial":false,"path_per_floor":["M","M","?","M","M","R","M","$","T","E","R","M","R","M","R","B",null,"M","?","?","M","M","E","$","R","T","R","?","E","R","E","R","B",null,"M","?","$","M","M","E","R","M","T","?","E","M","$","M"],"character_chosen":"THE_SILENT","items_purchased":["Footwork","Bag of Preparation","Juzu Bracelet","Infinite Blades+1","Well Laid Plans+1","Noxious Fumes+1","Catalyst","War Paint"],"campfire_rested":2,"item_purchase_floors":[8,8,24,24,37,47,47,47],"current_hp_per_floor":[69,68,53,53,53,53,46,46,46,29,29,27,27,27,49,6,75,75,75,75,65,63,55,55,55,55,55,41,41,41,43,69,44,87,87,83,83,78,55,42,42,39,39,39,15,10,10,0,0],"gold":18,"neow_bonus":"BOSS_RELIC","is_daily":false,"chose_seed":false,"campfire_upgraded":7,"win_rate":0.0,"timestamp":1614059253,"path_taken":["M","M","?","M","M","R","M","$","T","E","R","M","R","M","R","BOSS","M","?","?","?","M","E","$","R","T","R","?","E","R","E","R","BOSS","M","?","$","M","M","E","R","M","T","?","E","M","$","M"],"items_purchased_type":["Card","Relic","Relic","Card","Card","Card","Card","Relic"],"build_version":"2020-12-22","purchased_purges":0,"victory":false,"max_hp_per_floor":[75,75,75,75,75,75,75,75,75,75,75,75,75,75,75,75,75,75,75,75,75,75,75,75,75,75,75,80,80,80,87,87,87,87,87,83,83,83,83,83,83,83,83,83,83,83,83,83,83],"card_choices":[{"not_picked":["Footwork","Slice"],"picked":"Dash","floor":0},{"not_picked":["Acrobatics","PiercingWail"],"picked":"Crippling Poison","floor":1},{"not_picked":["Masterful Stab","Underhanded Strike"],"picked":"Sucker Punch","floor":2},{"not_picked":["Reflex","Tactician"],"picked":"Quick Slash","floor":4},{"not_picked":["Outmaneuver","Setup"],"picked":"PiercingWail","floor":5},{"not_picked":["Underhanded Strike","Outmaneuver"],"picked":"Slice","floor":7},{"not_picked":["Prepared","Riddle With Holes"],"picked":"Die Die Die","floor":10},{"not_picked":["Crippling Poison","Slice"],"picked":"Backflip","floor":12},{"not_picked":["Escape Plan","Masterful Stab"],"picked":"Cloak And Dagger","floor":14},{"not_picked":["Envenom","Tools of the Trade"],"picked":"Malaise","floor":16},{"not_picked":["Bane"],"picked":"SKIP","floor":18},{"not_picked":["Bouncing Flask"],"picked":"SKIP","floor":21},{"not_picked":["Concentrate"],"picked":"SKIP","floor":22},{"not_picked":[],"picked":"Dagger Spray+1","floor":23},{"not_picked":["PiercingWail"],"picked":"SKIP","floor":29},{"not_picked":["Heel Hook"],"picked":"SKIP","floor":31},{"not_picked":["Underhanded Strike"],"picked":"SKIP","floor":35},{"not_picked":["Prepared"],"picked":"SKIP","floor":38},{"not_picked":["Underhanded Strike"],"picked":"SKIP","floor":39},{"not_picked":["Flying Knee"],"picked":"SKIP","floor":40},{"not_picked":["Doppelganger"],"picked":"SKIP","floor":42},{"not_picked":["Skewer"],"picked":"SKIP","floor":45},{"not_picked":["Sucker Punch+1"],"picked":"SKIP","floor":46}],"player_experience":213360,"relics_obtained":[{"floor":9,"key":"Whetstone"},{"floor":10,"key":"Nunchaku"},{"floor":23,"key":"Frozen Egg 2"},{"floor":29,"key":"Pen Nib"},{"floor":31,"key":"Strawberry"},{"floor":40,"key":"Ginger"},{"floor":43,"key":"White Beast Statue"},{"floor":45,"key":"PreservedInsect"}],"event_choices":[{"damage_healed":0,"gold_gain":0,"player_choice":"Entered Light","damage_taken":15,"max_hp_gain":0,"max_hp_loss":0,"event_name":"Shining Light","floor":3,"gold_loss":0,"cards_upgraded":["Crippling Poison","Neutralize"]},{"damage_healed":0,"gold_gain":0,"player_choice":"Simplicity","damage_taken":0,"max_hp_gain":0,"max_hp_loss":0,"event_name":"Back to Basics","floor":19,"gold_loss":0,"cards_upgraded":["Strike_G","Strike_G","Strike_G","Strike_G","Defend_G","Defend_G","Defend_G","Defend_G"]},{"damage_healed":0,"gold_gain":0,"player_choice":"Forge","damage_taken":0,"max_hp_gain":0,"max_hp_loss":0,"event_name":"Accursed Blacksmith","floor":20,"gold_loss":0,"cards_upgraded":["Malaise"]},{"damage_healed":0,"gold_gain":0,"player_choice":"Shed Blood","damage_taken":19,"max_hp_gain":5,"max_hp_loss":0,"event_name":"Forgotten Altar","floor":28,"gold_loss":0},{"damage_healed":0,"gold_gain":0,"player_choice":"Max HP","damage_taken":0,"max_hp_gain":0,"max_hp_loss":4,"event_name":"Winding Halls","floor":36,"gold_loss":0},{"damage_healed":0,"gold_gain":0,"player_choice":"Ignored","damage_taken":0,"max_hp_gain":0,"max_hp_loss":0,"event_name":"Mysterious Sphere","floor":44,"gold_loss":0}],"is_beta":false,"boss_relics":[{"not_picked":["Empty Cage","Runic Dome"],"picked":"Busted Crown"},{"not_picked":["SacredBark","Runic Pyramid"],"picked":"Sozu"}],"items_purged_floors":[],"is_endless":false,"potions_floor_spawned":[1,4,10,14,18,29,40,45,46],"killed_by":"Jaw Worm Horde","ascension_level":0}}