{"host":"i29s15dsg0c43zmx","time":1614102722,"event":{"mods":["AchievementEnabler","BaseMod","Colored Map","Minty Spire (QoL Compilation)","StSLib"],"gold_per_floor":[112,125,50,68,243,273,273,283,358,358,358,358],"floor_reached":11,"language":"ENG","playtime":420,"items_purged":["Strike_B"],"score":77,"play_id":"a047b008-9f61-472f-b691-95b9230a6386","local_time":"20210223185202","is_ascension_mode":true,"campfire_choices":[{"data":"Fusion","floor":7,"key":"SMITH"},{"floor":10,"key":"REST"}],"circlet_count":0,"master_deck":["Strike_B","Strike_B","Defend_B","Defend_B","Defend_B","Defend_B","Zap","Dualcast","Rebound","Fusion+1","Leap","Force Field","Doubt","Redo","Leap"],"relics":["Cracked Core","Mango","Question Card"],"acts_visited":["Exordium"],"potions_floor_usage":[],"damage_taken":[{"damage":0,"enemies":"Small Slimes","floor":1,"turns":3},{"damage":7,"enemies":"2 Louse","floor":2,"turns":3},{"damage":1,"enemies":"Cultist","floor":4,"turns":3},{"damage":61,"enemies":"3 Sentries","floor":6,"turns":14},{"damage":12,"enemies":"3 Louse","floor":8,"turns":4},{"damage":63,"enemies":"Gremlin Nob","floor":11,"turns":4}],"seed_played":"-6718410929415631570","potions_obtained":[{"floor":1,"key":"Strength Potion"}],"is_trial":false,"path_per_floor":["M","M","$","M","?","E","R","M","T","R","E"],"character_chosen":"DEFECT","items_purchased":[],"campfire_rested":1,"item_purchase_floors":[],"current_hp_per_floor":[75,68,68,67,67,20,20,8,8,34,0,0],"gold":358,"neow_bonus":"TRANSFORM_CARD","is_daily":false,"chose_seed":false,"campfire_upgraded":1,"win_rate":0.0,"timestamp":1614102722,"path_taken":["M","M","$","M","?","E","R","M","T","R","E"],"items_purchased_type":[],"build_version":"2020-12-22","purchased_purges":1,"victory":false,"max_hp_per_floor":[75,75,75,75,75,89,89,89,89,89,89,89],"card_choices":[{"not_picked":["Ball Lightning","Melter"],"picked":"Fusion","floor":1},{"not_picked":["Darkness","Cold Snap"],"picked":"Leap","floor":2},{"not_picked":["Reprogram","Gash"],"picked":"Force Field","floor":4},{"not_picked":["Stack","Cold Snap"],"picked":"Redo","floor":6},{"not_picked":["Ball Lightning","Coolheaded"],"picked":"Leap","floor":8}],"player_experience":124008,"relics_obtained":[{"floor":6,"key":"Mango"},{"floor":9,"key":"Question Card"}],"event_choices":[{"damage_healed":0,"gold_gain":175,"player_choice":"AGREE","damage_taken":0,"max_hp_gain":0,"max_hp_loss":0,"event_name":"Liars Game","floor":5,"gold_loss":0,"cards_obtained":["Doubt"]}],"is_beta":false,"boss_relics":[],"items_purged_floors":[3],"is_endless":false,"potions_floor_spawned":[1],"killed_by":"Gremlin Nob","ascension_level":1}}