{"host":"Ringo","time":1614084391,"event":{"mods":["BaseMod","Colored Map","Conspire","Dota2Spire","Hubris","Minty Spire (QoL Compilation)","Replay The Spire","StSLib","The Construct","[IsaacMod]ÒÔÈö¼âËþ","¡¾ÒÅÎï¿¨ÅÆ¡¿REMEMod"],"gold_per_floor":[109,109,109,129,129,157,190,217,217,249,275,304,330,364,364,437,437,448,483,516,550,217,250,285,310,389,423,452,485,485,516,516,571,571,581,631,39,65,15,42,42,86,156,189,239,264,307,320,320,280,40],"floor_reached":52,"language":"ZHS","playtime":1257,"items_purged":[],"score":4380,"play_id":"6c2eebb4-e8be-4842-b05b-4ab9a2a9b3e1","local_time":"20210223204631","daily_mods":["SealedDeck","Vintage","Colorless Cards","Heirloom","Time Dilation","Flight","DeadlyEvents","Elite Swarm","Lethality","Binary"],"is_ascension_mode":true,"campfire_choices":[{"data":"construct:MemoryTap","floor":15,"key":"SMITH"},{"data":"Flex","floor":32,"key":"SMITH"},{"data":"Armaments","floor":49,"key":"SMITH"}],"circlet_count":0,"master_deck":["AscendersBane","hubris:ReadiedAction+1","Twin Strike","Iron Wave","Sword Boomerang","Shrug It Off+1","Dropkick","Cleave","Heavy Blade","Seeing Red+1","Thunderclap","construct:MemoryTap+1","Clash+1","hubris:CleavingFinish+1","hubris:StunningStrike+1","Flex+1","Rage","Replay:Undeath\u0027s Touch+1","Poisoned Strike+1","Metallicize+1","Panacea","conspire:SpireCoStock","Run Through+1","Armaments+1"],"relics":["Burning Blood","Busted Crown","HushsDoor","REME_ComplimentaryCards","replay:Trail_Library","Dota2Spire:EyeOfSkadi","D6","Molten Egg 2","hubris:Towel","conspire:DecoderRing","GuppysHead","Pen Nib","Anchor","War Paint","Incense Burner","GuppysTail","Tiny Chest","hubris:SphereOfDissonance","Shuriken","SacredBark","GuppysCollar","SatanicBible","REME_HandOfSuture","Red Mask","hubris:IronBody","StrikeDummy","Chaos","Dota2Spire:PowerTreads","Centennial Puzzle","SteamSale","Charon\u0027s Ashes","Leech","REME_OnlineShoppingPlatform","Ice Cream","REME_CardOfGreed","hubris:Spice","Chameleon Ring"],"acts_visited":["Exordium","TheCity","TheBeyond"],"potions_floor_usage":[8,33,50,50,51,51,51,51,51,51,51,51,51,51,51,51],"damage_taken":[{"damage":0,"enemies":"Small Slimes","floor":1,"turns":1},{"damage":0,"enemies":"2 Louse","floor":4,"turns":1},{"damage":0,"enemies":"3 Sentries","floor":6,"turns":3},{"damage":0,"enemies":"Gremlin Nob","floor":7,"turns":1},{"damage":0,"enemies":"3 Sentries","floor":8,"turns":2},{"damage":0,"enemies":"Replay:BlueRogue","floor":10,"turns":2},{"damage":0,"enemies":"Lagavulin","floor":11,"turns":2},{"damage":0,"enemies":"Gremlin Nob","floor":12,"turns":2},{"damage":0,"enemies":"3 Sentries","floor":13,"turns":2},{"damage":0,"enemies":"Lagavulin","floor":14,"turns":1},{"damage":0,"enemies":"Slime Boss","floor":16,"turns":1},{"damage":0,"enemies":"2 Thieves","floor":18,"turns":1},{"damage":0,"enemies":"Masked Bandits","floor":19,"turns":2},{"damage":0,"enemies":"conspire:SneckoGhost","floor":20,"turns":2},{"damage":0,"enemies":"Replay:Snechameleon","floor":21,"turns":1},{"damage":0,"enemies":"REME_1_Revenger","floor":23,"turns":1},{"damage":0,"enemies":"Slavers","floor":24,"turns":2},{"damage":0,"enemies":"REME_1_Revenger","floor":25,"turns":1},{"damage":0,"enemies":"Gremlin Leader","floor":27,"turns":1},{"damage":0,"enemies":"Book of Stabbing","floor":28,"turns":1},{"damage":0,"enemies":"Slavers","floor":29,"turns":1},{"damage":0,"enemies":"REME_1_Revenger","floor":31,"turns":2},{"damage":0,"enemies":"hubris:MusketHawk","floor":33,"turns":1},{"damage":0,"enemies":"Orb Walker","floor":35,"turns":1},{"damage":0,"enemies":"Hiden Room Battle","floor":36,"turns":1},{"damage":0,"enemies":"R_Hoarder","floor":38,"turns":1},{"damage":0,"enemies":"Nemesis","floor":40,"turns":1},{"damage":0,"enemies":"R_Hoarder","floor":42,"turns":2},{"damage":0,"enemies":"Nemesis","floor":44,"turns":1},{"damage":0,"enemies":"R_Hoarder","floor":45,"turns":2},{"damage":0,"enemies":"Giant Head","floor":46,"turns":2},{"damage":0,"enemies":"R_Hoarder","floor":47,"turns":1},{"damage":0,"enemies":"3 Darklings","floor":48,"turns":1},{"damage":0,"enemies":"Awakened One","floor":50,"turns":3},{"damage":0,"enemies":"hubris:GrandSnecko","floor":51,"turns":1}],"seed_played":"2437408660140343701","potions_obtained":[{"floor":1,"key":"EssenceOfSteel"},{"floor":7,"key":"Block Potion"},{"floor":8,"key":"SkillPotion"},{"floor":19,"key":"Adrenaline Potion"}],"is_trial":true,"path_per_floor":["M","?","?","M","?","E","E","E","T","E","E","E","E","E","R","B",null,"M","?","E","E","$","E","E","E","T","E","E","E","T","E","R","B",null,"M","?","$","E","?","E","T","E","T","E","E","E","E","M","R","B","B",null],"character_chosen":"IRONCLAD","items_purchased":["GuppysCollar","SatanicBible","hubris:CleavingFinish+1","hubris:StunningStrike+1","Flex","Rage","Chaos","Dota2Spire:PowerTreads","Poisoned Strike+1","Metallicize+1","Panacea","hubris:Spice","hubris:Spice","hubris:Spice"],"campfire_rested":0,"item_purchase_floors":[17,17,17,17,17,17,22,22,34,37,37,37,37,37],"current_hp_per_floor":[79,79,79,80,80,80,80,80,80,80,80,80,80,80,80,80,46,46,46,46,46,46,46,46,46,46,46,46,46,54,54,54,54,57,49,33,9,1,1,1,1,1,1,1,1,1,1,1,1,1,1],"gold":40,"neow_bonus":"","is_daily":false,"chose_seed":false,"campfire_upgraded":3,"win_rate":0.0,"timestamp":1614084391,"path_taken":["M","?","?","?","?","E","E","E","T","E","?","E","E","E","R","BOSS","M","?","?","?","$","E","E","E","T","E","E","E","?","E","R","BOSS","M","?","$","?","?","E","?","E","T","E","E","?","E","?","R","BOSS","BOSS"],"items_purchased_type":["Relic","Relic","Card","Card","Card","Card","Card","Relic","Card","Card","Card","Relic","Relic","Relic"],"build_version":"2020-12-18","purchased_purges":0,"victory":true,"max_hp_per_floor":[80,80,80,80,80,80,80,80,80,80,80,80,80,80,80,80,46,46,46,46,46,46,46,46,46,46,46,46,46,54,54,54,54,57,49,33,9,1,1,1,1,1,1,1,1,1,1,1,1,1,1],"card_choices":[],"player_experience":746660,"relics_obtained":[{"floor":1,"key":"Molten Egg 2"},{"floor":4,"key":"conspire:DecoderRing"},{"floor":6,"key":"GuppysHead"},{"floor":7,"key":"Pen Nib"},{"floor":8,"key":"Anchor"},{"floor":9,"key":"War Paint"},{"floor":10,"key":"Incense Burner"},{"floor":11,"key":"GuppysTail"},{"floor":12,"key":"Tiny Chest"},{"floor":13,"key":"hubris:SphereOfDissonance"},{"floor":14,"key":"Shuriken"},{"floor":18,"key":"REME_HandOfSuture"},{"floor":19,"key":"Red Mask"},{"floor":20,"key":"hubris:IronBody"},{"floor":21,"key":"StrikeDummy"},{"floor":23,"key":"Centennial Puzzle"},{"floor":24,"key":"SteamSale"},{"floor":25,"key":"Charon\u0027s Ashes"},{"floor":26,"key":"Leech"},{"floor":27,"key":"REME_OnlineShoppingPlatform"},{"floor":28,"key":"Ice Cream"},{"floor":29,"key":"REME_CardOfGreed"},{"floor":30,"key":"hubris:Spice"},{"floor":31,"key":"Chameleon Ring"},{"floor":35,"key":"hubris:Spice"},{"floor":36,"key":"hubris:Spice"},{"floor":36,"key":"hubris:Spice"},{"floor":38,"key":"hubris:Spice"},{"floor":40,"key":"hubris:Spice"},{"floor":41,"key":"hubris:Spice"},{"floor":42,"key":"hubris:Spice"},{"floor":43,"key":"hubris:Spice"},{"floor":44,"key":"hubris:Spice"},{"floor":45,"key":"hubris:Spice"},{"floor":46,"key":"hubris:Spice"},{"floor":47,"key":"hubris:Spice"},{"floor":48,"key":"hubris:Spice"}],"event_choices":[{"damage_healed":0,"gold_gain":0,"player_choice":"Fought Bandits","damage_taken":0,"max_hp_gain":0,"max_hp_loss":0,"event_name":"Masked Bandits","floor":19,"gold_loss":0},{"damage_healed":0,"gold_gain":0,"player_choice":"Fight","damage_taken":0,"max_hp_gain":0,"max_hp_loss":0,"event_name":"HidenRoomEvent","floor":36,"gold_loss":0},{"damage_healed":0,"gold_gain":0,"player_choice":"Invest 1","damage_taken":0,"max_hp_gain":0,"max_hp_loss":0,"event_name":"conspire:Investor","floor":39,"gold_loss":0}],"is_beta":true,"boss_relics":[{"not_picked":["ReplayTheSpireMod:DimensionalGlitch","Replay:Ancient Bell"],"picked":"SacredBark"},{"not_picked":[]},{"not_picked":["TungstenRod","AnarchistCookbook"],"picked":"hubris:Spice"},{"not_picked":[]}],"items_purged_floors":[],"is_endless":false,"potions_floor_spawned":[1,7,8,12,19,20,23,31,33,35,36,44,47],"ascension_level":20}}