{"host":"zdahj580pq9zy75i","time":1614077245,"event":{"mods":["AchievementEnabler","BaseMod","Colored Map","Minty Spire (QoL Compilation)","Relic Stats","StSLib"],"gold_per_floor":[115,190,190,190,25,25,39,72,72,72,72],"floor_reached":10,"language":"ENG","playtime":320,"items_purged":[],"score":128,"play_id":"8bf78118-a524-4027-a5a7-11a02914f8b8","local_time":"20210223054725","is_ascension_mode":true,"campfire_choices":[{"floor":6,"key":"REST"}],"circlet_count":0,"master_deck":["AscendersBane","Strike_R","Strike_R","Strike_R","Strike_R","Defend_R","Defend_R","Defend_R","Defend_R","Bash","Impervious","Sword Boomerang","Rampage"],"relics":["Burning Blood","Regal Pillow","Pen Nib","Tiny Chest","Paper Frog"],"acts_visited":["Exordium"],"potions_floor_usage":[8],"damage_taken":[{"damage":3,"enemies":"Small Slimes","floor":1,"turns":5},{"damage":2,"enemies":"2 Louse","floor":7,"turns":4},{"damage":52,"enemies":"Lagavulin","floor":8,"turns":9},{"damage":25,"enemies":"3 Sentries","floor":10,"turns":4}],"seed_played":"-1221009338132224470","potions_obtained":[{"floor":7,"key":"AttackPotion"},{"floor":8,"key":"ElixirPotion"}],"is_trial":false,"path_per_floor":["M","?","?","?","$","R","M","E","T","E"],"character_chosen":"IRONCLAD","items_purchased":["Pen Nib"],"campfire_rested":1,"item_purchase_floors":[5],"current_hp_per_floor":[53,42,31,24,24,61,65,19,19,0,0],"gold":72,"neow_bonus":"THREE_RARE_CARDS","is_daily":false,"chose_seed":false,"campfire_upgraded":0,"win_rate":0.0,"timestamp":1614077245,"path_taken":["M","?","?","?","$","R","M","E","T","E"],"items_purchased_type":["Relic"],"build_version":"2020-12-22","purchased_purges":0,"victory":false,"max_hp_per_floor":[75,75,75,75,75,75,75,75,75,75,75],"relic_stats":{"Regal Pillow":15,"counters":[4,22],"Tiny Chest":0,"Pen Nib":[2],"obtain_stats":[{"Regal Pillow":3,"Tiny Chest":8,"Pen Nib":5,"Burning Blood":0,"Paper Frog":9},{"Regal Pillow":1,"Tiny Chest":3,"Pen Nib":1,"Burning Blood":0,"Paper Frog":3},{"Regal Pillow":5,"Tiny Chest":18,"Pen Nib":5,"Burning Blood":0,"Paper Frog":18}],"Burning Blood":18},"card_choices":[{"not_picked":["Berserk","Limit Break"],"picked":"Impervious","floor":0},{"not_picked":["Havoc","Anger"],"picked":"Sword Boomerang","floor":1},{"not_picked":["Clash","Power Through","Intimidate"],"picked":"SKIP","floor":7},{"not_picked":["Bludgeon","Sever Soul"],"picked":"Rampage","floor":8}],"player_experience":795337,"relics_obtained":[{"floor":8,"key":"Tiny Chest"},{"floor":9,"key":"Paper Frog"}],"event_choices":[{"damage_healed":0,"gold_gain":75,"player_choice":"Gather Gold","damage_taken":11,"max_hp_gain":0,"max_hp_loss":0,"event_name":"World of Goop","floor":2,"gold_loss":0},{"damage_healed":0,"gold_gain":0,"player_choice":"Success","damage_taken":11,"relics_obtained":["Regal Pillow"],"max_hp_gain":0,"max_hp_loss":0,"event_name":"Scrap Ooze","floor":3,"gold_loss":0},{"cards_removed":["Strike_R"],"damage_healed":0,"gold_gain":0,"player_choice":"Card Removal","damage_taken":7,"max_hp_gain":0,"max_hp_loss":0,"event_name":"Golden Wing","floor":4,"gold_loss":0}],"is_beta":false,"boss_relics":[],"items_purged_floors":[],"is_endless":false,"potions_floor_spawned":[7,8],"killed_by":"3 Sentries","ascension_level":20}}