{"host":"xg4r5pv6chpuampg","time":1614102639,"event":{"mods":["AchievementEnabler","BaseMod","Googly Eyes","Minty Spire (QoL Compilation)","StSLib","Together in Spire"],"gold_per_floor":[118,193,193,193,42,73,73,87,87,34,54,83,83,99,99,202,502,512,208,208,208,208,208,208],"floor_reached":23,"language":"ENG","playtime":1025,"items_purged":[],"score":230,"play_id":"e25e8dff-0a83-4b47-9e3f-79bb0797e98f","local_time":"20210223205039","is_ascension_mode":true,"campfire_choices":[{"floor":13,"key":"REST"},{"data":"DevaForm","floor":15,"key":"SMITH"}],"circlet_count":0,"master_deck":["Defend_P","Defend_P","Defend_P","Defend_P","Eruption","Vigilance","EmptyBody","FollowUp","CarveReality","CutThroughFate","DevaForm+1","EmptyBody","CurseOfTheBell","Necronomicurse","Bite","Bite","Bite","Bite","Bite"],"relics":["Runic Pyramid","Ancient Tea Set","Lee\u0027s Waffle","Mummified Hand","HornCleat","Centennial Puzzle","Calling Bell","Akabeko","Matryoshka","Old Coin","Juzu Bracelet","Strange Spoon","Necronomicon","Anchor","StoneCalendar"],"acts_visited":["Exordium","TheCity"],"potions_floor_usage":[],"damage_taken":[{"damage":3,"enemies":"Jaw Worm","floor":1,"turns":2},{"damage":25,"enemies":"3 Sentries","floor":6,"turns":10},{"damage":11,"enemies":"Small Slimes","floor":8,"turns":2},{"damage":0,"enemies":"2 Louse","floor":11,"turns":3},{"damage":19,"enemies":"Lagavulin","floor":12,"turns":6},{"damage":0,"enemies":"Large Slime","floor":14,"turns":3},{"damage":2,"enemies":"Hexaghost","floor":16,"turns":8},{"damage":27,"enemies":"2 Thieves","floor":18,"turns":4},{"damage":49,"enemies":"Gremlin Leader","floor":23,"turns":5}],"seed_played":"3182868294428418956","potions_obtained":[{"floor":6,"key":"Explosive Potion"},{"floor":12,"key":"StancePotion"},{"floor":14,"key":"Swift Potion"},{"floor":18,"key":"EssenceOfSteel"}],"is_trial":false,"path_per_floor":["M","?","?","?","$","E","T","M","T","$","M","E","R","M","R","B",null,"M","$","?","?","T","E"],"character_chosen":"WATCHER","items_purchased":["Lee\u0027s Waffle","CutThroughFate","Juzu Bracelet","Strange Spoon"],"campfire_rested":1,"item_purchase_floors":[5,10,19,19],"current_hp_per_floor":[69,58,58,51,79,54,54,43,43,43,43,24,47,47,47,45,79,52,52,36,36,36,0,0],"gold":208,"neow_bonus":"BOSS_RELIC","is_daily":false,"chose_seed":false,"campfire_upgraded":1,"win_rate":0.0,"timestamp":1614102639,"path_taken":["M","?","?","?","$","E","?","M","T","$","M","E","R","M","R","BOSS","M","$","?","?","?","E"],"items_purchased_type":["Relic","Card","Relic","Relic"],"build_version":"2020-12-22","purchased_purges":0,"victory":false,"max_hp_per_floor":[72,72,72,72,79,79,79,79,79,79,79,79,79,79,79,79,79,79,79,79,55,55,55,55],"card_choices":[{"not_picked":["ClearTheMind","Swivel"],"picked":"EmptyBody","floor":1},{"not_picked":["Protect","DeceiveReality"],"picked":"FollowUp","floor":6},{"not_picked":["Prostrate","ClearTheMind"],"picked":"CarveReality","floor":8},{"not_picked":["Collect","EmptyFist"],"picked":"DevaForm","floor":11},{"not_picked":["Conclude","BowlingBash","Adaptation"],"picked":"SKIP","floor":12},{"not_picked":["Adaptation","Prostrate"],"picked":"EmptyBody","floor":14},{"not_picked":["JustLucky","MentalFortress","PathToVictory"],"picked":"SKIP","floor":18}],"player_experience":161998,"relics_obtained":[{"floor":6,"key":"Mummified Hand"},{"floor":7,"key":"HornCleat"},{"floor":12,"key":"Centennial Puzzle"},{"floor":17,"key":"Akabeko"},{"floor":17,"key":"Matryoshka"},{"floor":17,"key":"Old Coin"},{"floor":20,"key":"Necronomicon"},{"floor":22,"key":"Anchor"},{"floor":22,"key":"StoneCalendar"}],"event_choices":[{"damage_healed":0,"gold_gain":75,"player_choice":"Gather Gold","damage_taken":11,"max_hp_gain":0,"max_hp_loss":0,"event_name":"World of Goop","floor":2,"gold_loss":0},{"damage_healed":0,"gold_gain":0,"player_choice":"Ignored","damage_taken":0,"max_hp_gain":0,"max_hp_loss":0,"event_name":"Shining Light","floor":3,"gold_loss":0},{"damage_healed":0,"gold_gain":0,"player_choice":"Success","damage_taken":7,"relics_obtained":["Ancient Tea Set"],"max_hp_gain":0,"max_hp_loss":0,"event_name":"Scrap Ooze","floor":4,"gold_loss":0},{"damage_healed":0,"gold_gain":0,"player_choice":"Obtained Book","damage_taken":16,"max_hp_gain":0,"max_hp_loss":0,"event_name":"Cursed Tome","floor":20,"gold_loss":0},{"damage_healed":0,"gold_gain":0,"player_choice":"Became a vampire","damage_taken":0,"max_hp_gain":0,"max_hp_loss":24,"event_name":"Vampires","floor":21,"gold_loss":0,"cards_obtained":["Bite","Bite","Bite","Bite","Bite"]}],"is_beta":false,"boss_relics":[{"not_picked":["Astrolabe","Velvet Choker"],"picked":"Calling Bell"}],"items_purged_floors":[],"is_endless":false,"potions_floor_spawned":[6,12,14,16,18],"killed_by":"Gremlin Leader","ascension_level":1}}