{"host":"dz5pb68w9r4hdro8","time":1614075164,"event":{"mods":["AchievementEnabler","BaseMod","Better Skull","Better Third Choice","Challenge The Spire","Colored Map","Colored Powertips","DeckTracker","Googly Eyes","Highlight Path","Minty Spire (QoL Compilation)","Permanent Neow","Quick Restart","StSLib","SuperFastMode"],"gold_per_floor":[122,134,146,158,193,238,250,262,262],"floor_reached":8,"language":"ENG","playtime":193,"items_purged":[],"score":57,"play_id":"6d65971f-44b8-46bd-8639-baa2dfa1a5f4","local_time":"20210223021244","is_ascension_mode":true,"campfire_choices":[{"floor":7,"key":"REST"}],"circlet_count":0,"master_deck":["Strike_G","Strike_G","Strike_G","Strike_G","Strike_G","Defend_G","Defend_G","Defend_G","Defend_G","Defend_G","Survivor","Neutralize","CurseOfTheBell","Dagger Spray","Dagger Spray","Burn","Dagger Throw","Quick Slash"],"relics":["Calling Bell","MawBank","Shuriken","Prayer Wheel","Omamori","Golden Idol","Bottled Flame"],"acts_visited":["Exordium"],"potions_floor_usage":[],"damage_taken":[{"damage":0,"enemies":"Jaw Worm","floor":1,"turns":3},{"damage":5,"enemies":"2 Louse","floor":5,"turns":2},{"damage":46,"enemies":"Lagavulin","floor":6,"turns":6},{"damage":34,"enemies":"Gremlin Nob","floor":8,"turns":4}],"seed_played":"7965321288216988778","potions_obtained":[{"floor":5,"key":"Regen Potion"},{"floor":6,"key":"GamblersBrew"}],"is_trial":false,"path_per_floor":["M","?","T","?","M","E","R","E"],"character_chosen":"THE_SILENT","items_purchased":[],"campfire_rested":1,"item_purchase_floors":[],"current_hp_per_floor":[70,70,70,65,60,14,33,0,0],"gold":262,"neow_bonus":"BOSS_RELIC","is_daily":false,"chose_seed":false,"campfire_upgraded":0,"win_rate":0.0,"timestamp":1614075164,"path_taken":["M","?","?","?","M","E","R","E"],"items_purchased_type":[],"build_version":"2020-12-22","purchased_purges":0,"victory":false,"max_hp_per_floor":[70,70,70,65,65,65,65,65,65],"card_choices":[{"not_picked":["Distraction","Quick Slash"],"picked":"Dagger Spray","floor":1},{"not_picked":["Dagger Throw","Setup"],"picked":"Dagger Spray","floor":1},{"not_picked":["Expertise","Calculated Gamble"],"picked":"Dagger Throw","floor":5},{"not_picked":["Underhanded Strike","Dash"],"picked":"Quick Slash","floor":5},{"not_picked":["Dash","Leg Sweep","Tools of the Trade"],"picked":"SKIP","floor":6}],"player_experience":451978,"relics_obtained":[{"floor":0,"key":"MawBank"},{"floor":0,"key":"Shuriken"},{"floor":0,"key":"Prayer Wheel"},{"floor":3,"key":"Omamori"},{"floor":6,"key":"Bottled Flame"}],"event_choices":[{"damage_healed":70,"gold_gain":0,"player_choice":"Embrace Burn","damage_taken":0,"max_hp_gain":0,"max_hp_loss":70,"event_name":"betterThird:BetterShining","floor":2,"gold_loss":0},{"damage_healed":0,"gold_gain":0,"player_choice":"Lose Max HP","damage_taken":0,"relics_obtained":["Golden Idol"],"max_hp_gain":0,"max_hp_loss":5,"event_name":"Golden Idol","floor":4,"gold_loss":0}],"is_beta":false,"boss_relics":[],"items_purged_floors":[],"is_endless":false,"potions_floor_spawned":[5,6],"killed_by":"Gremlin Nob","ascension_level":1}}