{"host":"7bvt9h5xvpviio59","time":1614088188,"event":{"mods":["BaseMod","Colored Powertips","Conspire","Hubris","Infinite Spire","Minty Spire (QoL Compilation)","Rare Cards Sparkle","Replay The Spire","StSLib"],"gold_per_floor":[115,135,185,185,197,229,229,254,254,204,221,246,262,294,294,372,372,392,407,425,438,438,438],"floor_reached":22,"language":"ENG","playtime":484,"items_purged":[],"score":407,"play_id":"69dc6f79-41f8-41cc-801e-055b05fafa3f","local_time":"20210223214948","daily_mods":["Cursed Run"],"is_ascension_mode":true,"campfire_choices":[{"floor":7,"key":"REST"},{"floor":15,"key":"REST"}],"circlet_count":0,"master_deck":["AscendersBane","Bash","Twin Strike","hubris:Disease","Fire Breathing","Massacre","ReplayTheSpireMod:Doomed","Heavy Blade","Pummel","Whirlwind","Cleave","conspire:Blindness","Thunderclap","Inflame","Flex","Inflame","Whirlwind","Reckless Charge","Metallicize","Seeing Red","Abandon"],"relics":["Cursed Key","Darkstone Periapt","Du-Vu Doll","hubris:TinFlute","Torii","infinitespire:FocusingShard","Strawberry","Nunchaku","Pandora\u0027s Box"],"acts_visited":["Exordium","TheCity"],"potions_floor_usage":[1],"damage_taken":[{"damage":0,"enemies":"Cultist","floor":1,"turns":3},{"damage":2,"enemies":"2 Louse","floor":2,"turns":3},{"damage":12,"enemies":"Jaw Worm","floor":5,"turns":2},{"damage":25,"enemies":"Lagavulin","floor":6,"turns":5},{"damage":15,"enemies":"3 Sentries","floor":8,"turns":6},{"damage":9,"enemies":"Large Slime","floor":11,"turns":4},{"damage":20,"enemies":"Lagavulin","floor":12,"turns":5},{"damage":1,"enemies":"2 Fungi Beasts","floor":13,"turns":2},{"damage":16,"enemies":"Gremlin Nob","floor":14,"turns":3},{"damage":71,"enemies":"The Guardian","floor":16,"turns":9},{"damage":0,"enemies":"2 Thieves","floor":18,"turns":1},{"damage":14,"enemies":"Shell Parasite","floor":19,"turns":2},{"damage":31,"enemies":"Centurion and Healer","floor":20,"turns":3},{"damage":8,"enemies":"Sentry and Sphere","floor":21,"turns":3},{"damage":0,"enemies":"conspire:MimicChest","floor":22,"turns":2}],"seed_played":"8392132019850006243","potions_obtained":[{"floor":1,"key":"Fruit Juice"},{"floor":2,"key":"FairyPotion"}],"is_trial":true,"path_per_floor":["M","M","T","?","M","E","R","E","T","$","M","E","M","E","R","B",null,"M","M","M","M","?"],"character_chosen":"IRONCLAD","items_purchased":["Heavy Blade"],"campfire_rested":2,"item_purchase_floors":[10],"current_hp_per_floor":[73,71,77,77,65,40,65,50,56,56,47,34,33,17,46,37,88,88,74,43,35,35,35],"gold":438,"neow_bonus":"","is_daily":false,"chose_seed":true,"campfire_upgraded":0,"win_rate":0.0,"timestamp":1614088188,"path_taken":["M","M","?","?","?","E","R","E","T","$","M","E","M","E","R","BOSS","M","?","M","M","?"],"items_purchased_type":["Card"],"build_version":"2020-12-22","purchased_purges":0,"victory":false,"max_hp_per_floor":[80,80,86,86,86,86,86,86,92,92,92,99,99,99,99,105,105,105,105,105,105,105,105],"card_choices":[{"not_picked":["Replay:Undeath\u0027s Touch","Clothesline"],"picked":"Twin Strike","floor":1},{"not_picked":["Reckless Charge","Iron Wave","ReplayTheSpireMod:Strike From Hell"],"picked":"SKIP","floor":2},{"not_picked":["Carnage","Life Link"],"picked":"Fire Breathing","floor":5},{"not_picked":["Defy Death","conspire:Charge","Power Through"],"picked":"SKIP","floor":6},{"not_picked":["Wild Strike","Clothesline"],"picked":"Massacre","floor":8},{"not_picked":["Armaments","Sentinel"],"picked":"Pummel","floor":11},{"not_picked":["Shockwave","Second Wind","Body Slam"],"picked":"SKIP","floor":12},{"not_picked":["Flex","Sever Soul"],"picked":"Whirlwind","floor":13},{"not_picked":["Clothesline","Cleave","Twin Strike"],"picked":"SKIP","floor":14},{"not_picked":["Clothesline","Twin Strike"],"picked":"Cleave","floor":14},{"not_picked":["Armaments","Heavy Blade","Blood for Blood"],"picked":"SKIP","floor":18},{"not_picked":["ReplayTheSpireMod:Corrosion Curse+1","Clash","Perfected Strike"],"picked":"SKIP","floor":19},{"not_picked":["Dropkick","Heavy Blade","Armaments"],"picked":"SKIP","floor":20},{"not_picked":["ReplayTheSpireMod:Strike From Hell","Headbutt","Twin Strike"],"picked":"SKIP","floor":21}],"player_experience":494951,"relics_obtained":[{"floor":6,"key":"hubris:TinFlute"},{"floor":8,"key":"Torii"},{"floor":9,"key":"infinitespire:FocusingShard"},{"floor":12,"key":"Strawberry"},{"floor":14,"key":"Nunchaku"}],"event_choices":[{"damage_healed":0,"gold_gain":0,"player_choice":"Got Potions","damage_taken":0,"max_hp_gain":0,"max_hp_loss":0,"event_name":"Lab","floor":4,"gold_loss":0}],"is_beta":false,"boss_relics":[{"not_picked":["Coffee Dripper","conspire:RunicOctahedron"],"picked":"Pandora\u0027s Box"}],"items_purged_floors":[],"is_endless":false,"potions_floor_spawned":[1,2,11,12,19,21],"killed_by":"conspire:MimicChest","ascension_level":15}}