{"host":"lv7etzzgwahaenh9","time":1614102567,"event":{"mods":["AchievementEnabler","BaseMod","Colored Map","Colored Powertips","Highlight Path","Minty Spire (QoL Compilation)","Permanent Neow","Quick Restart","Random Character Button","StSLib"],"gold_per_floor":[368,385,398,411,411,411,439,137,191,204,235,235,261,261,261,356,356,371,371,371],"floor_reached":19,"language":"ENG","playtime":1330,"items_purged":[],"score":318,"play_id":"91499538-88cb-4e74-b525-01c9da22b1b7","local_time":"20210223094927","is_ascension_mode":true,"campfire_choices":[{"data":"Perfected Strike","floor":6,"key":"SMITH"},{"data":"Barricade","floor":12,"key":"SMITH"},{"floor":15,"key":"REST"}],"circlet_count":0,"master_deck":["AscendersBane","Bash+1","Clumsy","Perfected Strike+1","Seeing Red","Shrug It Off","Second Wind","Shrug It Off","Barricade+1","Shrug It Off","Immolate","Entrench","Exhume","Pummel","Feel No Pain","Rampage","Iron Wave","Power Through","Infernal Blade","Double Tap"],"relics":["Burning Blood","Letter Opener","Pocketwatch","Whetstone","Vajra","Gremlin Horn","Golden Idol","Pandora\u0027s Box"],"acts_visited":["Exordium","TheCity"],"potions_floor_usage":[7,13,16],"damage_taken":[{"damage":4,"enemies":"2 Louse","floor":1,"turns":3},{"damage":8,"enemies":"Jaw Worm","floor":2,"turns":4},{"damage":0,"enemies":"Small Slimes","floor":3,"turns":3},{"damage":13,"enemies":"3 Louse","floor":4,"turns":6},{"damage":12,"enemies":"Lagavulin","floor":7,"turns":6},{"damage":3,"enemies":"Looter","floor":10,"turns":2},{"damage":7,"enemies":"3 Sentries","floor":11,"turns":7},{"damage":16,"enemies":"Gremlin Nob","floor":13,"turns":3},{"damage":21,"enemies":"Slime Boss","floor":16,"turns":10},{"damage":2,"enemies":"3 Byrds","floor":18,"turns":4},{"damage":24,"enemies":"Shell Parasite","floor":19,"turns":6}],"seed_played":"7457978410601649266","potions_obtained":[{"floor":2,"key":"Block Potion"},{"floor":7,"key":"ElixirPotion"},{"floor":10,"key":"BloodPotion"},{"floor":11,"key":"ColorlessPotion"},{"floor":13,"key":"Explosive Potion"},{"floor":16,"key":"Dexterity Potion"}],"is_trial":false,"path_per_floor":["M","M","M","M","?","R","E","$","T","M","E","R","E","?","R","B",null,"M","M"],"character_chosen":"IRONCLAD","items_purchased":["Pocketwatch"],"campfire_rested":1,"item_purchase_floors":[8],"current_hp_per_floor":[70,68,74,67,52,52,46,46,46,49,48,48,38,20,42,27,63,67,43,43],"gold":371,"neow_bonus":"TWO_FIFTY_GOLD","is_daily":false,"chose_seed":false,"campfire_upgraded":2,"win_rate":0.0,"timestamp":1614102567,"path_taken":["M","M","M","M","?","R","E","$","T","M","E","R","E","?","R","BOSS","M","M"],"items_purchased_type":["Relic"],"build_version":"2020-12-22","purchased_purges":0,"victory":false,"max_hp_per_floor":[75,75,75,75,75,75,75,75,75,75,75,75,75,75,75,75,75,75,75,75],"card_choices":[{"not_picked":["True Grit","Body Slam"],"picked":"Perfected Strike","floor":1},{"not_picked":["Uppercut","Rampage"],"picked":"Seeing Red","floor":2},{"not_picked":["Warcry","Entrench"],"picked":"Shrug It Off","floor":3},{"not_picked":["Havoc","Cleave"],"picked":"Second Wind","floor":4},{"not_picked":["Metallicize","Pummel"],"picked":"Shrug It Off","floor":7},{"not_picked":["Blood for Blood","Clash","Heavy Blade"],"picked":"SKIP","floor":10},{"not_picked":["Anger","Rampage"],"picked":"Barricade","floor":11},{"not_picked":["Carnage","Headbutt"],"picked":"Shrug It Off","floor":13},{"not_picked":["Reaper","Barricade"],"picked":"Immolate","floor":16},{"not_picked":["Thunderclap","Twin Strike+1","Wild Strike"],"picked":"SKIP","floor":18}],"player_experience":518108,"relics_obtained":[{"floor":7,"key":"Letter Opener"},{"floor":9,"key":"Whetstone"},{"floor":11,"key":"Vajra"},{"floor":13,"key":"Gremlin Horn"}],"event_choices":[{"damage_healed":0,"gold_gain":0,"player_choice":"Entered Light","damage_taken":15,"max_hp_gain":0,"max_hp_loss":0,"event_name":"Shining Light","floor":5,"gold_loss":0,"cards_upgraded":["Defend_R","Strike_R"]},{"damage_healed":0,"gold_gain":0,"player_choice":"Take Damage","damage_taken":18,"relics_obtained":["Golden Idol"],"max_hp_gain":0,"max_hp_loss":0,"event_name":"Golden Idol","floor":14,"gold_loss":0}],"is_beta":false,"boss_relics":[{"not_picked":["SacredBark","Runic Dome"],"picked":"Pandora\u0027s Box"}],"items_purged_floors":[],"is_endless":false,"potions_floor_spawned":[2,7,10,11,13,16,18],"killed_by":"Shell Parasite","ascension_level":14}}