{"host":"quiy8wyoisq1qqtn","time":1614083323,"event":{"mods":["BaseMod","Downfall","Minty Spire (QoL Compilation)","StSLib"],"gold_per_floor":[99,115,171,171,171,45,56,104,143,143,163,197,197,306,315,315,333,333,333,333],"floor_reached":18,"language":"ZHS","playtime":1127,"items_purged":["downfall:Malfunctioning"],"score":118,"play_id":"3580596b-388e-44cf-8bf0-ba4afe794c91","local_time":"20210223202843","is_ascension_mode":false,"campfire_choices":[{"data":"champ:Execute","floor":1,"key":"SMITH"},{"floor":10,"key":"REST"},{"floor":13,"key":"RECALL"}],"circlet_count":0,"master_deck":["champ:Strike","champ:Strike","champ:Strike","champ:Strike","champ:Defend+1","champ:Defend","champ:Defend+1","champ:Defend","champ:Execute+1","champ:Taunt+1","champ:TornadoPunch+1","champ:DefensiveShout+1","champ:TornadoPunch+1","champ:DeathBlow","champ:EndlessRage","champ:DancingMaster","champ:SetATrap","champ:GutPunch","Parasite"],"relics":["champ:ChampionCrown","Eternal Feather","CeramicFish","War Paint","Bottled Tornado","Champion Belt","downfall:BrokenWingStatue"],"acts_visited":["Exordium"],"potions_floor_usage":[9,12,14,18,18,18,18],"damage_taken":[{"damage":21,"enemies":"Cultist","floor":2,"turns":3},{"damage":48,"enemies":"Gremlin Nob","floor":3,"turns":5},{"damage":25,"enemies":"downfall:FleeingMerchant","floor":6,"turns":4},{"damage":25,"enemies":"Small Slimes","floor":7,"turns":4},{"damage":51,"enemies":"Gremlin Nob","floor":9,"turns":4},{"damage":0,"enemies":"2 Louse","floor":11,"turns":2},{"damage":15,"enemies":"Lagavulin","floor":12,"turns":11},{"damage":69,"enemies":"Lagavulin","floor":14,"turns":5},{"damage":39,"enemies":"Red Slaver","floor":17,"turns":5},{"damage":19,"enemies":"IC_STATUS_ARCHETYPE","floor":18,"turns":4}],"seed_played":"-5077055632416577128","potions_obtained":[{"floor":3,"key":"champ:TechniquePotion"},{"floor":11,"key":"SkillPotion"},{"floor":12,"key":"LiquidBronze"},{"floor":14,"key":"EntropicBrew"}],"is_trial":false,"path_per_floor":["R","M","?","?","?","$","M","T","E","R","M","E","R","?","?","?","M","B"],"character_chosen":"THE_CHAMP","items_purchased":["champ:EndlessRage"],"campfire_rested":1,"item_purchase_floors":[6],"current_hp_per_floor":[99,98,75,75,75,75,70,70,39,77,77,67,76,17,41,41,17,0,0,0],"gold":333,"neow_bonus":"TEN_PERCENT_HP_BONUS","is_daily":false,"chose_seed":false,"campfire_upgraded":1,"win_rate":0.0,"timestamp":1614083323,"path_taken":["R","M","?","?","?","$","M","T","E","R","?","E","R","?","?","?","M","BOSS"],"items_purchased_type":["Card"],"build_version":"2020-12-22","purchased_purges":1,"victory":false,"max_hp_per_floor":[99,99,99,99,99,99,99,99,99,99,99,99,99,99,99,99,99,99,99,99],"card_choices":[{"not_picked":["champ:Circumvent","champ:FaceSlap"],"picked":"champ:TornadoPunch","floor":2},{"not_picked":["champ:RapidStrikes","champ:EnGarde"],"picked":"champ:DefensiveShout","floor":3},{"not_picked":["champ:Shatter","champ:SetATrap"],"picked":"champ:DeathBlow","floor":6},{"not_picked":["champ:RapidStrikes","champ:Encircle","champ:PreciseThrust"],"picked":"SKIP","floor":7},{"not_picked":["champ:Parry","champ:DeathBlow"],"picked":"champ:DancingMaster","floor":9},{"not_picked":["champ:EnragedBash","champ:CrownThrow","champ:FocusedDefense"],"picked":"SKIP","floor":11},{"not_picked":["champ:CrookedStrike","champ:HeavySlash"],"picked":"champ:SetATrap","floor":12},{"not_picked":["champ:TornadoPunch","champ:CrookedStrike"],"picked":"champ:GutPunch","floor":14},{"not_picked":["champ:DefensiveShout","champ:Duel","champ:SetATrap"],"picked":"SKIP","floor":17}],"player_experience":457250,"relics_obtained":[{"floor":3,"key":"Eternal Feather"},{"floor":8,"key":"CeramicFish"},{"floor":9,"key":"War Paint"},{"floor":12,"key":"Bottled Tornado"},{"floor":14,"key":"Champion Belt"}],"event_choices":[{"damage_healed":24,"gold_gain":0,"player_choice":"Healed and dodged fight","damage_taken":0,"max_hp_gain":0,"max_hp_loss":0,"event_name":"Mushrooms","floor":15,"gold_loss":0,"cards_obtained":["Parasite"]}],"is_beta":false,"boss_relics":[],"items_purged_floors":[6],"is_endless":false,"potions_floor_spawned":[3,11,12,14],"killed_by":"IC_STATUS_ARCHETYPE","ascension_level":0}}