{"host":"b3qi48j7z53ln4gi","time":1614096103,"event":{"mods":["100% Spire Juice","2.2 Compatiblity","AchievementEnabler","Act Like it!","BaseMod","Better Note","Better Third Choice","BetterRewards","Bossed Relics","CapriCore","Colored Powertips","Curses Come First","Dota2Spire","Gensokyo","GungeonMod","Hallownest","HololiveMod","Infinite Spire","Koishi","Minty Spire (QoL Compilation)","Permanent Neow","Prisma Mod","Reimu£¨ÚÏ???£©","Remilia£¨?Ú·×é?£©","Remove Card Discount Mod","Say the Spire","Shade Mod","Shop Mod","Spicy Shops","StSLib","Td1madao Mod","The Administrix","The Animator","The Dragon Tamer","The Immortal","The Jungle","The Senshi","The Servant 0.9.4","Wandering Minibosses","¡¼?Úª?ø«¡½REMEMod"],"gold_per_floor":[116,116,127,139,159,159,191,191,191,226,270,282,282,282,282,377,377,391,411,146,156,156,156],"floor_reached":22,"language":"KOR","playtime":1923,"items_purged":["PrismaMod:ChloeCommonAttack+1","PrismaMod:ChloeCommonDefend+1","PrismaMod:ChloeCommonAttack+1","PrismaMod:ChloeCheapDefend","PrismaMod:ChloeCommonAttack+1","Hololive_CallRoboco","PrismaMod:ChloeCommonAttack+1","PrismaMod:ChloeCommonAttack+1"],"score":248,"play_id":"4c605bf4-9c00-4349-be1b-faf167b11847","local_time":"20210224010143","is_ascension_mode":false,"campfire_choices":[{"data":"PrismaMod:ChloeGaeBolg","floor":6.0,"key":"SMITH"},{"data":"PrismaMod:ChloeEyeOfTheEuryale","floor":8.0,"key":"SMITH"},{"data":"PrismaMod:ChloeCheapDefend","floor":13.0,"key":"SMITH"},{"data":"PrismaMod:ChloeEyeOfTheEuryale","floor":15.0,"key":"SMITH"}],"circlet_count":0,"master_deck":["PrismaMod:ChloeCommonDefend+1","PrismaMod:ChloeCommonDefend+1","PrismaMod:ChloeCheapAttack","PrismaMod:ChloeGaeBolg+1","PrismaMod:ChloeGaeBolg+1","PrismaMod:ChloeCheapDefendTwo","PrismaMod:ChloeGaeBolg","PrismaMod:ChloeCheapAttackTwo","PrismaMod:ChloeEyeOfTheEuryale+1","PrismaMod:ChloeEyeOfTheEuryale+1","PrismaMod:ChloeCheapDefend+1","PrismaMod:ChloeCheapAttack","PrismaMod:ChloeAnyAttackTrace","PrismaMod:ChloeCheapDefendTwo+1"],"relics":["PrismaMod:PrismaTraceOn","REME_ComplimentaryCards","infinitespire:EmpoweringShard","DemoMod:ResourcefulSack","theJungle:ParSnip","Hallownest:SalubrasBlessingRelic","theSenshi:SpiralHeartMoonRodRelic","Ancient Tea Set","Tiny House","Shuriken"],"acts_visited":["Hallownest:Greenpath","TheCity"],"potions_floor_usage":[],"damage_taken":[{"damage":0.0,"enemies":"Hallownest:2_Baldur","floor":1.0,"turns":2.0},{"damage":0.0,"enemies":"Hallownest:monsterHuskGuard","floor":3.0,"turns":2.0},{"damage":4.0,"enemies":"Hallownest:2_Tiktiks_and_1_Crawlid","floor":4.0,"turns":2.0},{"damage":1.0,"enemies":"Hallownest:2_Tiktiks_1_Baldur_1_Crawlid","floor":5.0,"turns":3.0},{"damage":0.0,"enemies":"Hallownest:eliteCrystalGuardian","floor":7.0,"turns":3.0},{"damage":0.0,"enemies":"Hallownest:eliteMossKnight","floor":10.0,"turns":2.0},{"damage":3.0,"enemies":"Hallownest:Guard_and_Warrior","floor":11.0,"turns":3.0},{"damage":1.0,"enemies":"Hallownest:1_Baldur_1_Crawlid_1_Warrior","floor":12.0,"turns":6.0},{"damage":3.0,"enemies":"Hallownest:BossBrokenVessel","floor":16.0,"turns":6.0},{"damage":0.0,"enemies":"2 Thieves","floor":18.0,"turns":2.0},{"damage":3.0,"enemies":"Shell Parasite","floor":19.0,"turns":5.0},{"damage":6.0,"enemies":"Snake Plant","floor":21.0,"turns":2.0},{"damage":0,"enemies":"Masked Bandits","floor":22,"turns":1}],"seed_played":"2072914574116962547","potions_obtained":[{"floor":3.0,"key":"Dota2Spire:Clarity"},{"floor":4.0,"key":"Dota2Spire:Clarity"},{"floor":7.0,"key":"REME_GoldPotion"},{"floor":16.0,"key":"SteroidPotion"},{"floor":18.0,"key":"DemoMod:LeadSkinPotion"},{"floor":21.0,"key":"Dota2Spire:HealingSalve"}],"is_trial":false,"path_per_floor":["M","?","M","M","M","R","E","R","T","E","M","M","R","?","R","B",null,"M","M","$","M","?"],"character_chosen":"CHLOE","items_purchased":["PrismaMod:ChloeGaeBolg","infinitespire:EmpoweringShard","Shuriken"],"campfire_rested":0,"item_purchase_floors":[0,0,20],"current_hp_per_floor":[70,70,70,66,65,65,65,65,65,67,68,70,70,70,70,69,70,70,69,69,65,65,65],"gold":156,"neow_bonus":"","is_daily":false,"chose_seed":false,"campfire_upgraded":4,"win_rate":0.0,"timestamp":1614096103,"path_taken":["M","?","M","M","M","R","E","R","T","E","M","M","R","?","R","BOSS","M","M","$","M","?"],"items_purchased_type":["Card","Relic","Relic"],"build_version":"2020-12-22","purchased_purges":8,"victory":false,"max_hp_per_floor":[70,70,70,70,70,70,70,70,70,70,70,70,70,70,70,70,70,70,70,70,70,70,70],"card_choices":[{"not_picked":["PrismaMod:ChloeCheapAttack","PrismaMod:ChloeCheapAttackTwo"],"picked":"PrismaMod:ChloeCheapDefendTwo","floor":1.0},{"not_picked":["PrismaMod:ChloeCheapDefend","PrismaMod:ChloeRuleBreaker"],"picked":"PrismaMod:ChloeGaeBolg","floor":3.0},{"not_picked":["PrismaMod:ChloeExhaustOne","PrismaMod:ChloeAnyUncommonTrace"],"picked":"PrismaMod:ChloeCheapAttackTwo","floor":4.0},{"not_picked":["PrismaMod:ChloeCheapDefendTwo","PrismaMod:ChloeCheapAttackTwo","PrismaMod:ChloeDiscardRecovery"],"picked":"SKIP","floor":5.0},{"not_picked":["PrismaMod:ChloeRuleBreaker","PrismaMod:ChloeDemonicTutor"],"picked":"PrismaMod:ChloeEyeOfTheEuryale","floor":7.0},{"not_picked":["PrismaMod:ChloeCommonAOEAttack","PrismaMod:ChloeHalloween"],"picked":"PrismaMod:ChloeEyeOfTheEuryale","floor":10.0},{"not_picked":["PrismaMod:ChloeCheapDefendTwo","PrismaMod:ChloeChristmas"],"picked":"PrismaMod:ChloeCheapDefend","floor":11.0},{"not_picked":["PrismaMod:ChloeCheapAttackTwo","PrismaMod:ChloeRuleBreaker"],"picked":"PrismaMod:ChloeCheapAttack","floor":12.0},{"not_picked":["PrismaMod:ChloeDoubleRelicSpeed","PrismaMod:ChloeUnlimitedBladeWorks"],"picked":"PrismaMod:ChloeAnyAttackTrace","floor":16.0},{"not_picked":["PrismaMod:ChloeCheapDefend","PrismaMod:ChloeCheapAttack","PrismaMod:ChloeCommonAOEAttack"],"picked":"SKIP","floor":18.0},{"not_picked":["PrismaMod:ChloeUncommonDefend","PrismaMod:ChloeCheapAttack","PrismaMod:ChloeCheapDefend"],"picked":"SKIP","floor":19.0},{"not_picked":["PrismaMod:ChloeChristmas","PrismaMod:ChloeCommonAOEAttack"],"picked":"PrismaMod:ChloeCheapDefendTwo+1","floor":21.0}],"player_experience":163895,"relics_obtained":[{"floor":7.0,"key":"theSenshi:SpiralHeartMoonRodRelic"},{"floor":10.0,"key":"Ancient Tea Set"}],"event_choices":[{"damage_healed":0,"gold_gain":0,"player_choice":"Fought Bandits","damage_taken":0,"max_hp_gain":0,"max_hp_loss":0,"event_name":"Masked Bandits","floor":22,"gold_loss":0}],"is_beta":false,"boss_relics":[{"not_picked":["REME_DuelDisc","Hololive_TopUpMoneyS"],"picked":"Tiny House"}],"items_purged_floors":[0,0,0,0,0,0,20,20],"is_endless":false,"potions_floor_spawned":[3,4,7,16,18,21],"killed_by":"Masked Bandits","ascension_level":0}}