{"host":"z9rwthyxsf7d04ix","time":1614108648,"event":{"mods":["AchievementEnabler","BaseMod","Colored Map","Colored Powertips","Minty Spire (QoL Compilation)","Quick Restart"],"gold_per_floor":[144,189,234,234,279,369,426,438,450,552,514,526,514,76,76,385,412,457,457,207,57,57,147,107,206,206,260,110,209,518,917,917,1217,1217,1271,1371,1425,1584,1427,1517,1517,1517],"floor_reached":41,"language":"ENG","playtime":2666,"items_purged":[],"score":578,"play_id":"1cc637e0-c30c-43a0-a3fe-6e72404f085a","local_time":"20210223213048","daily_mods":["Draft","Flight","Midas"],"is_ascension_mode":false,"campfire_choices":[{"floor":8,"key":"REST"},{"floor":15,"key":"REST"},{"floor":32,"key":"REST"}],"circlet_count":0,"master_deck":["Spot Weakness","Battle Trance","Iron Wave","Flame Barrier","Heavy Blade","Thunderclap","Iron Wave","Pommel Strike","Pummel","Anger+1","Iron Wave","Battle Trance","Rage","Intimidate","Berserk+1","Shrug It Off+1","Rampage+1","Warcry+1","Juggernaut","Thunderclap+1","Dropkick+1","Spot Weakness+1","Dropkick+1","True Grit+1","Armaments+1","Dark Embrace+1","Flash of Steel+1","Burning Pact+1"],"relics":["Burning Blood","MawBank","Centennial Puzzle","InkBottle","Ginger","CeramicFish","Astrolabe","Paper Frog","Happy Flower","Molten Egg 2","Calipers","Toxic Egg 2","Vajra","Akabeko","Bird Faced Urn","Singing Bowl","Old Coin","SlaversCollar","Girya","Dream Catcher"],"acts_visited":["Exordium","TheCity","TheBeyond"],"potions_floor_usage":[16,30,30,31],"damage_taken":[{"damage":0,"enemies":"Jaw Worm","floor":1,"turns":2},{"damage":0,"enemies":"Cultist","floor":2,"turns":3},{"damage":0,"enemies":"2 Louse","floor":3,"turns":2},{"damage":0,"enemies":"Looter","floor":5,"turns":1},{"damage":13,"enemies":"Gremlin Nob","floor":6,"turns":4},{"damage":2,"enemies":"Large Slime","floor":7,"turns":4},{"damage":9,"enemies":"3 Sentries","floor":10,"turns":3},{"damage":37,"enemies":"Hexaghost","floor":16,"turns":6},{"damage":0,"enemies":"Chosen","floor":18,"turns":4},{"damage":0,"enemies":"Gremlin Leader","floor":23,"turns":5},{"damage":14,"enemies":"Slavers","floor":25,"turns":5},{"damage":13,"enemies":"Shell Parasite","floor":27,"turns":4},{"damage":21,"enemies":"Book of Stabbing","floor":29,"turns":5},{"damage":18,"enemies":"Colosseum Slavers","floor":30,"turns":2},{"damage":10,"enemies":"Colosseum Nobs","floor":30,"turns":4},{"damage":19,"enemies":"Slavers","floor":31,"turns":4},{"damage":16,"enemies":"Collector","floor":33,"turns":5},{"damage":11,"enemies":"Orb Walker","floor":35,"turns":2},{"damage":0,"enemies":"3 Darklings","floor":37,"turns":5},{"damage":30,"enemies":"Mind Bloom Boss Battle","floor":38,"turns":5},{"damage":36,"enemies":"Reptomancer","floor":40,"turns":6},{"damage":48,"enemies":"Nemesis","floor":41,"turns":5}],"seed_played":"-7386017133472573341","potions_obtained":[{"floor":1,"key":"DistilledChaos"},{"floor":2,"key":"Dexterity Potion"},{"floor":6,"key":"EntropicBrew"},{"floor":10,"key":"LiquidBronze"},{"floor":25,"key":"DuplicationPotion"},{"floor":29,"key":"Regen Potion"},{"floor":37,"key":"SpeedPotion"}],"is_trial":false,"path_per_floor":["M","M","M","?","M","E","M","R","T","E","?","?","?","$","R","B",null,"M","?","$","$","?","E","?","E","T","M","$","E","?","E","R","B",null,"M","?","M","?","$","E","E"],"character_chosen":"IRONCLAD","items_purchased":["Ginger","CeramicFish","Paper Frog","Happy Flower","Vajra","Flash of Steel+1","Burning Pact+1"],"campfire_rested":3,"item_purchase_floors":[14,14,20,21,28,39,39],"current_hp_per_floor":[80,80,80,80,80,73,77,80,80,77,77,77,77,77,80,49,80,80,80,80,80,80,80,80,72,72,65,65,50,46,37,61,55,82,77,77,82,62,62,38,0,0],"gold":1517,"neow_bonus":"","is_daily":true,"chose_seed":false,"campfire_upgraded":0,"win_rate":0.0,"timestamp":1614108648,"path_taken":["M","M","M","?","M","E","?","R","T","E","?","?","?","?","R","BOSS","M","?","$","$","?","E","?","E","T","?","$","E","?","E","R","BOSS","M","?","?","?","$","E","E"],"items_purchased_type":["Relic","Relic","Relic","Relic","Relic","Card","Card"],"build_version":"2020-12-22","purchased_purges":0,"victory":false,"max_hp_per_floor":[80,80,80,80,80,80,80,80,80,80,80,80,80,80,80,80,80,80,80,80,80,80,80,80,80,80,80,80,80,80,80,80,82,82,82,82,82,82,82,84,84,84],"card_choices":[{"not_picked":["Entrench","Thunderclap"],"picked":"Spot Weakness","floor":0},{"not_picked":["True Grit","Evolve"],"picked":"Battle Trance","floor":0},{"not_picked":["Body Slam","Armaments"],"picked":"Iron Wave","floor":0},{"not_picked":["Searing Blow","Shrug It Off"],"picked":"Flame Barrier","floor":0},{"not_picked":["Heavy Blade","Shockwave"],"picked":"Flex","floor":0},{"not_picked":["Clash","Wild Strike"],"picked":"Heavy Blade","floor":0},{"not_picked":["Flex","Infernal Blade"],"picked":"Thunderclap","floor":0},{"not_picked":["Heavy Blade","Body Slam"],"picked":"Iron Wave","floor":0},{"not_picked":["True Grit","Rampage"],"picked":"Pommel Strike","floor":0},{"not_picked":["Reckless Charge","Headbutt"],"picked":"Pummel","floor":0},{"not_picked":["Flex","Body Slam"],"picked":"Cleave","floor":0},{"not_picked":["Perfected Strike","Heavy Blade"],"picked":"Anger","floor":0},{"not_picked":["Heavy Blade","Warcry"],"picked":"Iron Wave","floor":0},{"not_picked":["Uppercut","Pommel Strike"],"picked":"Battle Trance","floor":0},{"not_picked":["Perfected Strike","Headbutt"],"picked":"True Grit","floor":0},{"not_picked":["Heavy Blade","Anger","Sword Boomerang"],"picked":"SKIP","floor":1},{"not_picked":["Armaments","Entrench","Shrug It Off"],"picked":"SKIP","floor":2},{"not_picked":["Reckless Charge","Flex"],"picked":"Rage","floor":3},{"not_picked":["Iron Wave","Body Slam"],"picked":"Fiend Fire","floor":5},{"not_picked":["Heavy Blade","Iron Wave","Shrug It Off"],"picked":"SKIP","floor":6},{"not_picked":["Headbutt","Heavy Blade"],"picked":"Intimidate","floor":7},{"not_picked":["Perfected Strike","Combust","Fire Breathing"],"picked":"SKIP","floor":10},{"not_picked":["Exhume","Offering"],"picked":"Berserk","floor":16},{"not_picked":["Thunderclap","Heavy Blade","Dropkick"],"picked":"SKIP","floor":18},{"not_picked":["Uppercut+1","Whirlwind+1","Clash+1"],"picked":"SKIP","floor":23},{"not_picked":["Armaments","Twin Strike+1"],"picked":"Juggernaut","floor":25},{"not_picked":["Sever Soul+1","Sword Boomerang+1"],"picked":"Thunderclap+1","floor":27},{"not_picked":["Power Through+1","Whirlwind+1"],"picked":"Dropkick+1","floor":29},{"not_picked":["Heavy Blade+1","Wild Strike+1"],"picked":"Spot Weakness+1","floor":30},{"not_picked":["Fire Breathing+1","Rupture"],"picked":"Dropkick+1","floor":31},{"not_picked":["Demon Form","Fiend Fire+1","Feed+1"],"picked":"Singing Bowl","floor":33},{"not_picked":["Power Through+1","Thunderclap+1"],"picked":"True Grit+1","floor":35},{"not_picked":["Pommel Strike+1","Havoc+1"],"picked":"Armaments+1","floor":37},{"not_picked":["Clothesline+1","Impervious+1"],"picked":"Dark Embrace+1","floor":38},{"not_picked":["Thunderclap+1","Blood for Blood+1","Shrug It Off+1"],"picked":"Singing Bowl","floor":40}],"player_experience":789134,"relics_obtained":[{"floor":6,"key":"MawBank"},{"floor":9,"key":"Centennial Puzzle"},{"floor":10,"key":"InkBottle"},{"floor":23,"key":"Molten Egg 2"},{"floor":25,"key":"Calipers"},{"floor":26,"key":"Toxic Egg 2"},{"floor":29,"key":"Akabeko"},{"floor":30,"key":"Bird Faced Urn"},{"floor":30,"key":"Singing Bowl"},{"floor":31,"key":"Old Coin"},{"floor":38,"key":"Girya"},{"floor":40,"key":"Dream Catcher"}],"event_choices":[{"damage_healed":0,"gold_gain":0,"player_choice":"Bought 0 Potions","damage_taken":0,"max_hp_gain":0,"max_hp_loss":0,"event_name":"The Woman in Blue","floor":4,"gold_loss":0},{"cards_removed":["True Grit"],"damage_healed":0,"gold_gain":0,"player_choice":"Card Removal","damage_taken":0,"max_hp_gain":0,"max_hp_loss":0,"event_name":"The Cleric","floor":11,"gold_loss":50},{"damage_healed":0,"gold_gain":0,"player_choice":"Grow","damage_taken":0,"max_hp_gain":0,"max_hp_loss":0,"event_name":"Living Wall","floor":12,"gold_loss":0,"cards_upgraded":["Anger"]},{"damage_healed":0,"gold_gain":0,"player_choice":"Left Gold","damage_taken":0,"max_hp_gain":0,"max_hp_loss":0,"event_name":"World of Goop","floor":13,"gold_loss":24},{"damage_healed":0,"gold_gain":0,"player_choice":"Ignored","damage_taken":0,"max_hp_gain":0,"max_hp_loss":0,"event_name":"Vampires","floor":19,"gold_loss":0},{"damage_healed":0,"gold_gain":0,"player_choice":"Ignored","damage_taken":0,"max_hp_gain":0,"max_hp_loss":0,"event_name":"Ghosts","floor":22,"gold_loss":0},{"damage_healed":0,"gold_gain":0,"player_choice":"Upgrade","damage_taken":0,"max_hp_gain":0,"max_hp_loss":0,"event_name":"Designer","floor":24,"gold_loss":40,"cards_upgraded":["Berserk"]},{"damage_healed":0,"gold_gain":0,"player_choice":"Fight","damage_taken":0,"max_hp_gain":0,"max_hp_loss":0,"event_name":"Colosseum","floor":30,"gold_loss":0},{"damage_healed":0,"gold_gain":0,"player_choice":"Fought Nobs","damage_taken":0,"max_hp_gain":0,"max_hp_loss":0,"event_name":"Colosseum","floor":30,"gold_loss":0},{"damage_healed":0,"gold_gain":100,"player_choice":"Pray","damage_taken":0,"max_hp_gain":0,"max_hp_loss":0,"event_name":"Golden Shrine","floor":36,"gold_loss":0},{"damage_healed":0,"gold_gain":0,"player_choice":"Fight","damage_taken":0,"max_hp_gain":0,"max_hp_loss":0,"event_name":"MindBloom","floor":38,"gold_loss":0}],"is_beta":false,"boss_relics":[{"not_picked":["Sozu","Snecko Eye"],"picked":"Astrolabe"},{"not_picked":["Black Star","Tiny House"],"picked":"SlaversCollar"}],"items_purged_floors":[],"is_endless":false,"potions_floor_spawned":[1,2,6,7,10,25,29,30,37],"killed_by":"Nemesis","ascension_level":0}}