{"host":"d2gh6suihlstufn7","time":1614054888,"event":{"mods":["AchievementEnabler","BaseMod","Colored Map","Colored Powertips","Minty Spire (QoL Compilation)","Permanent Neow","Quick Restart"],"gold_per_floor":[119,119,394,46,60,60,80,97,124,124,138,138,138,153,153,153,153],"floor_reached":16,"language":"KOR","playtime":384,"items_purged":["Regret"],"score":92,"play_id":"b00499a1-b814-4172-b312-128bf1e2edd7","local_time":"20210223133448","is_ascension_mode":false,"campfire_choices":[{"data":"Apotheosis","floor":6.0,"key":"SMITH"},{"floor":13.0,"key":"RECALL"},{"data":"Perfected Strike","floor":15.0,"key":"SMITH"}],"circlet_count":0,"master_deck":["Strike_R","Strike_R","Strike_R","Strike_R","Strike_R","Defend_R","Defend_R","Defend_R","Defend_R","Bash","Apotheosis+1","Perfected Strike+1","Battle Trance","Pommel Strike","Immolate","Headbutt","Armaments","Wild Strike","Dual Wield","Regret"],"relics":["Burning Blood","Orrery","Oddly Smooth Stone","Omamori","Golden Idol"],"acts_visited":["Exordium"],"potions_floor_usage":[],"damage_taken":[{"damage":3.0,"enemies":"Jaw Worm","floor":1.0,"turns":4.0},{"damage":7.0,"enemies":"2 Louse","floor":5.0,"turns":2.0},{"damage":0.0,"enemies":"Cultist","floor":7.0,"turns":2.0},{"damage":7.0,"enemies":"3 Louse","floor":8.0,"turns":2.0},{"damage":17.0,"enemies":"Large Slime","floor":11.0,"turns":5.0},{"damage":17.0,"enemies":"2 Fungi Beasts","floor":14.0,"turns":3.0},{"damage":72,"enemies":"The Guardian","floor":16,"turns":7}],"seed_played":"-4311313121470833175","potions_obtained":[{"floor":1.0,"key":"FairyPotion"},{"floor":5.0,"key":"Dexterity Potion"},{"floor":11.0,"key":"Explosive Potion"}],"is_trial":false,"path_per_floor":["M","?","?","$","M","R","M","M","T","?","M","?","R","M","R","B"],"character_chosen":"IRONCLAD","items_purchased":["Perfected Strike","Battle Trance","Orrery"],"campfire_rested":0,"item_purchase_floors":[4,4,4],"current_hp_per_floor":[72,72,72,72,71,71,72,71,71,71,60,60,60,49,49,0,0],"gold":153,"neow_bonus":"RANDOM_COLORLESS_2","is_daily":false,"chose_seed":false,"campfire_upgraded":2,"win_rate":0.0,"timestamp":1614054888,"path_taken":["M","?","?","$","?","R","M","M","T","?","M","?","R","M","R","BOSS"],"items_purchased_type":["Card","Card","Relic"],"build_version":"2020-12-22","purchased_purges":1,"victory":false,"max_hp_per_floor":[72,72,72,72,72,72,72,72,72,72,72,72,72,72,72,72,72],"card_choices":[{"not_picked":["Mayhem","Sadistic Nature"],"picked":"Apotheosis","floor":0.0},{"not_picked":["Heavy Blade","Disarm","True Grit"],"picked":"SKIP","floor":1.0},{"not_picked":["Hemokinesis","Second Wind"],"picked":"Pommel Strike","floor":4.0},{"not_picked":["Flex","Hemokinesis"],"picked":"Immolate","floor":4.0},{"not_picked":["Carnage","Pummel"],"picked":"Headbutt","floor":4.0},{"not_picked":["True Grit","Thunderclap"],"picked":"Armaments","floor":4.0},{"not_picked":["Armaments","Cleave"],"picked":"Wild Strike","floor":5.0},{"not_picked":["Disarm","Iron Wave"],"picked":"Dual Wield","floor":7.0},{"not_picked":["Second Wind","Sentinel","Cleave"],"picked":"SKIP","floor":8.0},{"not_picked":["Armaments","Disarm","Sentinel"],"picked":"SKIP","floor":11.0},{"not_picked":["Sever Soul","Intimidate","Clothesline"],"picked":"SKIP","floor":14.0}],"player_experience":190994,"relics_obtained":[{"floor":9.0,"key":"Oddly Smooth Stone"}],"event_choices":[{"damage_healed":0.0,"max_hp_gain":0.0,"max_hp_loss":0.0,"gold_gain":0.0,"event_name":"Golden Wing","player_choice":"Ignored","floor":2.0,"gold_loss":0.0,"damage_taken":0.0},{"damage_healed":0.0,"max_hp_gain":0.0,"max_hp_loss":0.0,"gold_gain":275.0,"event_name":"Golden Shrine","player_choice":"Desecrate","floor":3.0,"gold_loss":0.0,"damage_taken":0.0,"cards_obtained":["Regret"]},{"damage_healed":0.0,"max_hp_gain":0.0,"max_hp_loss":0.0,"gold_gain":0.0,"event_name":"Big Fish","player_choice":"Box","floor":10.0,"gold_loss":0.0,"damage_taken":0.0,"relics_obtained":["Omamori"],"cards_obtained":["Regret"]},{"damage_healed":0.0,"max_hp_gain":0.0,"max_hp_loss":0.0,"gold_gain":0.0,"event_name":"Golden Idol","player_choice":"Take Wound","floor":12.0,"gold_loss":0.0,"damage_taken":0.0,"relics_obtained":["Golden Idol"],"cards_obtained":["Injury"]}],"is_beta":false,"boss_relics":[],"items_purged_floors":[4],"is_endless":false,"potions_floor_spawned":[1,5,11],"killed_by":"The Guardian","ascension_level":0}}