{"host":"w1eyl4ffrc0ktwlp","time":1614068248,"event":{"mods":["AchievementEnabler","BaseMod","Colored Map","Colored Powertips","Minty Spire (QoL Compilation)","The Disciple","The Servant 0.9.4"],"gold_per_floor":[117,117,117,131,131,131,164,164,164,164,86,96,96,112,112,112,112],"floor_reached":16,"language":"ENG","playtime":1303,"items_purged":[],"score":123,"play_id":"78ddca20-a493-41b5-8ccb-599d54651d8d","local_time":"20210223091728","is_ascension_mode":false,"campfire_choices":[{"data":"Rearm","floor":6.0,"key":"SMITH"},{"data":"Revamp","floor":8.0,"key":"SMITH"},{"data":"KidneyShot","floor":10.0,"key":"SMITH"},{"data":"BestPractice","floor":15.0,"key":"SMITH"}],"circlet_count":0,"master_deck":["Strike_S","Strike_S","Strike_S","Strike_S","Defend_S","Defend_S","Defend_S","Defend_S","KidneyShot+1","Rearm+1","Revamp+1","PendulumOfEternity","BestPractice+1","Potential","Hightail"],"relics":["Uniform","NeowsBlessing","Regal Pillow","Incense Burner"],"acts_visited":["Exordium"],"potions_floor_usage":[16,16,16],"damage_taken":[{"damage":0.0,"enemies":"2 Louse","floor":1.0,"turns":1.0},{"damage":0.0,"enemies":"Jaw Worm","floor":4.0,"turns":1.0},{"damage":0.0,"enemies":"Gremlin Nob","floor":7.0,"turns":1.0},{"damage":6.0,"enemies":"Cultist","floor":12.0,"turns":4.0},{"damage":4.0,"enemies":"Red Slaver","floor":14.0,"turns":3.0},{"damage":66,"enemies":"Hexaghost","floor":16,"turns":26}],"seed_played":"-1197855791181548497","potions_obtained":[{"floor":4.0,"key":"Energy Potion"},{"floor":7.0,"key":"SteroidPotion"},{"floor":12.0,"key":"EssenceOfSteel"},{"floor":13.0,"key":"Regen Potion"},{"floor":13.0,"key":"BlessingOfTheForge"}],"is_trial":false,"path_per_floor":["M","?","?","M","$","R","E","R","T","R","$","M","?","M","R","B"],"character_chosen":"THE_SERVANT","items_purchased":["BestPractice"],"campfire_rested":0,"item_purchase_floors":[11],"current_hp_per_floor":[65,65,65,65,65,65,65,65,65,65,65,59,59,55,55,0,0],"gold":112,"neow_bonus":"THREE_ENEMY_KILL","is_daily":false,"chose_seed":false,"campfire_upgraded":4,"win_rate":0.0,"timestamp":1614068248,"path_taken":["M","?","?","?","$","R","E","R","T","R","?","M","?","M","R","BOSS"],"items_purchased_type":["Card"],"build_version":"2020-12-22","purchased_purges":0,"victory":false,"max_hp_per_floor":[65,65,65,65,65,65,65,65,65,65,65,65,65,65,65,65,65],"card_choices":[{"not_picked":["Defy","TimeWarp"],"picked":"Rearm","floor":1.0},{"not_picked":["Potential","Misdirection"],"picked":"Revamp","floor":4.0},{"not_picked":["Contraction","DualDimension"],"picked":"PendulumOfEternity","floor":7.0},{"not_picked":["Rewind","Replace"],"picked":"Potential","floor":12.0},{"not_picked":["Rewind","Potential"],"picked":"Hightail","floor":14.0}],"player_experience":11305,"relics_obtained":[{"floor":7.0,"key":"Regal Pillow"},{"floor":9.0,"key":"Incense Burner"}],"event_choices":[{"damage_healed":0.0,"max_hp_gain":0.0,"max_hp_loss":0.0,"gold_gain":0.0,"event_name":"Golden Wing","player_choice":"Ignored","floor":2.0,"gold_loss":0.0,"damage_taken":0.0},{"cards_removed":["Exchange"],"damage_healed":0.0,"max_hp_gain":0.0,"max_hp_loss":0.0,"gold_gain":0.0,"event_name":"Bonfire Elementals","player_choice":"Offered Basic","floor":3.0,"gold_loss":0.0,"damage_taken":0.0},{"damage_healed":0.0,"max_hp_gain":0.0,"max_hp_loss":0.0,"gold_gain":0.0,"event_name":"Lab","player_choice":"Got Potions","floor":13.0,"gold_loss":0.0,"damage_taken":0.0}],"is_beta":false,"boss_relics":[],"items_purged_floors":[],"is_endless":false,"potions_floor_spawned":[4,7,12,14],"killed_by":"Hexaghost","ascension_level":0}}