{"host":"40e4adzyl212zebh","time":1614095328,"event":{"mods":["Act Like it!","BaseMod","Colored Map","Colored Powertips","DeckTracker","Gensokyo","Minty Spire (QoL Compilation)","Quick Restart","Random Character Button","Relic Stats","StSLib"],"gold_per_floor":[117,117,127,144,163,163,176,2,55,17,17,17,17,61,61,469,481,512,535,567,615,647,659,702,714,751,797,827,326,338,130,130,248,248,269,22,31,31,243,243,252,282,308,638,638,665,678,699,699,699,699,699,197,228,228],"floor_reached":56,"language":"JPN","playtime":5152,"items_purged":["Decay","Strike_P"],"score":1649,"play_id":"cb503caf-19c0-433b-8ee5-b8d4b28c91f2","local_time":"20210224004848","is_ascension_mode":true,"campfire_choices":[{"floor":6.0,"key":"DIG"},{"floor":12.0,"key":"DIG"},{"floor":15.0,"key":"DIG"},{"data":"Alpha","floor":23.0,"key":"SMITH"},{"floor":25.0,"key":"REST"},{"floor":30.0,"key":"REST"},{"floor":32.0,"key":"DIG"},{"floor":40.0,"key":"RECALL"},{"floor":45.0,"key":"DIG"},{"floor":49,"key":"DIG"},{"floor":52,"key":"DIG"}],"circlet_count":0,"master_deck":["Strike_P","Strike_P","Strike_P","Defend_P","Defend_P","Defend_P","Defend_P","Eruption","Vigilance","BattleHymn","Adaptation","LikeWater","Consecrate","WaveOfTheHand","Meditate","Protect","Gensokyo:FourOfAKind","Gensokyo:FourOfAKind","Gensokyo:FourOfAKind","Gensokyo:FourOfAKind","Gensokyo:LockedMedkit","Gensokyo:MedicineKit","Reaper+1","Immolate+1","Vault","Gensokyo:MenInBlack","Alpha","Gensokyo:GreaterSplit+1","Predator+1"],"relics":["PureWater","Shovel","Kunai","Regal Pillow","Vajra","Lantern","Gensokyo:CelestialsFlawlessClothing","CeramicFish","Molten Egg 2","MawBank","Snecko Eye","FossilizedHelix","Bag of Marbles","Art of War","Incense Burner","Strange Spoon","PrismaticShard","Lee\u0027s Waffle","White Beast Statue","Cursed Key","Omamori","Ancient Tea Set","Bronze Scales","Potion Belt","Pear","Thread and Needle","Mummified Hand","Ornamental Fan","HornCleat","Orichalcum","Akabeko"],"acts_visited":["Exordium","Gensokyo:Gensokyo","Gensokyo:Gensokyoer","TheEnding"],"potions_floor_usage":[55],"damage_taken":[{"damage":6.0,"enemies":"Gensokyo:Python","floor":1.0,"turns":3.0},{"damage":2.0,"enemies":"Gensokyo:2_Kodama","floor":3.0,"turns":2.0},{"damage":3.0,"enemies":"Gensokyo:3_Fairies","floor":4.0,"turns":5.0},{"damage":3.0,"enemies":"Gensokyo:VengefulSpirit","floor":5.0,"turns":5.0},{"damage":5.0,"enemies":"Gensokyo:CorruptedTreant","floor":7.0,"turns":6.0},{"damage":22.0,"enemies":"Gensokyo:Aya","floor":14.0,"turns":6.0},{"damage":119.0,"enemies":"Gensokyo:Kokoro","floor":16.0,"turns":17.0},{"damage":23.0,"enemies":"Gensokyo:3_Dogs","floor":18.0,"turns":4.0},{"damage":9.0,"enemies":"Gensokyo:CosmicMonolith","floor":19.0,"turns":7.0},{"damage":1.0,"enemies":"Gensokyo:Slime_Group","floor":20.0,"turns":5.0},{"damage":19.0,"enemies":"Gensokyo:Chomper_and_Gloop","floor":22.0,"turns":5.0},{"damage":16.0,"enemies":"Gensokyo:Koishi","floor":24.0,"turns":6.0},{"damage":59.0,"enemies":"Gensokyo:Tenshi","floor":27.0,"turns":6.0},{"damage":88.0,"enemies":"Gensokyo:Swordslinger","floor":28.0,"turns":7.0},{"damage":0.0,"enemies":"Gensokyo:Eiki","floor":33.0,"turns":7.0},{"damage":4.0,"enemies":"Gensokyo:AncientGuardian","floor":35.0,"turns":6.0},{"damage":0.0,"enemies":"Gensokyo:3_Boulders","floor":39.0,"turns":7.0},{"damage":0.0,"enemies":"Gensokyo:Doremy","floor":42.0,"turns":7.0},{"damage":7.0,"enemies":"Gensokyo:Marisa","floor":44.0,"turns":8.0},{"damage":0.0,"enemies":"Gensokyo:Kasen","floor":46.0,"turns":5.0},{"damage":0,"enemies":"Gensokyo:AtlasGolem","floor":47,"turns":4},{"damage":0,"enemies":"Gensokyo:4_Bats","floor":48,"turns":3},{"damage":0,"enemies":"Gensokyo:Yuyuko","floor":50,"turns":8},{"damage":0,"enemies":"Shield and Spear","floor":54,"turns":3},{"damage":22,"enemies":"The Heart","floor":55,"turns":8}],"seed_played":"4562619027018972480","potions_obtained":[{"floor":1.0,"key":"BlessingOfTheForge"},{"floor":4.0,"key":"EssenceOfSteel"},{"floor":16.0,"key":"Fruit Juice"},{"floor":20.0,"key":"Strength Potion"},{"floor":22.0,"key":"DuplicationPotion"},{"floor":24.0,"key":"Strength Potion"},{"floor":33.0,"key":"Dexterity Potion"},{"floor":35.0,"key":"EssenceOfSteel"},{"floor":39.0,"key":"Energy Potion"},{"floor":42.0,"key":"LiquidMemories"},{"floor":44.0,"key":"BlessingOfTheForge"},{"floor":46.0,"key":"SkillPotion"},{"floor":47,"key":"EssenceOfSteel"},{"floor":48,"key":"Regen Potion"},{"floor":54,"key":"LiquidMemories"}],"is_trial":false,"path_per_floor":["M","?","M","M","M","R","M","COS","T","?","$","R","?","E","R","B",null,"M","M","M","?","M","R","E","R","T","E","M","COS","R","$","R","B",null,"M","COS","?","?","M","R","?","E","T","E","R","E","M","M","R","B",null,"R","$","E","B",null],"character_chosen":"WATCHER","items_purchased":["Lee\u0027s Waffle","HornCleat","Orichalcum"],"campfire_rested":2,"item_purchase_floors":[31,53,53],"current_hp_per_floor":[66,66,64,61,58,58,53,53,53,72,72,72,54,32,32,11,77,54,45,44,44,25,25,9,40,40,39,12,12,43,61,61,61,61,57,57,57,57,58,58,58,61,61,59,59,71,71,71,71,71,71,71,71,71,61],"gold":228,"neow_bonus":"ONE_RARE_RELIC","is_daily":false,"chose_seed":false,"campfire_upgraded":1,"win_rate":0.0,"timestamp":1614095328,"path_taken":["M","?","M","M","?","R","M","COS","T","?","?","R","?","E","R","BOSS","M","M","M","?","?","R","E","R","T","E","M","COS","R","$","R","BOSS","M","COS","?","?","M","R","?","E","T","E","R","E","M","M","R","BOSS","R","$","E","BOSS"],"items_purchased_type":["Relic","Relic","Relic"],"build_version":"2020-12-22","purchased_purges":2,"victory":true,"max_hp_per_floor":[72,72,72,72,72,72,72,72,72,72,72,72,72,72,72,77,77,77,77,77,54,54,54,54,54,54,54,54,54,54,61,61,61,61,61,61,61,61,61,61,61,61,61,61,61,71,71,71,71,71,71,71,71,71,71],"relic_stats":{"Regal Pillow":30,"Lee\u0027s Waffle":18,"counters":[25,150],"CeramicFish":198,"Orichalcum":[30],"MawBank":180,"Cursed Key":1,"Strange Spoon":[54],"Shovel":7,"Mummified Hand":[26],"Ornamental Fan":[12],"Bronze Scales":[72],"Snecko Eye":[169,151,149,175],"Art of War":[24],"Kunai":[24],"obtain_stats":[{"Regal Pillow":6,"Lantern":12,"CeramicFish":14,"Vajra":9,"Incense Burner":27,"PrismaticShard":29,"Cursed Key":34,"Ancient Tea Set":42,"Frozen Eye":24,"Shovel":0,"HornCleat":53,"Mummified Hand":49,"Kunai":2,"Potion Belt":45,"Lee\u0027s Waffle":31,"Pear":46,"Thread and Needle":47,"Omamori":39,"Gensokyo:CelestialsFlawlessClothing":13,"Orichalcum":53,"MawBank":16,"White Beast Statue":32,"Akabeko":54,"Strange Spoon":29,"Ornamental Fan":52,"Bronze Scales":44,"Snecko Eye":17,"Molten Egg 2":15,"Bag of Marbles":24,"Art of War":26,"PureWater":0,"FossilizedHelix":19},{"Regal Pillow":4,"Lantern":5,"CeramicFish":6,"Vajra":5,"Incense Burner":13,"PrismaticShard":14,"Cursed Key":15,"Ancient Tea Set":18,"Frozen Eye":11,"Shovel":0,"HornCleat":23,"Mummified Hand":22,"Kunai":1,"Potion Belt":19,"Lee\u0027s Waffle":14,"Pear":20,"Thread and Needle":21,"Omamori":17,"Gensokyo:CelestialsFlawlessClothing":5,"Orichalcum":23,"MawBank":7,"White Beast Statue":14,"Akabeko":24,"Strange Spoon":14,"Ornamental Fan":23,"Bronze Scales":19,"Snecko Eye":7,"Molten Egg 2":6,"Bag of Marbles":12,"Art of War":12,"PureWater":0,"FossilizedHelix":9},{"Regal Pillow":15,"Lantern":21,"CeramicFish":27,"Vajra":21,"Incense Burner":77,"PrismaticShard":84,"Cursed Key":91,"Ancient Tea Set":111,"Frozen Eye":65,"Shovel":0,"HornCleat":139,"Mummified Hand":131,"Kunai":3,"Potion Belt":119,"Lee\u0027s Waffle":84,"Pear":124,"Thread and Needle":125,"Omamori":102,"Gensokyo:CelestialsFlawlessClothing":21,"Orichalcum":139,"MawBank":30,"White Beast Statue":84,"Akabeko":142,"Strange Spoon":84,"Ornamental Fan":139,"Bronze Scales":119,"Snecko Eye":44,"Molten Egg 2":27,"Bag of Marbles":71,"Art of War":71,"PureWater":0,"FossilizedHelix":51}]},"card_choices":[{"not_picked":["ThirdEye","EmptyFist"],"picked":"BattleHymn","floor":1.0},{"not_picked":["Halt","FollowUp"],"picked":"Adaptation","floor":3.0},{"not_picked":["Nirvana","Halt"],"picked":"LikeWater","floor":4.0},{"not_picked":["Halt","Protect"],"picked":"Consecrate","floor":5.0},{"not_picked":["CrushJoints","BowlingBash"],"picked":"WaveOfTheHand","floor":7.0},{"not_picked":["EmptyFist","Crescendo"],"picked":"Meditate","floor":14.0},{"not_picked":["Ragnarok+1","Establishment"],"picked":"Alpha","floor":16.0},{"not_picked":["CarveReality+1","EmptyFist+1"],"picked":"Protect","floor":18.0},{"not_picked":["WaveOfTheHand+1","FollowUp+1","SashWhip+1"],"picked":"SKIP","floor":19.0},{"not_picked":["ClearTheMind+1","Scrawl","Perseverance+1"],"picked":"SKIP","floor":20.0},{"not_picked":["Vengeance","Prostrate","WreathOfFlame"],"picked":"SKIP","floor":22.0},{"not_picked":["ThirdEye","FlurryOfBlows+1","EmptyBody"],"picked":"SKIP","floor":24.0},{"not_picked":["FlyingSleeves+1","Adaptation","Evaluate"],"picked":"SKIP","floor":27.0},{"not_picked":["Prostrate","CrushJoints+1","Consecrate+1"],"picked":"SKIP","floor":28.0},{"not_picked":["HandOfGreed+1","Unload+1"],"picked":"Reaper+1","floor":33.0},{"not_picked":["Die Die Die+1","Tools of the Trade+1"],"picked":"Immolate+1","floor":33.0},{"not_picked":["Devotion","Alpha"],"picked":"Vault","floor":35.0},{"not_picked":["PathToVictory","Combust+1","Scrape+1"],"picked":"SKIP","floor":35.0},{"not_picked":["Clash+1","Dagger Spray+1","Deflect+1"],"picked":"SKIP","floor":39.0},{"not_picked":["Flame Barrier","Pray+1","Static Discharge+1"],"picked":"SKIP","floor":42.0},{"not_picked":["Anger+1","Sentinel+1","Thunder Strike+1"],"picked":"SKIP","floor":44.0},{"not_picked":["Deep Breath","FearNoEvil+1","Spot Weakness"],"picked":"SKIP","floor":46.0},{"not_picked":["Gash+1","Deep Breath+1","Perfected Strike+1"],"picked":"SKIP","floor":47},{"not_picked":["Skewer+1","Sweeping Beam+1"],"picked":"Predator+1","floor":48},{"not_picked":["Disarm+1","Worship+1","Cleave+1"],"picked":"SKIP","floor":54}],"player_experience":613695,"relics_obtained":[{"floor":6.0,"key":"Regal Pillow"},{"floor":9.0,"key":"Vajra"},{"floor":12.0,"key":"Lantern"},{"floor":14.0,"key":"CeramicFish"},{"floor":15.0,"key":"Molten Egg 2"},{"floor":24.0,"key":"Bag of Marbles"},{"floor":26.0,"key":"Art of War"},{"floor":27.0,"key":"Incense Burner"},{"floor":32.0,"key":"White Beast Statue"},{"floor":42.0,"key":"Ancient Tea Set"},{"floor":44.0,"key":"Bronze Scales"},{"floor":45.0,"key":"Potion Belt"},{"floor":46.0,"key":"Pear"},{"floor":49,"key":"Mummified Hand"},{"floor":52,"key":"Ornamental Fan"},{"floor":54,"key":"Akabeko"}],"event_choices":[],"is_beta":false,"boss_relics":[{"not_picked":["SlaversCollar","Black Star"],"picked":"Snecko Eye"},{"not_picked":["Runic Dome","Velvet Choker"],"picked":"Cursed Key"}],"items_purged_floors":[31,53],"is_endless":false,"potions_floor_spawned":[1,4,16,20,22,24,33,35,39,42,44,46,47,48,54],"ascension_level":3}}