{"host":"kda2p2afd6bvz6qo","time":1614109468,"event":{"mods":["BaseMod","Colored Map","Minty Spire (QoL Compilation)","Relic Stats"],"gold_per_floor":[169,187,198,214,214,214,244,244,244,271,196,196,211,20,20,20,20],"floor_reached":16,"language":"ENG","playtime":835,"items_purged":[],"score":220,"play_id":"df04478a-4ed8-4266-b27c-621aee09baff","local_time":"20210223194428","is_ascension_mode":true,"campfire_choices":[{"data":"Dagger Spray","floor":6,"key":"SMITH"},{"floor":8,"key":"REST"},{"data":"Neutralize","floor":15,"key":"SMITH"}],"circlet_count":0,"master_deck":["AscendersBane","Strike_G","Strike_G","Strike_G","Strike_G","Defend_G","Defend_G","Defend_G","Defend_G","Defend_G","Survivor+1","Neutralize+1","Bane","Dagger Spray+1","Blur","Dash","Terror","Blade Dance","Backstab","Backflip","Outmaneuver","Deadly Poison"],"relics":["Tiny House","Potion Belt","Darkstone Periapt","FossilizedHelix","Oddly Smooth Stone"],"acts_visited":["Exordium"],"potions_floor_usage":[7,16,16],"damage_taken":[{"damage":1.0,"enemies":"Cultist","floor":1.0,"turns":4.0},{"damage":1,"enemies":"Jaw Worm","floor":2,"turns":4},{"damage":0,"enemies":"2 Louse","floor":3,"turns":3},{"damage":10,"enemies":"Lots of Slimes","floor":4,"turns":4},{"damage":40,"enemies":"Lagavulin","floor":7,"turns":10},{"damage":18,"enemies":"Gremlin Nob","floor":10,"turns":4},{"damage":0,"enemies":"Red Slaver","floor":13,"turns":4},{"damage":18,"enemies":"Hexaghost","floor":16,"turns":9}],"seed_played":"7271976840583293599","potions_obtained":[{"floor":0.0,"key":"AttackPotion"},{"floor":7,"key":"Swift Potion"},{"floor":13,"key":"ColorlessPotion"}],"is_trial":false,"path_per_floor":["M","M","M","M","?","R","E","R","T","E","?","?","M","$","R","B"],"character_chosen":"THE_SILENT","items_purchased":["Oddly Smooth Stone","Deadly Poison"],"campfire_rested":1,"item_purchase_floors":[14,14],"current_hp_per_floor":[63,62,62,52,52,52,12,33,33,15,15,15,15,15,15,0,0],"gold":20,"neow_bonus":"BOSS_RELIC","is_daily":false,"chose_seed":false,"campfire_upgraded":2,"win_rate":0.0,"timestamp":1614109468,"path_taken":["M","M","M","?","?","R","E","R","T","E","?","?","?","?","R","BOSS"],"items_purchased_type":["Relic","Card"],"build_version":"2020-12-22","purchased_purges":0,"victory":false,"max_hp_per_floor":[71,71,71,71,71,71,71,71,71,71,71,71,71,71,71,71,71],"relic_stats":{"Darkstone Periapt":0,"counters":[8,42],"obtain_stats":[{"Potion Belt":5,"Darkstone Periapt":7,"Tiny House":0,"Oddly Smooth Stone":14,"FossilizedHelix":10,"Ring of the Snake":0},{"Potion Belt":4,"Darkstone Periapt":5,"Tiny House":0,"Oddly Smooth Stone":7,"FossilizedHelix":6,"Ring of the Snake":0},{"Potion Belt":15,"Darkstone Periapt":25,"Tiny House":0,"Oddly Smooth Stone":33,"FossilizedHelix":29,"Ring of the Snake":0}]},"card_choices":[{"not_picked":["Acrobatics","Heel Hook"],"picked":"Bane","floor":0.0},{"not_picked":["Distraction","Deflect"],"picked":"Dagger Spray","floor":1.0},{"not_picked":["Sucker Punch","Bane"],"picked":"Blur","floor":2},{"not_picked":["Slice","Calculated Gamble"],"picked":"Dash","floor":3},{"not_picked":["Masterful Stab","Cloak And Dagger"],"picked":"Terror","floor":4},{"not_picked":["Blur","Slice"],"picked":"Blade Dance","floor":7},{"not_picked":["Terror","Quick Slash"],"picked":"Backstab","floor":10},{"not_picked":["Cloak And Dagger","Acrobatics"],"picked":"Outmaneuver","floor":13}],"player_experience":304064,"relics_obtained":[{"floor":7,"key":"Darkstone Periapt"},{"floor":10,"key":"FossilizedHelix"}],"event_choices":[{"damage_healed":0,"gold_gain":0,"player_choice":"Box","damage_taken":0,"relics_obtained":["Potion Belt"],"max_hp_gain":0,"max_hp_loss":0,"event_name":"Big Fish","floor":5,"gold_loss":0,"cards_obtained":["Regret"]},{"cards_removed":["Regret"],"damage_healed":0,"gold_gain":0,"player_choice":"Card Removal","damage_taken":0,"max_hp_gain":0,"max_hp_loss":0,"event_name":"The Cleric","floor":11,"gold_loss":75},{"damage_healed":0,"gold_gain":0,"cards_transformed":["Strike_G"],"player_choice":"Transformed","damage_taken":0,"max_hp_gain":0,"max_hp_loss":0,"event_name":"Transmorgrifier","floor":12,"gold_loss":0,"cards_obtained":["Backflip"]}],"is_beta":false,"boss_relics":[],"items_purged_floors":[],"is_endless":false,"potions_floor_spawned":[7,13],"killed_by":"Hexaghost","ascension_level":20}}