{"host":"mu5qkq7030l6349q","time":1614096239,"event":{"mods":["AchievementEnabler","BaseMod","Colored Powertips","Downfall","Highlight Path","Minty Spire (QoL Compilation)","Permanent Neow","Rare Cards Sparkle","Relic Sorter","Relic Stats","StSLib"],"gold_per_floor":[14,14,62,83,83,123,123,163,189,225,3,27,27,47,47,178,178,197,197,197,216,24,64,64,64,64,64,105,105,105,105],"floor_reached":30,"language":"ENG","playtime":1235,"items_purged":["Strike_B"],"score":321,"play_id":"da6fc7f6-9a7e-4a1b-9000-d54e04bb3b80","local_time":"20210223170359","is_ascension_mode":true,"campfire_choices":[{"data":"Zap","floor":7.0,"key":"SMITH"},{"data":"Seek","floor":13,"key":"SMITH"},{"floor":15,"key":"REST"},{"floor":24,"key":"REST"},{"data":"Creative AI","floor":29,"key":"SMITH"}],"circlet_count":0,"master_deck":["Defend_B+1","Defend_B","Defend_B","Defend_B","Zap+1","Dualcast+1","Fission+1","Ball Lightning","Capacitor","Ball Lightning","Seek+1","Fission+1","Ball Lightning","Creative AI+1","Bite","Bite","Bite","Bite","Bite","Defragment","Self Repair","Creative AI"],"relics":["Cracked Core","Golden Idol","MealTicket","Omamori","Happy Flower","Bronze Scales","DollysMirror","bronze:MakeshiftBattery","Nilry\u0027s Codex","Lantern","War Paint","Ornamental Fan","Oddly Smooth Stone"],"acts_visited":["Exordium","TheCity"],"potions_floor_usage":[10,16],"damage_taken":[{"damage":5.0,"enemies":"Small Slimes","floor":1.0,"turns":4.0},{"damage":1.0,"enemies":"Jaw Worm","floor":4.0,"turns":2.0},{"damage":26.0,"enemies":"Lagavulin","floor":6.0,"turns":4.0},{"damage":25.0,"enemies":"Gremlin Nob","floor":8.0,"turns":4.0},{"damage":3,"enemies":"Lagavulin","floor":10,"turns":3},{"damage":7,"enemies":"2 Louse","floor":12,"turns":2},{"damage":0,"enemies":"Exordium Wildlife","floor":14,"turns":1},{"damage":31,"enemies":"The Guardian","floor":16,"turns":8},{"damage":15,"enemies":"3 Byrds","floor":18,"turns":3},{"damage":31,"enemies":"2 Thieves","floor":21,"turns":4},{"damage":31,"enemies":"Slavers","floor":23,"turns":3},{"damage":25,"enemies":"Gremlin Leader","floor":28,"turns":7},{"damage":21,"enemies":"Book of Stabbing","floor":30,"turns":1}],"seed_played":"2133696914598978644","potions_obtained":[{"floor":6.0,"key":"ColorlessPotion"},{"floor":8.0,"key":"Block Potion"},{"floor":14,"key":"Ancient Potion"},{"floor":18,"key":"BlessingOfTheForge"},{"floor":23,"key":"FocusPotion"}],"is_trial":false,"path_per_floor":["M","?","T","M","?","E","R","E","T","E","$","M","R","M","R","B",null,"M","?","?","M","$","E","R","?","T","?","E","R","E"],"character_chosen":"DEFECT","items_purchased":["DollysMirror","Lantern","Defragment"],"campfire_rested":2,"item_purchase_floors":[11,22,22],"current_hp_per_floor":[70,69,69,68,68,42,42,17,17,14,29,22,22,22,42,11,69,54,38,38,15,30,5,19,19,19,19,17,17,0,0],"gold":105,"neow_bonus":"THREE_RARE_CARDS","is_daily":false,"chose_seed":false,"campfire_upgraded":3,"win_rate":0.0,"timestamp":1614096239,"path_taken":["M","?","?","M","?","E","R","E","T","E","$","M","R","?","R","BOSS","M","?","?","M","$","E","R","?","T","?","E","R","E"],"items_purchased_type":["Relic","Relic","Card"],"build_version":"2020-12-22","purchased_purges":1,"victory":false,"max_hp_per_floor":[75,69,69,69,69,69,69,69,69,69,69,69,69,69,69,69,69,69,69,48,48,48,48,48,48,48,48,48,48,48,48],"relic_stats":{"Happy Flower":[10],"counters":[13,46],"Golden Idol":86,"Ornamental Fan":[12],"Bronze Scales":[102],"MealTicket":30,"War Paint":["Defend_B","Dualcast"],"obtain_stats":[{"Lantern":22,"Happy Flower":8,"Golden Idol":2,"Nilry\u0027s Codex":19,"Oddly Smooth Stone":28,"Omamori":6,"War Paint":23,"DollysMirror":11,"Ornamental Fan":26,"Bronze Scales":10,"MealTicket":3,"Cracked Core":0,"bronze:MakeshiftBattery":17},{"Lantern":10,"Happy Flower":4,"Golden Idol":1,"Nilry\u0027s Codex":9,"Oddly Smooth Stone":12,"Omamori":3,"War Paint":11,"DollysMirror":5,"Ornamental Fan":11,"Bronze Scales":5,"MealTicket":1,"Cracked Core":0,"bronze:MakeshiftBattery":8},{"Lantern":35,"Happy Flower":14,"Golden Idol":4,"Nilry\u0027s Codex":31,"Oddly Smooth Stone":45,"Omamori":10,"War Paint":38,"DollysMirror":17,"Ornamental Fan":38,"Bronze Scales":17,"MealTicket":4,"Cracked Core":0,"bronze:MakeshiftBattery":28}]},"card_choices":[{"not_picked":["Biased Cognition","Echo Form"],"picked":"Fission","floor":0.0},{"not_picked":["Coolheaded","Skim"],"picked":"Ball Lightning","floor":1.0},{"not_picked":["Rebound","Glacier"],"picked":"Capacitor","floor":4.0},{"not_picked":["Hologram","Go for the Eyes","Rebound"],"picked":"SKIP","floor":6.0},{"not_picked":["Rebound","Barrage"],"picked":"Ball Lightning","floor":8.0},{"not_picked":["Steam","Storm"],"picked":"Seek","floor":10},{"not_picked":["Steam","Chill"],"picked":"Ball Lightning","floor":12},{"not_picked":["Reinforced Body","Rebound","Steam"],"picked":"SKIP","floor":14},{"not_picked":["Multi-Cast","Biased Cognition"],"picked":"Creative AI","floor":16},{"not_picked":["Barrage+1","Streamline+1","Sweeping Beam"],"picked":"SKIP","floor":18},{"not_picked":["Streamline","Sunder","Coolheaded"],"picked":"SKIP","floor":21},{"not_picked":["Ball Lightning","Doom and Gloom+1"],"picked":"Self Repair","floor":23},{"not_picked":["Turbo","Steam"],"picked":"Creative AI","floor":28}],"player_experience":86974,"relics_obtained":[{"floor":3.0,"key":"MealTicket"},{"floor":6.0,"key":"Omamori"},{"floor":8.0,"key":"Happy Flower"},{"floor":10,"key":"Bronze Scales"},{"floor":19,"key":"Nilry\u0027s Codex"},{"floor":23,"key":"War Paint"},{"floor":26,"key":"Ornamental Fan"},{"floor":28,"key":"Oddly Smooth Stone"}],"event_choices":[{"damage_healed":0.0,"max_hp_gain":0.0,"max_hp_loss":6.0,"gold_gain":0.0,"event_name":"Golden Idol","player_choice":"Lose Max HP","floor":2.0,"gold_loss":0.0,"damage_taken":0.0,"relics_obtained":["Golden Idol"]},{"damage_healed":0.0,"max_hp_gain":0.0,"max_hp_loss":0.0,"gold_gain":0.0,"event_name":"Living Wall","player_choice":"Grow","floor":5.0,"gold_loss":0.0,"damage_taken":0.0,"cards_upgraded":["Fission"]},{"damage_healed":0,"gold_gain":0,"player_choice":"Obtained Book","damage_taken":16,"max_hp_gain":0,"max_hp_loss":0,"event_name":"Cursed Tome","floor":19,"gold_loss":0},{"damage_healed":0,"gold_gain":0,"player_choice":"Became a vampire","damage_taken":0,"max_hp_gain":0,"max_hp_loss":21,"event_name":"Vampires","floor":20,"gold_loss":0,"cards_obtained":["Bite","Bite","Bite","Bite","Bite"]}],"is_beta":false,"boss_relics":[{"not_picked":["Sozu","FrozenCore"],"picked":"bronze:MakeshiftBattery"}],"items_purged_floors":[11],"is_endless":false,"potions_floor_spawned":[6,8,14,18,23,28],"killed_by":"Book of Stabbing","ascension_level":1}}