{"host":"y76clbnovzmw9ubx","time":1614040938,"event":{"mods":["AchievementEnabler","BaseMod","Minty Spire (QoL Compilation)","Permanent Neow","Relic Stats"],"gold_per_floor":[359,369,369,14,14,44,44,44,44],"floor_reached":8,"language":"ENG","playtime":384,"items_purged":["Strike_G"],"score":108,"play_id":"3dc8648f-85ff-43ce-b72b-d518cefd2372","local_time":"20210222194218","is_ascension_mode":true,"campfire_choices":[{"floor":7,"key":"REST"}],"circlet_count":0,"master_deck":["AscendersBane","Strike_G+1","Strike_G","Strike_G","Defend_G","Defend_G","Defend_G","Defend_G","Defend_G","Survivor","Neutralize","Deflect","Slice+1","Poisoned Stab"],"relics":["Ring of the Snake","Chemical X","Whetstone"],"acts_visited":["Exordium"],"potions_floor_usage":[6,8],"damage_taken":[{"damage":21,"enemies":"Jaw Worm","floor":1,"turns":8},{"damage":2,"enemies":"Small Slimes","floor":2,"turns":4},{"damage":45,"enemies":"Lagavulin","floor":6,"turns":11},{"damage":43,"enemies":"Gremlin Nob","floor":8,"turns":4}],"seed_played":"1034570537878158335","potions_obtained":[{"floor":1,"key":"EssenceOfSteel"}],"is_trial":false,"path_per_floor":["M","M","?","$","?","E","R","E"],"character_chosen":"THE_SILENT","items_purchased":["Chemical X","Poisoned Stab","SteroidPotion"],"campfire_rested":1,"item_purchase_floors":[4,4,4],"current_hp_per_floor":[38,36,56,56,56,11,29,0,0],"gold":44,"neow_bonus":"TWO_FIFTY_GOLD","is_daily":false,"chose_seed":false,"campfire_upgraded":0,"win_rate":0.0,"timestamp":1614040938,"path_taken":["M","M","?","$","?","E","R","E"],"items_purchased_type":["Relic","Card","Potion"],"build_version":"2020-12-22","purchased_purges":1,"victory":false,"max_hp_per_floor":[60,60,60,60,60,60,60,60,60],"relic_stats":{"counters":[4,27],"Chemical X":[1],"Whetstone":["Slice","Strike_G"],"obtain_stats":[{"Chemical X":4,"Whetstone":6,"Ring of the Snake":0},{"Chemical X":2,"Whetstone":3,"Ring of the Snake":0},{"Chemical X":12,"Whetstone":23,"Ring of the Snake":0}],"Ring of the Snake":[8]},"card_choices":[{"not_picked":["Crippling Poison","Deadly Poison"],"picked":"Deflect","floor":1},{"not_picked":["Underhanded Strike","Backflip"],"picked":"Slice","floor":2},{"not_picked":["Flechettes","Expertise","Setup"],"picked":"SKIP","floor":6}],"player_experience":3278163,"relics_obtained":[{"floor":6,"key":"Whetstone"}],"event_choices":[{"damage_healed":20,"gold_gain":0,"player_choice":"Banana","damage_taken":0,"max_hp_gain":0,"max_hp_loss":0,"event_name":"Big Fish","floor":3,"gold_loss":0},{"cards_removed":["Strike_G"],"damage_healed":0,"gold_gain":0,"player_choice":"Offered Basic","damage_taken":0,"max_hp_gain":0,"max_hp_loss":0,"event_name":"Bonfire Elementals","floor":5,"gold_loss":0}],"is_beta":false,"boss_relics":[],"items_purged_floors":[4],"is_endless":false,"potions_floor_spawned":[1],"killed_by":"Gremlin Nob","ascension_level":20}}