{"host":"k9oowrpcbuktvpbv","time":1614069446,"event":{"mods":["Act Like it!","BaseMod","CapriCore","Energized Spire","Gensokyo","GifTheSpireLib","Halation","Hallownest","Hubris","Koishi","Minty Spire (QoL Compilation)","Reimu??????","Relic Stats","Reliquary","Replay The Spire","StSLib","The Animator","The Immortal","The Senshi","The Wild Card","Yuyuko"],"gold_per_floor":[112,112,112,126,142,174,174,174,198,230,240,93,18,38,38,139,139,153,153,169,20,33,33,33],"floor_reached":23,"language":"ENG","playtime":1380,"items_purged":["theWildCard:BasicStrike"],"score":251,"play_id":"ee63e45a-e1a3-40cf-832a-81fc0ee7efdd","local_time":"20210223093726","is_ascension_mode":false,"campfire_choices":[{"floor":7,"key":"RECALL"},{"floor":15,"key":"REST"}],"circlet_count":0,"master_deck":["theWildCard:BasicStrike","theWildCard:BasicStrike","theWildCard:BasicStrike","theWildCard:BasicDefend","theWildCard:BasicDefend","theWildCard:BasicDefend","theWildCard:BasicDefend","theWildCard:Arsene","theWildCard:PowerOfTheArcana","theWildCard:PaleRider","theWildCard:Polydeuces","theWildCard:Michael","theWildCard:StingingStrike","theWildCard:ArcaneArts","theWildCard:SeveringSlash","theWildCard:Sakuya","theWildCard:ManOfManyFaces","theWildCard:StingingStrike","theWildCard:ChangingDestiny","theWildCard:ArcaneArts+1","theWildCard:IdentityTheft","theWildCard:ArchaicAssault","theWildCard:Sakuya+1","theWildCard:ManOfManyFaces","theWildCard:Sakuya","theWildCard:UnendingRitual","theWildCard:SeveringSlash"],"relics":["theWildCard:VelvetContract","NeowsBlessing","Gensokyo:Mercy","theSenshi:SailorFukuRelic","hubris:Towel","Bag of Marbles","hubris:CrystalStatue","Orrery"],"acts_visited":["Exordium","Gensokyo:Gensokyo"],"potions_floor_usage":[10],"damage_taken":[{"damage":0,"enemies":"Gensokyo:3_Fairies","floor":1,"turns":1},{"damage":0,"enemies":"Gensokyo:Gryphon","floor":4,"turns":1},{"damage":0,"enemies":"Gensokyo:2_Kodama","floor":5,"turns":1},{"damage":24,"enemies":"Gensokyo:Cirno","floor":6,"turns":11},{"damage":28,"enemies":"Gensokyo:Aya","floor":10,"turns":9},{"damage":2,"enemies":"Gensokyo:Kitsune","floor":11,"turns":3},{"damage":1,"enemies":"Gensokyo:3_Kodama","floor":14,"turns":4},{"damage":0,"enemies":"Gensokyo:Reimu","floor":16,"turns":7},{"damage":0,"enemies":"Gensokyo:Chomper","floor":18,"turns":3},{"damage":6,"enemies":"Gensokyo:AngelMirror","floor":20,"turns":4},{"damage":13,"enemies":"Gensokyo:Slime_Group","floor":22,"turns":5},{"damage":45,"enemies":"Gensokyo:Tenshi","floor":23,"turns":3}],"seed_played":"-4355062958480785212","potions_obtained":[{"floor":4,"key":"LiquidMemories"},{"floor":5,"key":"ZuzhouPotion:ReiMu"},{"floor":14,"key":"DuplicationPotion"},{"floor":20,"key":"GrandPatriotsElixir:ReiMu"}],"is_trial":false,"path_per_floor":["M","?","?","M","M","E","R","?","T","E","M","$","$","M","R","B",null,"M","?","M","COS","M","E"],"character_chosen":"THE_WILD_CARD","items_purchased":["theWildCard:SeveringSlash","theWildCard:Sakuya","theWildCard:ManOfManyFaces"],"campfire_rested":1,"item_purchase_floors":[12,12,13],"current_hp_per_floor":[60,60,60,60,60,36,36,36,36,8,6,6,6,5,23,33,60,60,60,56,56,43,0,0],"gold":33,"neow_bonus":"THREE_ENEMY_KILL","is_daily":false,"chose_seed":false,"campfire_upgraded":0,"win_rate":0.0,"timestamp":1614069446,"path_taken":["M","?","?","M","?","E","R","?","T","E","?","?","$","M","R","BOSS","M","?","M","COS","M","E"],"items_purchased_type":["Card","Card","Card"],"build_version":"2020-12-22","purchased_purges":1,"victory":false,"max_hp_per_floor":[60,60,60,60,60,60,60,60,60,60,60,60,60,60,60,60,60,60,60,60,60,60,60,60],"relic_stats":{"counters":[12,52],"obtain_stats":[{"theWildCard:VelvetContract":0,"hubris:CrystalStatue":10,"NeowsBlessing":0,"Gensokyo:Mercy":2,"Orrery":21,"Bag of Marbles":9,"theSenshi:SailorFukuRelic":6,"hubris:Towel":8},{"theWildCard:VelvetContract":0,"hubris:CrystalStatue":5,"NeowsBlessing":0,"Gensokyo:Mercy":1,"Orrery":10,"Bag of Marbles":4,"theSenshi:SailorFukuRelic":4,"hubris:Towel":4},{"theWildCard:VelvetContract":0,"hubris:CrystalStatue":23,"NeowsBlessing":0,"Gensokyo:Mercy":1,"Orrery":44,"Bag of Marbles":14,"theSenshi:SailorFukuRelic":14,"hubris:Towel":14}]},"card_choices":[{"not_picked":["theWildCard:ArcaneArts","theWildCard:EnergizedStroke"],"picked":"theWildCard:PowerOfTheArcana","floor":1},{"not_picked":["theWildCard:MaskChange","theWildCard:Sakuya"],"picked":"theWildCard:PaleRider","floor":4},{"not_picked":["theWildCard:StingingStrike","theWildCard:MaskChange"],"picked":"theWildCard:Polydeuces","floor":5},{"not_picked":["theWildCard:Safeguard","theWildCard:UnderLockAndKey"],"picked":"theWildCard:Michael","floor":6},{"not_picked":["theWildCard:ArcaneArts","theWildCard:Unburden"],"picked":"theWildCard:StingingStrike","floor":10},{"not_picked":["theWildCard:Polydeuces","theWildCard:StalwartBlade"],"picked":"theWildCard:ArcaneArts","floor":11},{"not_picked":["theWildCard:Unburden","theWildCard:Providence"],"picked":"theWildCard:StingingStrike","floor":14},{"not_picked":["theWildCard:Satanael","theWildCard:Thanatos"],"picked":"theWildCard:ChangingDestiny","floor":16},{"not_picked":["theWildCard:Polydeuces+1","theWildCard:MasterPlan+1"],"picked":"theWildCard:ArcaneArts+1","floor":18},{"not_picked":["theWildCard:StalwartBlade","theWildCard:Sakuya"],"picked":"theWildCard:IdentityTheft","floor":20},{"not_picked":["theWildCard:PaleRider","theWildCard:StingingStrike"],"picked":"theWildCard:ArchaicAssault","floor":21},{"not_picked":["theWildCard:ArcaneArts","theWildCard:TheGreatSeal"],"picked":"theWildCard:Sakuya+1","floor":21},{"not_picked":["theWildCard:Polydeuces","theWildCard:Salvation"],"picked":"theWildCard:ManOfManyFaces","floor":21},{"not_picked":["theWildCard:BladeOfGenerations","theWildCard:Patience"],"picked":"theWildCard:Sakuya","floor":21},{"not_picked":["theWildCard:StalwartBlade+1","theWildCard:Ruination"],"picked":"theWildCard:UnendingRitual","floor":21},{"not_picked":["theWildCard:LadyLuck","theWildCard:Proficiency"],"picked":"theWildCard:SeveringSlash","floor":22}],"player_experience":184815,"relics_obtained":[{"floor":6,"key":"theSenshi:SailorFukuRelic"},{"floor":9,"key":"Bag of Marbles"},{"floor":10,"key":"hubris:CrystalStatue"}],"event_choices":[],"is_beta":false,"boss_relics":[{"not_picked":["hubris:CrackedHourglass","halation:CatFaceCupcake","Busted Crown"]}],"items_purged_floors":[12],"is_endless":false,"potions_floor_spawned":[4,5,14,20],"killed_by":"Gensokyo:Tenshi","ascension_level":0}}