{"host":"yaxsefyig1et0yi2","time":1614055686,"event":{"mods":["Aspiration","BaseMod","BetterRewards","Colored Powertips","Conspire","Displayed Cursed Tome","Downfall","Halation","Hubris","Infinite Spire","Jorbs\u0027s Wanderer Trilogy","Minty Spire (QoL Compilation)","Quick Restart","RatMod","Replay The Spire","Reworked Bosses","Spikes Relics","StSLib","The Jungle","The Marked"],"gold_per_floor":[117,135,154,168,178,178,178,178,253,263,280,280,296,69,69,69,69],"floor_reached":16,"language":"ENG","playtime":569,"items_purged":[],"score":96,"play_id":"139ab288-3b1a-4226-a202-427663944839","local_time":"20210222234806","is_ascension_mode":false,"campfire_choices":[{"data":"theMarked:ComboAttacks","floor":6,"key":"SMITH"},{"data":"theMarked:AttractMetal","floor":8,"key":"SMITH"},{"data":"theMarked:PowerFlow","floor":15,"key":"SMITH"}],"circlet_count":0,"master_deck":["theMarked:Strike","theMarked:Strike","theMarked:Strike","theMarked:Strike","theMarked:Strike","theMarked:Defend","theMarked:Defend","theMarked:Defend","theMarked:Defend","theMarked:SoldierOfQuellstein","theMarked:Frustration","theMarked:AttractMetal+1","theMarked:ComboAttacks+1","theMarked:ChainLightning","theMarked:ElectricStrings","theMarked:CreepingChasm","theMarked:GodGivenPower","theMarked:PowerFlow+1","theMarked:Heritage+1"],"relics":["theMarked:ArtifactOfAir","NeowsBlessing","InkBottle","infinitespire:Broken Mirror","FaceOfCleric"],"acts_visited":["Exordium"],"potions_floor_usage":[],"damage_taken":[{"damage":0,"enemies":"Small Slimes","floor":1,"turns":1},{"damage":0,"enemies":"Cultist","floor":2,"turns":1},{"damage":0,"enemies":"2 Louse","floor":3,"turns":1},{"damage":13,"enemies":"Red Slaver","floor":4,"turns":3},{"damage":15,"enemies":"Exordium Wildlife","floor":5,"turns":4},{"damage":22,"enemies":"Exordium Thugs","floor":10,"turns":5},{"damage":0,"enemies":"Looter","floor":11,"turns":2},{"damage":7,"enemies":"Blue Slaver","floor":13,"turns":3},{"damage":16,"enemies":"Hexaghost","floor":16,"turns":4}],"seed_played":"4487786212864509088","potions_obtained":[{"floor":1,"key":"SkillPotion"},{"floor":2,"key":"Elixir"},{"floor":11,"key":"Venom Potion"},{"floor":13,"key":"champ:CounterPotion"}],"is_trial":false,"path_per_floor":["M","M","M","M","M","R","?","R","T","M","M","?","M","$","R","B"],"character_chosen":"THE_DEFAULT","items_purchased":["theMarked:PowerFlow","theMarked:Heritage+1","Doom Potion"],"campfire_rested":0,"item_purchase_floors":[14,14,14],"current_hp_per_floor":[72,72,72,59,44,44,44,44,44,22,22,22,16,16,16,0,0],"gold":69,"neow_bonus":"THREE_ENEMY_KILL","is_daily":false,"chose_seed":false,"campfire_upgraded":3,"win_rate":0.0,"timestamp":1614055686,"path_taken":["M","M","M","M","M","R","?","R","T","?","M","?","?","$","R","BOSS"],"items_purchased_type":["Card","Card","Potion"],"build_version":"2020-12-22","purchased_purges":0,"victory":false,"max_hp_per_floor":[72,72,72,72,72,72,72,72,72,72,72,72,73,73,73,73,73],"card_choices":[{"not_picked":["theMarked:WastefulAttack","theMarked:Generate"],"picked":"theMarked:Frustration","floor":1},{"not_picked":["theMarked:RepellingDischarge","theMarked:EmpowerWeapon"],"picked":"theMarked:AttractMetal","floor":2},{"not_picked":["theMarked:PowerFlow","theMarked:HeightenedSenses"],"picked":"theMarked:ComboAttacks","floor":3},{"not_picked":["theMarked:Overthink","theMarked:MagusForm"],"picked":"theMarked:ChainLightning","floor":4},{"not_picked":["theMarked:Pokerface","theMarked:TwofoldDefense"],"picked":"theMarked:ElectricStrings","floor":5},{"not_picked":["theMarked:AttractMetal","theMarked:Polarize"],"picked":"theMarked:CreepingChasm","floor":10},{"not_picked":["theMarked:WastefulAttack","theMarked:Parkour"],"picked":"theMarked:GodGivenPower","floor":11},{"not_picked":["theMarked:EmpowerWeapon","theMarked:BindingBlade","theMarked:Convert"],"picked":"SKIP","floor":13}],"player_experience":271434,"relics_obtained":[{"floor":9,"key":"infinitespire:Broken Mirror"}],"event_choices":[{"damage_healed":0,"gold_gain":0,"player_choice":"Gave Potion","damage_taken":0,"relics_obtained":["InkBottle"],"max_hp_gain":0,"max_hp_loss":0,"event_name":"WeMeetAgain","floor":7,"gold_loss":0},{"damage_healed":0,"gold_gain":0,"player_choice":"Trade","damage_taken":0,"relics_obtained":["FaceOfCleric"],"max_hp_gain":0,"max_hp_loss":0,"event_name":"FaceTrader","floor":12,"gold_loss":0}],"is_beta":false,"boss_relics":[],"items_purged_floors":[],"is_endless":false,"potions_floor_spawned":[1,2,11,13],"killed_by":"Hexaghost","ascension_level":0}}