{"host":"r4yhuzs0e1z69tr3","time":1614112359,"event":{"mods":["BaseMod","Minty Spire (QoL Compilation)","Rare Cards Sparkle"],"gold_per_floor":[114,87,106,31,31,65,84,84,84,116,116,128,140,150,150,246,246,260,14,14,27,44,44,44,44,113,61,71,71,99,116,116,215,215,227,77,94,113,113,113,139,139,194,194,46,59,59,79,79,79],"floor_reached":51,"language":"ENG","playtime":2438,"items_purged":[],"score":735,"play_id":"2afc77e5-6a1a-4898-9ba4-55b9b679eec8","local_time":"20210223153239","is_ascension_mode":true,"campfire_choices":[{"data":"Wallop","floor":8.0,"key":"SMITH"},{"data":"TalkToTheHand","floor":15.0,"key":"SMITH"},{"data":"Apotheosis","floor":23.0,"key":"SMITH"},{"floor":25.0,"key":"REST"},{"data":"Vault","floor":32.0,"key":"SMITH"},{"data":"TalkToTheHand","floor":40,"key":"SMITH"},{"data":"Consecrate","floor":42,"key":"SMITH"},{"data":"DevaForm","floor":44,"key":"SMITH"},{"floor":47,"key":"REST"},{"data":"Weave","floor":49,"key":"SMITH"}],"circlet_count":0,"master_deck":["Strike_P+1","Strike_P+1","Strike_P+1","Strike_P+1","Defend_P+1","Defend_P+1","Defend_P+1","Defend_P+1","Eruption+1","Vigilance","CrushJoints","Consecrate+1","Tantrum+1","Wireheading","Wallop+1","TalkToTheHand+1","TalkToTheHand+1","CutThroughFate+1","FollowUp","DevaForm+1","Prostrate","Weave+1","Apotheosis+1","Consecrate+1","Weave","Vault+1","ConjureBlade","FollowUp+1"],"relics":["PureWater","NeowsBlessing","Lizard Tail","Ice Cream","Tiny Chest","Blue Candle","Meat on the Bone","FossilizedHelix","Busted Crown","Vajra","Whetstone","Strawberry","Anchor"],"acts_visited":["Exordium","TheCity","TheBeyond"],"potions_floor_usage":[33,33,33,48,50],"damage_taken":[{"damage":0.0,"enemies":"Small Slimes","floor":1.0,"turns":1.0},{"damage":0.0,"enemies":"Jaw Worm","floor":3.0,"turns":1.0},{"damage":0.0,"enemies":"Lagavulin","floor":6.0,"turns":1.0},{"damage":0.0,"enemies":"Cultist","floor":7.0,"turns":2.0},{"damage":19.0,"enemies":"3 Sentries","floor":10.0,"turns":5.0},{"damage":7.0,"enemies":"Large Slime","floor":12.0,"turns":4.0},{"damage":0.0,"enemies":"3 Louse","floor":13.0,"turns":2.0},{"damage":5.0,"enemies":"Exordium Thugs","floor":14.0,"turns":6.0},{"damage":13.0,"enemies":"Hexaghost","floor":16.0,"turns":5.0},{"damage":11.0,"enemies":"Shell Parasite","floor":18.0,"turns":5.0},{"damage":29.0,"enemies":"2 Thieves","floor":21.0,"turns":4.0},{"damage":7.0,"enemies":"Snake Plant","floor":22.0,"turns":4.0},{"damage":2.0,"enemies":"3 Cultists","floor":28.0,"turns":4.0},{"damage":20.0,"enemies":"Book of Stabbing","floor":30.0,"turns":6.0},{"damage":0.0,"enemies":"Centurion and Healer","floor":31.0,"turns":5.0},{"damage":69,"enemies":"Automaton","floor":33,"turns":10},{"damage":12,"enemies":"3 Shapes","floor":35,"turns":5},{"damage":12,"enemies":"3 Darklings","floor":37,"turns":4},{"damage":0,"enemies":"Maw","floor":38,"turns":7},{"damage":0,"enemies":"Transient","floor":46,"turns":6},{"damage":11,"enemies":"3 Darklings","floor":48,"turns":6},{"damage":63,"enemies":"Awakened One","floor":50,"turns":13}],"seed_played":"8418322140764153510","potions_obtained":[{"floor":1.0,"key":"Ancient Potion"},{"floor":3.0,"key":"LiquidBronze"},{"floor":7.0,"key":"Block Potion"},{"floor":14.0,"key":"LiquidBronze"},{"floor":16.0,"key":"Weak Potion"},{"floor":18.0,"key":"SneckoOil"},{"floor":30.0,"key":"StancePotion"},{"floor":35,"key":"BlessingOfTheForge"},{"floor":38,"key":"PowerPotion"}],"is_trial":false,"path_per_floor":["M","$","M","$","?","E","M","R","T","E","?","M","M","M","R","B",null,"M","$","?","M","M","R","T","R","T","$","M","?","E","M","R","B",null,"M","$","M","M","?","R","T","R","T","R","$","M","R","M","R","B",null],"character_chosen":"WATCHER","items_purchased":["Consecrate","Wireheading","Weave","Apotheosis","Block Potion","Vajra","Anchor"],"campfire_rested":2,"item_purchase_floors":[2,4,19,19,27,36,45],"current_hp_per_floor":[72,72,72,72,72,72,72,72,72,53,53,46,46,41,41,28,72,61,61,61,32,25,25,25,46,46,46,44,44,36,48,48,42,72,60,60,48,48,48,48,48,48,55,55,55,55,78,67,67,16],"gold":79,"neow_bonus":"THREE_ENEMY_KILL","is_daily":false,"chose_seed":false,"campfire_upgraded":8,"win_rate":0.0,"timestamp":1614112359,"path_taken":["M","$","M","$","?","E","M","R","T","E","?","M","M","M","R","BOSS","M","$","?","?","M","R","?","R","T","$","M","?","E","M","R","BOSS","M","$","M","M","?","R","?","R","T","R","$","M","R","M","R","BOSS"],"items_purchased_type":["Card","Card","Card","Card","Potion","Relic","Relic"],"build_version":"2020-12-22","purchased_purges":0,"victory":true,"max_hp_per_floor":[72,72,72,72,72,72,72,72,72,72,72,72,72,72,72,72,72,72,72,72,72,72,72,72,72,72,72,72,72,72,72,72,72,72,72,72,72,72,72,72,72,72,79,79,79,79,79,79,79,79],"card_choices":[{"not_picked":["Halt","ThirdEye"],"picked":"CrushJoints","floor":1.0},{"not_picked":["Vengeance","SignatureMove"],"picked":"Tantrum","floor":3.0},{"not_picked":["LikeWater","Omniscience"],"picked":"Wallop","floor":6.0},{"not_picked":["Evaluate","Wallop"],"picked":"TalkToTheHand","floor":7.0},{"not_picked":["ThirdEye","Prostrate"],"picked":"Indignation","floor":10.0},{"not_picked":["ForeignInfluence","FearNoEvil"],"picked":"TalkToTheHand","floor":12.0},{"not_picked":["ForeignInfluence","CrushJoints"],"picked":"CutThroughFate","floor":13.0},{"not_picked":["BowlingBash","Meditate"],"picked":"FollowUp","floor":14.0},{"not_picked":["Brilliance","Devotion"],"picked":"DevaForm","floor":16.0},{"not_picked":["ThirdEye+1","Evaluate+1"],"picked":"Prostrate","floor":18.0},{"not_picked":["Tantrum","ThirdEye","FlurryOfBlows"],"picked":"SKIP","floor":21.0},{"not_picked":["Evaluate+1","JustLucky"],"picked":"Consecrate+1","floor":22.0},{"not_picked":["EmptyFist","CrushJoints"],"picked":"Weave","floor":28.0},{"not_picked":["Tantrum","ThirdEye+1","Prostrate"],"picked":"SKIP","floor":30.0},{"not_picked":["CutThroughFate","ThirdEye"],"picked":"Vault","floor":31.0},{"not_picked":["Alpha","MasterReality"],"picked":"ConjureBlade","floor":33},{"not_picked":["Evaluate+1"],"picked":"SKIP","floor":35},{"not_picked":["Wallop"],"picked":"SKIP","floor":37},{"not_picked":["Fasting2+1"],"picked":"SKIP","floor":38},{"not_picked":[],"picked":"FollowUp+1","floor":46},{"not_picked":["Halt"],"picked":"SKIP","floor":48}],"player_experience":177369,"relics_obtained":[{"floor":6.0,"key":"Lizard Tail"},{"floor":9.0,"key":"Ice Cream"},{"floor":10.0,"key":"Tiny Chest"},{"floor":24.0,"key":"Blue Candle"},{"floor":26.0,"key":"Meat on the Bone"},{"floor":30.0,"key":"FossilizedHelix"},{"floor":41,"key":"Whetstone"},{"floor":43,"key":"Strawberry"}],"event_choices":[{"damage_healed":0.0,"max_hp_gain":0.0,"max_hp_loss":0.0,"gold_gain":0.0,"event_name":"Living Wall","player_choice":"Grow","floor":5.0,"gold_loss":0.0,"damage_taken":0.0,"cards_upgraded":["Eruption"]},{"damage_healed":0.0,"max_hp_gain":0.0,"max_hp_loss":0.0,"gold_gain":0.0,"event_name":"Shining Light","player_choice":"Ignored","floor":11.0,"gold_loss":0.0,"damage_taken":0.0},{"damage_healed":0.0,"max_hp_gain":0.0,"max_hp_loss":0.0,"gold_gain":0.0,"event_name":"N\u0027loth","player_choice":"Ignored","floor":20.0,"gold_loss":0.0,"damage_taken":0.0},{"damage_healed":0.0,"max_hp_gain":0.0,"max_hp_loss":0.0,"gold_gain":0.0,"event_name":"Back to Basics","player_choice":"Simplicity","floor":29.0,"gold_loss":0.0,"damage_taken":0.0,"cards_upgraded":["Strike_P","Strike_P","Strike_P","Strike_P","Defend_P","Defend_P","Defend_P","Defend_P"]},{"cards_removed":["Indignation"],"damage_healed":0,"gold_gain":0,"player_choice":"Removed Skill","damage_taken":0,"max_hp_gain":0,"max_hp_loss":0,"event_name":"Falling","floor":39,"gold_loss":0}],"is_beta":false,"boss_relics":[{"not_picked":["Fusion Hammer","Astrolabe","Velvet Choker"]},{"not_picked":["SlaversCollar","Philosopher\u0027s Stone"],"picked":"Busted Crown"}],"items_purged_floors":[],"is_endless":false,"potions_floor_spawned":[1,3,7,14,16,18,28,30,35,38],"ascension_level":1}}