{"host":"zxd2l8an9de7z7b9","time":1614070549,"event":{"mods":["100% Spire Juice","2.2 Compatiblity","AchievementEnabler","BaseMod","CapriCore","Colored Map","Colored Powertips","Marisa£¨Ùöéë¡¡Øª×âÞÞ£©","Minty Spire (QoL Compilation)","Rare Cards Sparkle","StSLib","SuperFastMode","Td1madao Mod","everything is the same but u backflip on backflip"],"gold_per_floor":[110,110,110,133,151,176,101,101,101,101,176,176,212,225,225,225,225],"floor_reached":16,"language":"KOR","playtime":474,"items_purged":["Strike_G"],"score":90,"play_id":"e5eac174-8fc9-43d8-be86-a054ad5be6c5","local_time":"20210223175549","is_ascension_mode":false,"campfire_choices":[{"data":"Neutralize","floor":8,"key":"SMITH"},{"data":"Prepared","floor":10,"key":"SMITH"},{"floor":12,"key":"REST"},{"data":"Backflip","floor":15,"key":"SMITH"}],"circlet_count":0,"master_deck":["Strike_G","Strike_G","Strike_G","Strike_G","Defend_G","Defend_G","Defend_G","Defend_G","Defend_G","Survivor","Neutralize+1","Quick Slash","Concentrate+1","Dagger Throw","Prepared+1","Backflip+1"],"relics":["Ring of the Snake","Golden Idol","Gambling Chip","Odd Mushroom"],"acts_visited":["Exordium"],"potions_floor_usage":[16],"damage_taken":[{"damage":0,"enemies":"Small Slimes","floor":1,"turns":3},{"damage":0,"enemies":"Jaw Worm","floor":4,"turns":4},{"damage":2,"enemies":"Cultist","floor":5,"turns":4},{"damage":5,"enemies":"Looter","floor":6,"turns":3},{"damage":18,"enemies":"The Mushroom Lair","floor":13,"turns":7},{"damage":0,"enemies":"Large Slime","floor":14,"turns":6},{"damage":37,"enemies":"Hexaghost","floor":16,"turns":11}],"seed_played":"-3974386537695720394","potions_obtained":[{"floor":1,"key":"Poison Potion"},{"floor":13,"key":"FairyPotion"},{"floor":14,"key":"LiquidMemories"}],"is_trial":false,"path_per_floor":["M","?","?","M","M","M","$","R","T","R","?","R","?","M","R","B"],"character_chosen":"THE_SILENT","items_purchased":[],"campfire_rested":1,"item_purchase_floors":[],"current_hp_per_floor":[70,53,53,53,51,46,46,46,46,46,35,56,38,38,38,1,1],"gold":225,"neow_bonus":"THREE_CARDS","is_daily":false,"chose_seed":false,"campfire_upgraded":3,"win_rate":0.0,"timestamp":1614070549,"path_taken":["M","?","?","M","?","M","$","R","T","R","?","R","?","M","R","BOSS"],"items_purchased_type":[],"build_version":"2020-12-22","purchased_purges":1,"victory":false,"max_hp_per_floor":[70,70,70,70,70,70,70,70,70,70,70,70,70,70,70,70,70],"card_choices":[{"not_picked":["Dagger Spray","Deadly Poison"],"picked":"Quick Slash","floor":0},{"not_picked":["Outmaneuver","Deflect"],"picked":"Concentrate","floor":1},{"not_picked":["Deadly Poison","Flying Knee","Poisoned Stab"],"picked":"SKIP","floor":4},{"not_picked":["Underhanded Strike","Endless Agony"],"picked":"Dagger Throw","floor":5},{"not_picked":["Outmaneuver","Predator"],"picked":"Prepared","floor":6},{"not_picked":["Dodge and Roll","Deadly Poison"],"picked":"Backflip","floor":14}],"player_experience":457503,"relics_obtained":[{"floor":9,"key":"Gambling Chip"},{"floor":13,"key":"Odd Mushroom"}],"event_choices":[{"damage_healed":0,"gold_gain":0,"player_choice":"Take Damage","damage_taken":17,"relics_obtained":["Golden Idol"],"max_hp_gain":0,"max_hp_loss":0,"event_name":"Golden Idol","floor":2,"gold_loss":0},{"damage_healed":0,"gold_gain":0,"player_choice":"Upgraded","damage_taken":0,"max_hp_gain":0,"max_hp_loss":0,"event_name":"Upgrade Shrine","floor":3,"gold_loss":0,"cards_upgraded":["Concentrate"]},{"damage_healed":0,"gold_gain":75,"player_choice":"Gather Gold","damage_taken":11,"max_hp_gain":0,"max_hp_loss":0,"event_name":"World of Goop","floor":11,"gold_loss":0},{"damage_healed":0,"gold_gain":0,"player_choice":"Fought Mushrooms","damage_taken":0,"max_hp_gain":0,"max_hp_loss":0,"event_name":"Mushrooms","floor":13,"gold_loss":0}],"is_beta":false,"boss_relics":[],"items_purged_floors":[7],"is_endless":false,"potions_floor_spawned":[1,13,14],"killed_by":"Hexaghost","ascension_level":0}}