{"host":"0r455zfix56tawas","time":1614116565,"event":{"mods":["AlwaysNeverKeys","BaseMod","Colored Powertips","Downfall","Highlight Path","Minty Spire (QoL Compilation)","Permanent Neow","StSLib","The Necromancer","The Servant 0.9.4"],"gold_per_floor":[349,364,423,573,586,601,601,501,514,514,400,400,411,423,441,538,538,538,538,555,640,740,753,777,777,827,827,827],"floor_reached":26,"language":"ENG","playtime":1134,"items_purged":["downfall:Icky"],"score":198,"play_id":"e1039a80-344b-4d03-869a-2d8a95b06110","local_time":"20210223224245","is_ascension_mode":false,"campfire_choices":[{"data":"hexamod:Float","floor":1.0,"key":"SMITH"},{"data":"hexamod:CatchUp","floor":8.0,"key":"SMITH"},{"data":"hexamod:GhostOfSpireFuture","floor":10.0,"key":"SMITH"},{"floor":12.0,"key":"REST"},{"data":"hexamod:Defend","floor":18.0,"key":"SMITH"},{"data":"hexamod:InspiringFlames","floor":25,"key":"SMITH"}],"circlet_count":0,"master_deck":["hexamod:Strike","hexamod:Strike+1","hexamod:Defend+1","hexamod:Defend+1","hexamod:Defend+1","hexamod:Sear+1","hexamod:Float+1","hexamod:CatchUp+1","hexamod:ThermalTransfer","hexamod:HauntingEcho","hexamod:FirstSeal","hexamod:GhostOfSpireFuture+1","hexamod:SixthSeal","hexamod:AdvancingGuard+1","hexamod:SpectersWail+1","hexamod:StepThrough+1","hexamod:FifthSeal","hexamod:TimeWarp+1","hexamod:PhantomCloak+1","hexamod:RetreatToShadows+1","hexamod:InspiringFlames+1","hexamod:SixthSeal","hexamod:FirstSeal","hexamod:HauntingEcho"],"relics":["hexamod:SpiritBrand","Matryoshka","Smiling Mask","downfall:HeartBlessingBlue","Astrolabe","downfall:CloakOfManyFaces","CultistMask","FaceOfCleric","NlothsMask","GremlinMask","SsserpentHead","Blood Vial"],"acts_visited":["Exordium","TheCity"],"potions_floor_usage":[23],"damage_taken":[{"damage":0.0,"enemies":"Small Slimes","floor":2.0,"turns":3.0},{"damage":52.0,"enemies":"Gremlin Nob","floor":3.0,"turns":5.0},{"damage":1.0,"enemies":"Jaw Worm","floor":5.0,"turns":3.0},{"damage":0.0,"enemies":"Cultist","floor":6.0,"turns":3.0},{"damage":6.0,"enemies":"3 Louse","floor":9.0,"turns":3.0},{"damage":5.0,"enemies":"downfall:FleeingMerchant","floor":11.0,"turns":4.0},{"damage":8.0,"enemies":"Red Slaver","floor":13.0,"turns":4.0},{"damage":5.0,"enemies":"Exordium Thugs","floor":14.0,"turns":4.0},{"damage":0.0,"enemies":"Large Slime","floor":15.0,"turns":3.0},{"damage":21.0,"enemies":"IC_STATUS_ARCHETYPE","floor":16.0,"turns":9.0},{"damage":24.0,"enemies":"Chosen","floor":20.0,"turns":7.0},{"damage":6,"enemies":"downfall:FaceTrader","floor":22,"turns":9},{"damage":13,"enemies":"downfall:LooterAlt2","floor":23,"turns":5},{"damage":47,"enemies":"Cultist and Chosen","floor":26,"turns":6}],"seed_played":"3667963025034338807","potions_obtained":[{"floor":3.0,"key":"AttackPotion"},{"floor":6.0,"key":"Slimebound:ThreeZeroPotion"},{"floor":14.0,"key":"hexamod:DoubleChargePotion"},{"floor":15.0,"key":"hexamod:InfernoChargePotion"},{"floor":23,"key":"Block Potion"}],"is_trial":false,"path_per_floor":["R","M","?","?","M","M","T","R","M","R","$","R","M","M","M","B",null,"R","?","M","?","?","M","T","R","M"],"character_chosen":"THE_SPIRIT","items_purchased":["hexamod:AdvancingGuard"],"campfire_rested":1,"item_purchase_floors":[11],"current_hp_per_floor":[63,63,11,11,10,10,10,20,21,21,23,44,43,45,52,31,73,73,73,56,42,43,45,45,45,0,0,0],"gold":827,"neow_bonus":"TWO_FIFTY_GOLD","is_daily":false,"chose_seed":false,"campfire_upgraded":5,"win_rate":0.0,"timestamp":1614116565,"path_taken":["R","M","?","?","M","?","T","R","M","R","?","R","M","M","M","BOSS","R","?","?","?","?","M","T","R","?"],"items_purchased_type":["Card"],"build_version":"2020-12-22","purchased_purges":1,"victory":false,"max_hp_per_floor":[63,63,63,63,63,63,63,73,73,73,73,73,73,73,73,73,73,73,73,73,73,73,74,74,74,74,74,74],"card_choices":[{"not_picked":["hexamod:ShieldOfDarkness","hexamod:NightmareStrike"],"picked":"hexamod:CatchUp","floor":2.0},{"not_picked":["hexamod:NightmareGuise","hexamod:ChargedBarrage"],"picked":"hexamod:ThermalTransfer","floor":3.0},{"not_picked":["hexamod:SpectralSpark","hexamod:Firestarter"],"picked":"hexamod:HauntingEcho","floor":5.0},{"not_picked":["hexamod:PhantomFireball","hexamod:GhostShield"],"picked":"hexamod:FirstSeal","floor":6.0},{"not_picked":["hexamod:GhostShield","hexamod:HauntingEcho"],"picked":"hexamod:GhostOfSpireFuture","floor":9.0},{"not_picked":["hexamod:BacktrackSmack","hexamod:EmpoweredFlame"],"picked":"hexamod:SixthSeal","floor":11.0},{"not_picked":["hexamod:SuperheatedStrike","hexamod:EtherealExpedition"],"picked":"hexamod:SpectersWail","floor":13.0},{"not_picked":["hexamod:Firestarter","hexamod:SpectersWail"],"picked":"hexamod:StepThrough","floor":14.0},{"not_picked":["hexamod:BacktrackSmack","hexamod:HeatMetal","hexamod:GhostShield"],"picked":"SKIP","floor":15.0},{"not_picked":["hexamod:ApocalypseNow","hexamod:TurnItUp"],"picked":"hexamod:FifthSeal","floor":16.0},{"not_picked":["hexamod:ChargedBarrage","hexamod:NightmareStrike"],"picked":"hexamod:InspiringFlames","floor":20.0},{"not_picked":["hexamod:FirstSeal","hexamod:FourthSeal"],"picked":"hexamod:SixthSeal","floor":20.0},{"not_picked":["hexamod:FourthSeal","hexamod:SecondSeal"],"picked":"hexamod:FirstSeal","floor":22},{"not_picked":["hexamod:BurningTouch","hexamod:SuperheatedStrike"],"picked":"hexamod:HauntingEcho","floor":22},{"not_picked":["hexamod:BacktrackSmack","hexamod:Firestarter","hexamod:FlamesFromBeyond+1"],"picked":"SKIP","floor":23}],"player_experience":1027146,"relics_obtained":[{"floor":7.0,"key":"Smiling Mask"},{"floor":22,"key":"downfall:CloakOfManyFaces"},{"floor":24,"key":"Blood Vial"}],"event_choices":[],"is_beta":false,"boss_relics":[{"not_picked":["Black Star","Calling Bell"],"picked":"Astrolabe"}],"items_purged_floors":[11],"is_endless":false,"potions_floor_spawned":[3,6,14,15,16,23],"killed_by":"Cultist and Chosen","ascension_level":0}}