{"host":"tq99ucv8ezzqzioe","time":1614095314,"event":{"mods":["BaseMod","Colored Map","Downfall","Highlight Path","Minty Spire (QoL Compilation)","StSLib"],"gold_per_floor":[116,132,142,142,152,179,195,211,235,410,410,410,459,26,26,135,135,164,164,188,212,212,249,276,41,41,68,104,1,28,57,57,57,57],"floor_reached":33,"language":"ENG","playtime":3493,"items_purged":["Eruption"],"score":405,"play_id":"b207c3c6-bf05-487d-8f74-1ffd725f5787","local_time":"20210223104834","is_ascension_mode":true,"campfire_choices":[{"floor":11,"key":"RECALL"},{"floor":15,"key":"REST"},{"data":"Omniscience","floor":32,"key":"SMITH"}],"circlet_count":0,"master_deck":["Strike_P+1","Strike_P+1","Strike_P+1","Strike_P+1","Defend_P+1","Defend_P+1","Defend_P+1","Defend_P+1","Vigilance","Wallop","Tantrum","Worship","Omniscience+1","ClearTheMind","TalkToTheHand","SandsOfTime","Vault","LikeWater","Worship","Evaluate","EmptyFist","DeceiveReality","Swivel","WindmillStrike","Brilliance","BattleHymn","Wallop","Halt"],"relics":["Sozu","Tiny Chest","Blood Vial","CeramicFish","Bag of Preparation","Meat on the Bone","Runic Pyramid","Bronze Scales","Toolbox","Bottled Lightning","Potion Belt","Akabeko"],"acts_visited":["Exordium","TheCity"],"potions_floor_usage":[],"damage_taken":[{"damage":0,"enemies":"Small Slimes","floor":1,"turns":3},{"damage":3,"enemies":"Cultist","floor":2,"turns":4},{"damage":0,"enemies":"Jaw Worm","floor":3,"turns":2},{"damage":3,"enemies":"3 Louse","floor":5,"turns":4},{"damage":28,"enemies":"Gremlin Nob","floor":6,"turns":4},{"damage":0,"enemies":"Exordium Thugs","floor":7,"turns":3},{"damage":4,"enemies":"Blue Slaver","floor":8,"turns":5},{"damage":36,"enemies":"The Guardian","floor":16,"turns":11},{"damage":1,"enemies":"Shell Parasite","floor":18,"turns":4},{"damage":7,"enemies":"2 Thieves","floor":20,"turns":5},{"damage":6,"enemies":"Snecko","floor":21,"turns":4},{"damage":38,"enemies":"Gremlin Leader","floor":23,"turns":9},{"damage":0,"enemies":"Snake Plant","floor":24,"turns":3},{"damage":20,"enemies":"Book of Stabbing","floor":28,"turns":4},{"damage":0,"enemies":"Centurion and Healer","floor":30,"turns":5},{"damage":0,"enemies":"3 Cultists","floor":31,"turns":6},{"damage":98,"enemies":"Automaton","floor":33,"turns":7}],"seed_played":"3243552089833620592","potions_obtained":[],"is_trial":false,"path_per_floor":["M","M","M","?","M","E","M","M","T","?","R","?","T","$","R","B",null,"M","?","M","M","?","E","M","$","T","T","E","$","M","M","R","B"],"character_chosen":"WATCHER","items_purchased":["SandsOfTime","Bag of Preparation","Meat on the Bone","Swivel","WindmillStrike","Toolbox","BattleHymn"],"campfire_rested":1,"item_purchase_floors":[14,14,14,25,25,25,29],"current_hp_per_floor":[65,62,62,62,59,31,33,31,31,31,31,31,31,31,52,30,62,63,63,58,54,54,30,44,44,44,44,38,38,40,42,42,0,0],"gold":57,"neow_bonus":"BOSS_RELIC","is_daily":false,"chose_seed":false,"campfire_upgraded":1,"win_rate":0.0,"timestamp":1614095314,"path_taken":["M","M","M","?","M","E","M","?","T","?","R","?","?","$","R","BOSS","M","?","?","M","?","E","M","$","T","?","E","?","M","M","R","BOSS"],"items_purchased_type":["Card","Relic","Relic","Card","Card","Relic","Card"],"build_version":"2020-12-22","purchased_purges":1,"victory":false,"max_hp_per_floor":[72,72,72,72,72,72,72,72,72,72,72,72,72,72,72,72,72,72,72,72,72,72,72,72,72,72,72,72,72,72,72,72,72,72],"card_choices":[{"not_picked":["BowlingBash","Consecrate"],"picked":"Crescendo","floor":1},{"not_picked":["PathToVictory","EmptyFist"],"picked":"Wallop","floor":2},{"not_picked":["Sanctity","Protect"],"picked":"Tantrum","floor":3},{"not_picked":["Vengeance","CutThroughFate"],"picked":"Worship","floor":5},{"not_picked":["EmptyBody","ThirdEye"],"picked":"Omniscience","floor":6},{"not_picked":["CrushJoints","ThirdEye"],"picked":"ClearTheMind","floor":7},{"not_picked":["Nirvana","EmptyFist"],"picked":"TalkToTheHand","floor":8},{"not_picked":["Establishment","Judgement"],"picked":"Vault","floor":16},{"not_picked":["BowlingBash","FlurryOfBlows"],"picked":"LikeWater","floor":18},{"not_picked":["SandsOfTime","EmptyFist+1"],"picked":"Worship","floor":20},{"not_picked":["Indignation+1","FlyingSleeves"],"picked":"Evaluate","floor":21},{"not_picked":["JustLucky","MasterReality"],"picked":"EmptyFist","floor":23},{"not_picked":["InnerPeace","Crescendo+1"],"picked":"DeceiveReality","floor":24},{"not_picked":["InnerPeace","Omniscience"],"picked":"Brilliance","floor":28},{"not_picked":["Study","Fasting2"],"picked":"Wallop","floor":30},{"not_picked":["Sanctity","EmptyBody"],"picked":"Halt","floor":31}],"player_experience":1034001,"relics_obtained":[{"floor":4,"key":"Tiny Chest"},{"floor":6,"key":"Blood Vial"},{"floor":13,"key":"CeramicFish"},{"floor":23,"key":"Bronze Scales"},{"floor":26,"key":"Bottled Lightning"},{"floor":27,"key":"Potion Belt"},{"floor":28,"key":"Akabeko"}],"event_choices":[{"damage_healed":0,"gold_gain":0,"player_choice":"Relic","damage_taken":0,"max_hp_gain":0,"max_hp_loss":0,"event_name":"Wheel of Change","floor":4,"gold_loss":0},{"damage_healed":0,"gold_gain":175,"player_choice":"AGREE","damage_taken":0,"max_hp_gain":0,"max_hp_loss":0,"event_name":"Liars Game","floor":10,"gold_loss":0,"cards_obtained":["Doubt"]},{"cards_removed":["Doubt"],"damage_healed":0,"gold_gain":0,"player_choice":"Purged","damage_taken":0,"max_hp_gain":0,"max_hp_loss":0,"event_name":"Purifier","floor":12,"gold_loss":0},{"cards_removed":["Crescendo"],"damage_healed":0,"gold_gain":0,"player_choice":"Purged","damage_taken":0,"max_hp_gain":0,"max_hp_loss":0,"event_name":"Purifier","floor":19,"gold_loss":0},{"damage_healed":0,"gold_gain":0,"player_choice":"Simplicity","damage_taken":0,"max_hp_gain":0,"max_hp_loss":0,"event_name":"Back to Basics","floor":22,"gold_loss":0,"cards_upgraded":["Strike_P","Strike_P","Strike_P","Strike_P","Defend_P","Defend_P","Defend_P","Defend_P"]}],"is_beta":false,"boss_relics":[{"not_picked":["Runic Dome","sneckomod:SneckoTalon"],"picked":"Runic Pyramid"}],"items_purged_floors":[29],"is_endless":false,"potions_floor_spawned":[2,3,6,7,8,18,21,28,30,31],"killed_by":"Automaton","ascension_level":8}}