{"host":"rjfefv2ruvigm2gb","time":1614091943,"event":{"mods":["Act Like it!","AlwaysNeverKeys","BaseMod","Better Note","Better Third Choice","BetterRewards","Block Reminder","Bossed Relics","Colored Map","Colored Powertips","Conspire","Curses Come First","Displayed Cursed Tome","Downfall","Fox Events","GifTheSpireLib","Gold Saver","Googly Eyes","Highlight Path","Hubris","Ironclad Rager","Minty Spire (QoL Compilation)","Monster B Gone","Permanent Neow","Poor People Problems","Quick Restart","Relic Filter","Relic Stats","Reliquary","Replay The Spire","Retaliation","Ruina","Shop Mod","Small Relic Pack","Spire Arcade","StS++","StSLib","Stuff the Spire","SuperFastMode","The Blue Laboratory","Transform Curses","Uncapped","Virulent Crown"],"gold_per_floor":[1054,1074,1091,398,298,298,298,329,341,341,368,381,381,116,131,233,233,233,246,246,246,273,21,21,21,21,21,21,21],"floor_reached":27,"language":"ENG","playtime":1286,"items_purged":["bronze:Strike","bronze:Strike"],"score":347,"play_id":"0445b69c-4949-4c07-b32a-2176c600d1d1","local_time":"20210223085223","is_ascension_mode":true,"campfire_choices":[{"floor":1,"key":"DIG"},{"floor":10,"key":"DIG"},{"floor":13,"key":"REST"},{"floor":18,"key":"DIG"},{"floor":26,"key":"REST"}],"circlet_count":0,"master_deck":["AscendersBane","bronze:Strike","bronze:Defend","bronze:Defend","bronze:Defend","bronze:Defend","bronze:Replicate","bronze:Goto","bronze:Iterate","bronze:BugBarrage","bronze:BugBarrage","Ghostly","bronze:BugBarrage","Pain","StuffTheSpire:BrainWave","hubris:DuctTapeCard","bronze:ItsAFeature","StuffTheSpire:BrainWave"],"relics":["bronze:BronzeCore","downfall:HeartBlessingRed","downfall:HeartBlessingBlue","downfall:HeartBlessingGreen","Pen Nib","bronze:Timepiece","reliquary:Firecrackers","Shovel","Letter Opener","Chameleon Ring","reliquary:JackalopeAntler","StuffTheSpire:Saxophone","Busted Crown","Ancient Tea Set","reliquary:OuijaBoard","hubris:DuctTape","ReplayTheSpireMod:Ninjato","hubris:BottledRain"],"acts_visited":["Exordium","Exordium"],"potions_floor_usage":[11,11,16,22,23],"damage_taken":[{"damage":0,"enemies":"Small Slimes","floor":2,"turns":4},{"damage":6,"enemies":"Jaw Worm","floor":3,"turns":3},{"damage":0,"enemies":"downfall:FleeingMerchant","floor":4,"turns":4},{"damage":16,"enemies":"Gremlin Nob","floor":8,"turns":3},{"damage":0,"enemies":"conspire:RoseBush","floor":9,"turns":4},{"damage":5,"enemies":"Replay:BlueRogue","floor":11,"turns":4},{"damage":16,"enemies":"conspire:2 RoseBushes","floor":12,"turns":10},{"damage":0,"enemies":"downfall:FleeingMerchant","floor":14,"turns":4},{"damage":7,"enemies":"Blue Slaver","floor":15,"turns":3},{"damage":25,"enemies":"DF_ARCHETYPE_STREAMLINE","floor":16,"turns":6},{"damage":30,"enemies":"ruina:3_Bats","floor":19,"turns":4},{"damage":13,"enemies":"conspire:MimicChest","floor":22,"turns":3},{"damage":11,"enemies":"downfall:FleeingMerchant","floor":23,"turns":4},{"damage":39,"enemies":"ruina:Mountain","floor":27,"turns":2}],"seed_played":"-5914676531099772510","potions_obtained":[{"floor":3,"key":"StSpp:SecondWindPotion"},{"floor":6,"key":"AttackPotion"},{"floor":6,"key":"Swift Potion"},{"floor":15,"key":"blueLaboratory:BottleOfVodka"},{"floor":16,"key":"blueLaboratory:BubblePotion"},{"floor":19,"key":"blueLaboratory:SavagePotion"}],"is_trial":false,"path_per_floor":["R_BF","M","M","$","?","?","T","E","M","R","E","M","R","$","M","B",null,"R","M","?","?","?","$","T","?","R","E"],"character_chosen":"THE_AUTOMATON","items_purchased":["bronze:Timepiece","reliquary:Firecrackers","bronze:BugBarrage","StuffTheSpire:Saxophone","bronze:ItsAFeature","ReplayTheSpireMod:Ninjato","hubris:BottledRain"],"campfire_rested":2,"item_purchase_floors":[4,4,4,14,23,23,23],"current_hp_per_floor":[73,73,67,67,67,67,67,51,51,51,46,30,54,54,47,22,66,66,36,36,36,23,12,12,12,36,0,0,0],"gold":21,"neow_bonus":"REMOVE_CARD","is_daily":false,"chose_seed":false,"campfire_upgraded":0,"win_rate":0.0,"timestamp":1614091943,"path_taken":["R_BF","M","M","$","?","?","T","E","M","R","E","?","R","$","M","BOSS","R","M","?","?","?","?","T","?","R","E"],"items_purchased_type":["Relic","Relic","Card","Relic","Card","Relic","Relic"],"build_version":"2020-12-22","purchased_purges":2,"victory":false,"max_hp_per_floor":[80,80,80,80,80,80,80,80,80,80,80,80,80,80,80,80,80,80,80,80,80,80,80,80,80,80,80,80,80],"relic_stats":{"Shovel":3,"Busted Crown":8,"counters":[14,58],"Pen Nib":[11],"Letter Opener":[70],"obtain_stats":[{"reliquary:OuijaBoard":20,"bronze:BronzeCore":0,"ReplayTheSpireMod:Ninjato":23,"downfall:HeartBlessingRed":1,"hubris:DuctTape":22,"reliquary:Firecrackers":4,"StuffTheSpire:Saxophone":14,"downfall:HeartBlessingGreen":1,"Pen Nib":1,"Letter Opener":8,"Replay:Mystery Machine":24,"Ancient Tea Set":18,"reliquary:JackalopeAntler":11,"Shovel":7,"Chameleon Ring":10,"Busted Crown":17,"downfall:HeartBlessingBlue":1,"bronze:Timepiece":4,"hubris:BottledRain":23},{"reliquary:OuijaBoard":11,"bronze:BronzeCore":0,"ReplayTheSpireMod:Ninjato":13,"downfall:HeartBlessingRed":0,"hubris:DuctTape":12,"reliquary:Firecrackers":3,"StuffTheSpire:Saxophone":8,"downfall:HeartBlessingGreen":0,"Pen Nib":0,"Letter Opener":4,"Replay:Mystery Machine":13,"Ancient Tea Set":10,"reliquary:JackalopeAntler":6,"Shovel":3,"Chameleon Ring":5,"Busted Crown":10,"downfall:HeartBlessingBlue":0,"bronze:Timepiece":3,"hubris:BottledRain":13},{"reliquary:OuijaBoard":49,"bronze:BronzeCore":0,"ReplayTheSpireMod:Ninjato":56,"downfall:HeartBlessingRed":0,"hubris:DuctTape":52,"reliquary:Firecrackers":11,"StuffTheSpire:Saxophone":36,"downfall:HeartBlessingGreen":0,"Pen Nib":0,"Letter Opener":14,"Replay:Mystery Machine":56,"Ancient Tea Set":45,"reliquary:JackalopeAntler":22,"Shovel":11,"Chameleon Ring":18,"Busted Crown":45,"downfall:HeartBlessingBlue":0,"bronze:Timepiece":11,"hubris:BottledRain":56}]},"card_choices":[{"not_picked":["bronze:DelayedSlice","bronze:Separator"],"picked":"bronze:Iterate","floor":2},{"not_picked":["bronze:Allocate","bronze:FineTuning"],"picked":"bronze:BugBarrage","floor":3},{"not_picked":["bronze:DelayedSlice","bronze:ForceShield"],"picked":"bronze:MaxOutput","floor":4},{"not_picked":["bronze:Terminator","bronze:WhirlingStrike","bronze:HardenedForm"],"picked":"SKIP","floor":8},{"not_picked":["bronze:CloningBeam","bronze:ForLoop","bronze:NullPointer"],"picked":"SKIP","floor":9},{"not_picked":["bronze:Safeguard","bronze:ChosenStrike","bronze:Repair"],"picked":"SKIP","floor":11},{"not_picked":["bronze:CloningBeam","bronze:Shield"],"picked":"bronze:BugBarrage","floor":12},{"not_picked":["bronze:ChosenStrike","bronze:Separator"],"picked":"bronze:ItsAFeature","floor":14},{"not_picked":["bronze:DelayedSlice","bronze:Invalidate","bronze:Frontload"],"picked":"SKIP","floor":15},{"not_picked":["bronze:Separator"],"picked":"SKIP","floor":19},{"not_picked":["bronze:Frontload+1"],"picked":"SKIP","floor":23},{"not_picked":["StuffTheSpire:Perfection","StuffTheSpire:Harmony"],"picked":"StuffTheSpire:BrainWave","floor":25}],"player_experience":1149348,"relics_obtained":[{"floor":1,"key":"Pen Nib"},{"floor":7,"key":"Shovel"},{"floor":8,"key":"Letter Opener"},{"floor":10,"key":"Chameleon Ring"},{"floor":11,"key":"reliquary:JackalopeAntler"},{"floor":18,"key":"Ancient Tea Set"},{"floor":22,"key":"hubris:DuctTape"},{"floor":24,"key":"Replay:Mystery Machine"}],"event_choices":[{"damage_healed":0,"gold_gain":0,"player_choice":"Argue","damage_taken":0,"max_hp_gain":0,"max_hp_loss":0,"event_name":"conspire:LoneGhost","floor":5,"gold_loss":0},{"damage_healed":0,"gold_gain":0,"player_choice":"Got Potions","damage_taken":0,"max_hp_gain":0,"max_hp_loss":0,"event_name":"Lab","floor":6,"gold_loss":0}],"is_beta":false,"boss_relics":[{"not_picked":["StuffTheSpire:ModemDavis","hubris:TerracottaHorce"],"picked":"Busted Crown"}],"items_purged_floors":[4,14],"is_endless":false,"potions_floor_spawned":[3,8,15,16,19],"killed_by":"ruina:Mountain","ascension_level":12}}