{"host":"jmyzvm1p6bjfuoy1","time":1614109264,"event":{"mods":["2.2 Compatiblity","AchievementEnabler","Aspiration","BaseMod","BetterRewards","Conspire","Hubris","Hunter ??","Jedi Mod","Minty Spire (QoL Compilation)","Permanent Neow","Rare Cards Sparkle","Reliquary","Robot Space Explorer","Shop Mod","Spicy Shops","StSLib","The Runesmith"],"gold_per_floor":[119,135,135,135,210,240,256,274,343,343,343,343,32,52,52,157,157,169,169,169,185,185,185,196,196,196,196,17,33,68,68,68],"floor_reached":31,"language":"ENG","playtime":2699,"items_purged":[],"score":278,"play_id":"09988d02-589f-47a3-8274-fb2652aa398d","local_time":"20210223144104","is_ascension_mode":false,"campfire_choices":[{"floor":10.0,"key":"REST"},{"floor":12.0,"key":"REST"},{"data":"Sadistic Nature","floor":15.0,"key":"SMITH"},{"floor":23.0,"key":"REST"},{"floor":25.0,"key":"REST"},{"floor":27.0,"key":"REST"}],"circlet_count":0,"master_deck":["Strike_R","Strike_R","Strike_R","Strike_R","Strike_R","Defend_R","Defend_R","Defend_R","Defend_R","Bash","Thunderclap","Thunderclap","Reaper","Anger","hubris:ReadiedAction","Regret","Sadistic Nature+1","Reaper","Thunderclap","jedi:harder","hubris:ReadiedAction","RitualDagger","Clash","Sword Boomerang+1","jedi:fear","Thunderclap"],"relics":["Burning Blood","Runesmith:BrokenRuby","MerchantsRug","DollysMirror","reliquary:ThirdArm","Paper Frog","PreservedInsect"],"acts_visited":["Exordium","TheCity"],"potions_floor_usage":[30],"damage_taken":[{"damage":3.0,"enemies":"Small Slimes","floor":1.0,"turns":3.0},{"damage":5.0,"enemies":"2 Louse","floor":2.0,"turns":2.0},{"damage":51.0,"enemies":"Lagavulin","floor":6.0,"turns":7.0},{"damage":6.0,"enemies":"Cultist","floor":7.0,"turns":3.0},{"damage":16.0,"enemies":"Large Slime","floor":8.0,"turns":6.0},{"damage":6.0,"enemies":"conspire:2 RoseBushes","floor":14.0,"turns":3.0},{"damage":25.0,"enemies":"Slime Boss","floor":16.0,"turns":7.0},{"damage":13.0,"enemies":"Chosen","floor":18.0,"turns":4.0},{"damage":55.0,"enemies":"conspire:FuzzyDice","floor":21.0,"turns":7.0},{"damage":11.0,"enemies":"Snecko","floor":24.0,"turns":4.0},{"damage":26.0,"enemies":"Chosen and Byrds","floor":29.0,"turns":5.0},{"damage":71,"enemies":"Gremlin Leader","floor":30,"turns":7},{"damage":18,"enemies":"conspire:HollyBat","floor":31,"turns":4}],"seed_played":"-7545470012333325093","potions_obtained":[{"floor":1.0,"key":"SpeedPotion"},{"floor":7.0,"key":"FearPotion"},{"floor":8.0,"key":"BlessingOfTheForge"},{"floor":14.0,"key":"SteroidPotion"},{"floor":21.0,"key":"AttackPotion"},{"floor":22.0,"key":"Dexterity Potion"},{"floor":29.0,"key":"BlessingOfTheForge"}],"is_trial":false,"path_per_floor":["M","M","?","$","?","E","M","M","T","R","?","R","$","M","R","B",null,"M","?","?","M","?","R","M","R","T","R","$","M","E","M"],"character_chosen":"IRONCLAD","items_purchased":["MerchantsRug","Sadistic Nature","DollysMirror","Paper Frog"],"campfire_rested":5,"item_purchase_floors":[13,13,13,28],"current_hp_per_floor":[80,80,83,83,75,30,39,34,34,58,58,82,82,82,82,76,83,83,83,77,34,34,58,53,77,77,83,83,63,18,0,0],"gold":68,"neow_bonus":"NOSTALGIA","is_daily":false,"chose_seed":false,"campfire_upgraded":1,"win_rate":0.0,"timestamp":1614109264,"path_taken":["M","M","?","$","?","E","?","M","T","R","?","R","$","M","R","BOSS","M","?","?","M","?","R","M","R","T","R","$","M","E","M"],"items_purchased_type":["Relic","Card","Relic","Relic"],"build_version":"2020-12-22","purchased_purges":0,"victory":false,"max_hp_per_floor":[80,80,83,83,83,83,83,83,83,83,83,83,83,83,83,83,83,83,83,83,83,83,83,83,83,83,83,83,83,83,83,83],"card_choices":[{"not_picked":["Ghostly Armor","Flame Barrier"],"picked":"Thunderclap","floor":1.0},{"not_picked":["Shrug It Off","Havoc"],"picked":"Thunderclap","floor":2.0},{"not_picked":["Wild Strike","True Grit"],"picked":"Reaper","floor":6.0},{"not_picked":["Armaments","Whirlwind"],"picked":"Anger","floor":7.0},{"not_picked":["Burning Pact","Shrug It Off"],"picked":"hubris:ReadiedAction","floor":8.0},{"not_picked":["Cleave","Pommel Strike"],"picked":"Thunderclap","floor":14.0},{"not_picked":["Corruption","conspire:Purge"],"picked":"jedi:harder","floor":16.0},{"not_picked":["jedi:controlledanger","Headbutt"],"picked":"hubris:ReadiedAction","floor":18.0},{"not_picked":["Disarm","Sever Soul+1"],"picked":"Clash","floor":21.0},{"not_picked":["Twin Strike","Armaments"],"picked":"Sword Boomerang+1","floor":24.0},{"not_picked":["Pommel Strike","hubris:ReadiedAction"],"picked":"jedi:fear","floor":29.0},{"not_picked":["Havoc","jedi:collectorstrike"],"picked":"Thunderclap","floor":30}],"player_experience":311310,"relics_obtained":[{"floor":6.0,"key":"reliquary:SharkskinSheath"},{"floor":9.0,"key":"reliquary:GummyVitamins"},{"floor":26.0,"key":"jedi:ironblood"},{"floor":30,"key":"PreservedInsect"}],"event_choices":[{"damage_healed":0.0,"max_hp_gain":0.0,"max_hp_loss":0.0,"gold_gain":75.0,"event_name":"FaceTrader","player_choice":"Touch","floor":5.0,"gold_loss":0.0,"damage_taken":8.0},{"damage_healed":0.0,"max_hp_gain":0.0,"max_hp_loss":0.0,"gold_gain":0.0,"event_name":"Big Fish","player_choice":"Box","floor":11.0,"gold_loss":0.0,"damage_taken":0.0,"relics_obtained":["hubris:ToyBattleship"],"cards_obtained":["Regret"]},{"damage_healed":0.0,"max_hp_gain":0.0,"max_hp_loss":0.0,"gold_gain":0.0,"event_name":"Ghosts","player_choice":"Ignored","floor":19.0,"gold_loss":0.0,"damage_taken":0.0},{"damage_healed":0.0,"max_hp_gain":0.0,"max_hp_loss":0.0,"gold_gain":0.0,"event_name":"Nest","player_choice":"Joined the Cult","floor":20.0,"gold_loss":0.0,"damage_taken":6.0,"cards_obtained":["RitualDagger"]},{"damage_healed":0.0,"max_hp_gain":0.0,"max_hp_loss":0.0,"gold_gain":0.0,"event_name":"Lab","player_choice":"Got Potions","floor":22.0,"gold_loss":0.0,"damage_taken":0.0}],"is_beta":false,"boss_relics":[{"not_picked":["hubris:HollowSoul","hubris:BlackHole"],"picked":"reliquary:ThirdArm"}],"items_purged_floors":[],"is_endless":false,"potions_floor_spawned":[1,7,8,14,21,29],"killed_by":"conspire:HollyBat","ascension_level":0}}