{"host":"0rn20prxkpuv2e47","time":1614045231,"event":{"mods":["100% Spire Juice","ATMod(阿瑾Mod)","Act Like it!","Arknights","Aspiration","BaseMod","Challenge The Spire","Downfall","Friendly Minions","Gensokyo","Hallownest","Hermit","Koishi","KomeijiMod","Marisa（F雨　魔理沙）","Minty Spire (QoL Compilation)","MostiFishMod","Quick Restart","Reimu（博丽灵梦）","Remilia（蕾米莉亚）","Robot Space Explorer","StSLib","The Administrix","The Alterego","The Animator","The Blackbeard","The Bug Knight","The Construct","The Cursed","The Mystic","The Runesmith","The Senshi","The Servant 0.9.4","Warlord Emblem","[GremlinLeader]The Maniac","[IsaacMod]以撒尖塔","[功能]功能增强和修复MOD","noobMod","【功能Mod】聪明的最终Boss","【遗物卡牌】REMEMod"],"gold_per_floor":[115,115,65,77,0,19,19,19,19,19,30,30,47,47,47,146,146,388,485,485,395,385,385,420,420,420],"floor_reached":25,"language":"ZHS","playtime":1791,"items_purged":["Strike_Komeiji","Strike_Komeiji","Defend_Komeiji","Defend_Komeiji","Defend_Komeiji","Defend_Komeiji","Injury","Dash_Komeiji","Strike_Komeiji","Strike_Komeiji","YoukiSo+1","REME_FirmDetermination"],"score":359,"play_id":"e93c1d4e-5ac3-4629-929b-e4c9e13117a8","local_time":"20210223095351","is_ascension_mode":false,"campfire_choices":[{"data":"Jack Of All Trades","floor":8,"key":"SMITH"},{"data":"EpicFetus","floor":10,"key":"SMITH"},{"data":"REME_WheelOfFate","floor":15,"key":"SMITH"},{"data":"Magnetism","floor":23,"key":"SMITH"}],"circlet_count":0,"master_deck":["AT_MachinaRedman","EpicFetus+1","YoukiSo+1","Master of Strategy","SuitokuNoKyoryu","SummerRed+","Jack Of All Trades+1","MostiFishMod:StoryBook","REME_Flogging","MostiFishMod:StoryBook","REME_WheelOfFate+1","ElementInvoke","Panacea","Magnetism+1","SpringWind+","StaticGreen+","SilentSelene"],"relics":["KomeijisEye","SpellCardsRule","MusicBox","ice","AT_ATBox","REME_ComplimentaryCards","HushsDoor","DaveBox","GreenFoldingFan","GuppysTail","PunchingBag","SynthV:TestCard","aspiration:FrozenJewel","AT_EbonyIvory","WarlordEmblem:MantleWalana","Chaos","WarlordEmblem:BadgeProtect","REME_LowDesire","EctoplasmExtend","Busted Crown","AT_Kusabimaru","MostiFishMod:Haymaker","AT_SunfireAegis","AT_RedNoBalance","Prayer Wheel","Gensokyo:Mercy","BloodBag","Hallownest:StagBellRelic1","WarlordEmblem:BreastProtector","Philosopher\u0027s Stone","Eternal Feather","CrystalOfMemory","SharpPlug","Pocketwatch","Snecko Eye"],"acts_visited":["Gensokyo:Gensokyo","Hallownest:CityofTears"],"potions_floor_usage":[19],"damage_taken":[{"damage":14,"enemies":"Gensokyo:Gryphon","floor":1,"turns":3},{"damage":2,"enemies":"Gensokyo:2_Kodama","floor":4,"turns":1},{"damage":4,"enemies":"Gensokyo:3_Fairies","floor":6,"turns":2},{"damage":6,"enemies":"Gensokyo:Python_and_Kodama","floor":11,"turns":2},{"damage":10,"enemies":"Gensokyo:VengefulSpirit","floor":13,"turns":1},{"damage":28,"enemies":"Gensokyo:Kokoro","floor":16,"turns":4},{"damage":26,"enemies":"Hallownest:2_Mistakes","floor":18,"turns":3},{"damage":18,"enemies":"Hallownest:Guard_and_Sentry","floor":19,"turns":1},{"damage":20,"enemies":"Hallownest:Guard_and_Sentry","floor":20,"turns":2},{"damage":4,"enemies":"Hallownest:eliteSoulWarrior","floor":24,"turns":2}],"seed_played":"-778282973141324632","potions_obtained":[{"floor":6,"key":"EssenceOfSteel"},{"floor":11,"key":"GrandPatriotsElixir:ReiMu"},{"floor":16,"key":"Fire Potion"},{"floor":19,"key":"REME_GoldPotion"},{"floor":19,"key":"AttackPotion"}],"is_trial":false,"path_per_floor":["M","?","$","M","$","M","$","R","T","R","M","COS","M","?","R","B",null,"M","M","?","?","$","R","E","$"],"character_chosen":"KomeijiSatori","items_purchased":["AT_EbonyIvory","WarlordEmblem:MantleWalana","Chaos","Master of Strategy","SuitokuNoKyoryu","WarlordEmblem:BadgeProtect","REME_LowDesire","MusouMyousyu","Jack Of All Trades","EctoplasmExtend","MostiFishMod:Haymaker","AT_SunfireAegis","AT_SilverBalance","WarlordEmblem:BreastProtector","Philosopher\u0027s Stone","Eternal Feather","StaticGreen+","SilentSelene","SharpPlug","Pocketwatch","Snecko Eye"],"campfire_rested":0,"item_purchase_floors":[3,3,3,3,3,5,5,5,5,5,7,7,7,22,22,22,22,22,25,25,25],"current_hp_per_floor":[41,41,41,45,45,45,45,45,45,45,38,38,22,22,22,46,46,47,39,58,58,58,67,73,73,73],"gold":420,"neow_bonus":"ONE_RARE_RELIC","is_daily":false,"chose_seed":false,"campfire_upgraded":4,"win_rate":0.0,"timestamp":1614045231,"path_taken":["M","?","$","M","$","M","$","R","T","R","M","COS","M","?","R","BOSS","M","M","?","?","$","R","E","$"],"items_purchased_type":["Relic","Relic","Card","Card","Card","Relic","Relic","Card","Card","Relic","Relic","Relic","Relic","Relic","Relic","Relic","Undefined","Card","Relic","Relic","Relic"],"build_version":"2020-12-22","purchased_purges":12,"victory":false,"max_hp_per_floor":[45,45,45,45,45,45,45,45,45,45,45,45,45,45,45,46,46,54,54,58,58,86,86,87,87,87],"card_choices":[{"not_picked":[],"picked":"EpicFetus","floor":0},{"not_picked":["Agarareta+1","StickyBubble+"],"picked":"YoukiSo+1","floor":1},{"not_picked":["FreezeTouchMe","HenyouMirume","MissingPower","SummerFlame+"],"picked":"SummerRed+","floor":4},{"not_picked":["SummerFlame+","Agarareta+1","Sadistic Nature"],"picked":"YoukiSo+1","floor":6},{"not_picked":["SuitokuNoKyoryu","StickyBubble+","FlashOfSpring+"],"picked":"MostiFishMod:StoryBook","floor":11},{"not_picked":["DemonLordCradle","ShyakuBuku","JyouchiJin+1"],"picked":"REME_Flogging","floor":11},{"not_picked":["RikonNoKama+1","SummerRed+","SummerFlame+"],"picked":"REME_WheelOfFate","floor":13},{"not_picked":["CondensedBubble+","HenyouMirume","SuitokuNoKyoryu"],"picked":"REME_FirmDetermination","floor":13},{"not_picked":["YuumeiNoKurin","WumiGaWareru","REME_FirmDetermination"],"picked":"ElementInvoke","floor":16},{"not_picked":["MusuNoYume","WinterElement+","Sabishigari+1"],"picked":"Panacea","floor":18},{"not_picked":["FreezeTouchMe","JyouchiJin+1","KokorosuKi+1","REME_BodyOfCthun"],"picked":"SKIP","floor":18},{"not_picked":["MidautumnSpear+","KinbakuJin+1","ShyakuBuku"],"picked":"Magnetism","floor":19},{"not_picked":["Melting","ShyakuBuku+1","HandOfGreedExtend"],"picked":"SpringWind+","floor":19},{"not_picked":["Melting","WipeMoisture+","KokorosuKi+1","Impatience+1"],"picked":"SKIP","floor":24}],"player_experience":202257,"relics_obtained":[{"floor":1,"key":"SynthV:TestCard"},{"floor":5,"key":"Busted Crown"},{"floor":5,"key":"AT_Kusabimaru"},{"floor":9,"key":"Prayer Wheel"},{"floor":24,"key":"CrystalOfMemory"}],"event_choices":[],"is_beta":false,"boss_relics":[{"not_picked":["Mummified Hand","Regal Pillow"],"picked":"BloodDonationMachine"},{"not_picked":[]}],"items_purged_floors":[3,3,3,3,3,3,3,3,3,3,22,22],"is_endless":false,"potions_floor_spawned":[1,1,4,6,11,11,16,19,19,20],"ascension_level":0}}