{"host":"6yklbc9za0aylqsj","time":1614112067,"event":{"mods":["AchievementEnabler","BaseMod","Bestiary","Colored Map","Colored Powertips","Minty Spire (QoL Compilation)","Rare Cards Sparkle","Relic Stats","Slay-I","StSLib"],"gold_per_floor":[19,29,48,59,77,112,112,137,164,182,211,211,211,224,224,350,350,375,300,37,41,41,41,64,108,108,108,108,139,139,139,139,260,260,278,24,38,38,54,98,117,117,117,117,117,117,180,220,220,220,220,220,5,45,45],"floor_reached":56,"language":"ENG","playtime":2791,"items_purged":["Strike_B"],"score":1391,"play_id":"61c2c2ef-00aa-466c-95e9-8d6909c3490c","local_time":"20210223212747","is_ascension_mode":true,"campfire_choices":[{"floor":13.0,"key":"REST"},{"floor":15.0,"key":"RECALL"},{"data":"Defragment","floor":23.0,"key":"SMITH"},{"data":"Biased Cognition","floor":27.0,"key":"SMITH"},{"data":"Reinforced Body","floor":30.0,"key":"SMITH"},{"data":"Zap","floor":32.0,"key":"SMITH"},{"data":"Echo Form","floor":42.0,"key":"SMITH"},{"data":"Ball Lightning","floor":46.0,"key":"SMITH"},{"data":"Dualcast","floor":49.0,"key":"SMITH"},{"data":"Steam","floor":52.0,"key":"SMITH"}],"circlet_count":0,"master_deck":["Defend_B","Defend_B","Zap+1","Dualcast+1","Steam+1","Reinforced Body+1","Chill+1","Ball Lightning+1","Genetic Algorithm","Melter","Defragment+1","Sweeping Beam+1","Darkness+1","Biased Cognition+1","Go for the Eyes+1","All For One+1","Ball Lightning+1","Doom and Gloom+1","FTL+1","Chill+1","Echo Form+1","Lockon+1"],"relics":["FrozenCore","FossilizedHelix","DataDisk","Juzu Bracelet","Oddly Smooth Stone","Tiny Chest","Golden Idol","ClockworkSouvenir","Centennial Puzzle","Molten Egg 2","Unceasing Top","Bag of Marbles","Empty Cage","Potion Belt","Ice Cream","HornCleat","The Courier","Bird Faced Urn","Singing Bowl","Bronze Scales","Ornamental Fan"],"acts_visited":["Exordium","TheCity","TheBeyond","TheEnding"],"potions_floor_usage":[55,55,55,55,55],"damage_taken":[{"damage":1.0,"enemies":"2 Louse","floor":1.0,"turns":2.0},{"damage":0.0,"enemies":"Small Slimes","floor":2.0,"turns":3.0},{"damage":0.0,"enemies":"Jaw Worm","floor":3.0,"turns":4.0},{"damage":1.0,"enemies":"Red Slaver","floor":4.0,"turns":5.0},{"damage":0.0,"enemies":"3 Louse","floor":5.0,"turns":3.0},{"damage":27.0,"enemies":"Gremlin Nob","floor":6.0,"turns":4.0},{"damage":4.0,"enemies":"Lagavulin","floor":8.0,"turns":7.0},{"damage":0.0,"enemies":"Blue Slaver","floor":10.0,"turns":3.0},{"damage":0.0,"enemies":"Gremlin Nob","floor":11.0,"turns":4.0},{"damage":0.0,"enemies":"Red Slaver","floor":14.0,"turns":2.0},{"damage":18.0,"enemies":"Hexaghost","floor":16.0,"turns":11.0},{"damage":0.0,"enemies":"Chosen","floor":18.0,"turns":5.0},{"damage":0.0,"enemies":"2 Thieves","floor":21.0,"turns":4.0},{"damage":0.0,"enemies":"Snake Plant","floor":24.0,"turns":6.0},{"damage":0.0,"enemies":"Book of Stabbing","floor":25.0,"turns":6.0},{"damage":0.0,"enemies":"Slavers","floor":29.0,"turns":6.0},{"damage":16.0,"enemies":"Automaton","floor":33.0,"turns":10.0},{"damage":0.0,"enemies":"3 Darklings","floor":35.0,"turns":5.0},{"damage":0.0,"enemies":"Orb Walker","floor":37.0,"turns":4.0},{"damage":0.0,"enemies":"Jaw Worm Horde","floor":39.0,"turns":4.0},{"damage":0.0,"enemies":"Reptomancer","floor":40.0,"turns":6.0},{"damage":9.0,"enemies":"Writhing Mass","floor":41.0,"turns":5.0},{"damage":0.0,"enemies":"Mind Bloom Boss Battle","floor":47.0,"turns":5.0},{"damage":17.0,"enemies":"Giant Head","floor":48.0,"turns":8.0},{"damage":31.0,"enemies":"Awakened One","floor":50.0,"turns":11.0},{"damage":0.0,"enemies":"Shield and Spear","floor":54.0,"turns":8.0},{"damage":67,"enemies":"The Heart","floor":55,"turns":9}],"seed_played":"7647190218633544615","potions_obtained":[{"floor":3.0,"key":"GamblersBrew"},{"floor":4.0,"key":"Strength Potion"},{"floor":5.0,"key":"GamblersBrew"},{"floor":10.0,"key":"SteroidPotion"},{"floor":16.0,"key":"LiquidMemories"},{"floor":24.0,"key":"Explosive Potion"},{"floor":25.0,"key":"SneckoOil"},{"floor":35.0,"key":"ColorlessPotion"},{"floor":40.0,"key":"Swift Potion"},{"floor":41.0,"key":"Dexterity Potion"},{"floor":47.0,"key":"ColorlessPotion"}],"is_trial":false,"path_per_floor":["M","M","M","M","M","E","?","E","T","M","E","?","R","M","R","B",null,"M","?","$","M","T","R","M","E","T","R","?","E","R","?","R","B",null,"M","$","M","?","M","E","M","R","T","T","?","R","?","E","R","B",null,"R","$","E","B",null],"character_chosen":"DEFECT","items_purchased":["ClockworkSouvenir","Defragment","Doom and Gloom+1","Potion Belt","EssenceOfSteel","FocusPotion","Bronze Scales","Ancient Potion"],"campfire_rested":1,"item_purchase_floors":[20,20,36,36,36,53,53,53],"current_hp_per_floor":[74,74,74,73,73,46,28,24,24,24,24,6,28,28,28,10,75,75,75,75,75,75,75,75,75,75,75,75,75,75,75,75,59,75,75,75,75,75,75,75,66,66,66,66,66,66,66,54,54,29,71,71,71,73,7],"gold":45,"neow_bonus":"REMOVE_TWO","is_daily":false,"chose_seed":false,"campfire_upgraded":8,"win_rate":0.0,"timestamp":1614112067,"path_taken":["M","M","M","M","M","E","?","E","T","M","E","?","R","M","R","BOSS","M","?","?","M","?","R","M","E","T","R","?","E","R","?","R","BOSS","M","$","M","?","M","E","M","R","T","?","?","R","?","E","R","BOSS","R","$","E","BOSS"],"items_purchased_type":["Relic","Card","Card","Relic","Potion","Potion","Relic","Potion"],"build_version":"2020-12-22","purchased_purges":1,"victory":true,"max_hp_per_floor":[75,75,75,75,75,75,75,75,75,75,75,75,75,75,75,75,75,75,75,75,75,75,75,75,75,75,75,75,75,75,75,75,75,75,75,75,75,75,75,75,75,75,75,75,71,71,71,71,71,71,71,71,71,73,73],"relic_stats":{"Centennial Puzzle":[15],"Singing Bowl":2,"counters":[27,150],"Golden Idol":183,"Ornamental Fan":[16],"Bird Faced Urn":[12],"Bronze Scales":[114],"Tiny Chest":2,"Juzu Bracelet":0,"obtain_stats":[{"Potion Belt":36,"Ice Cream":40,"Singing Bowl":48,"Golden Idol":12,"Oddly Smooth Stone":9,"The Courier":44,"Juzu Bracelet":8,"Empty Cage":34,"FrozenCore":17,"ClockworkSouvenir":20,"DataDisk":7,"Centennial Puzzle":25,"HornCleat":43,"Ornamental Fan":54,"Bird Faced Urn":47,"Bronze Scales":53,"Tiny Chest":11,"Molten Egg 2":26,"Bag of Marbles":29,"Cracked Core":0,"FossilizedHelix":6,"Unceasing Top":28},{"Potion Belt":18,"Ice Cream":21,"Singing Bowl":24,"Golden Idol":9,"Oddly Smooth Stone":7,"The Courier":22,"Juzu Bracelet":7,"Empty Cage":17,"FrozenCore":11,"ClockworkSouvenir":12,"DataDisk":6,"Centennial Puzzle":15,"HornCleat":22,"Ornamental Fan":26,"Bird Faced Urn":23,"Bronze Scales":25,"Tiny Chest":9,"Molten Egg 2":15,"Bag of Marbles":16,"Cracked Core":0,"FossilizedHelix":6,"Unceasing Top":15},{"Potion Belt":90,"Ice Cream":104,"Singing Bowl":122,"Golden Idol":35,"Oddly Smooth Stone":28,"The Courier":109,"Juzu Bracelet":28,"Empty Cage":85,"FrozenCore":48,"ClockworkSouvenir":53,"DataDisk":21,"Centennial Puzzle":69,"HornCleat":109,"Ornamental Fan":141,"Bird Faced Urn":114,"Bronze Scales":133,"Tiny Chest":35,"Molten Egg 2":69,"Bag of Marbles":75,"Cracked Core":0,"FossilizedHelix":21,"Unceasing Top":69}],"Unceasing Top":[8],"FrozenCore":[25]},"card_choices":[{"not_picked":["Coolheaded","Skim"],"picked":"Steam","floor":1.0},{"not_picked":["Gash","Conserve Battery"],"picked":"Reinforced Body","floor":2.0},{"not_picked":["Rebound","Conserve Battery"],"picked":"Chill","floor":3.0},{"not_picked":["Compile Driver","Static Discharge","Steam"],"picked":"SKIP","floor":4.0},{"not_picked":["Thunder Strike","Compile Driver"],"picked":"Ball Lightning","floor":5.0},{"not_picked":["Barrage","Conserve Battery","Redo"],"picked":"SKIP","floor":6.0},{"not_picked":["Force Field","Redo"],"picked":"Genetic Algorithm","floor":8.0},{"not_picked":["FTL","Leap","Coolheaded"],"picked":"SKIP","floor":10.0},{"not_picked":["Steam","Redo","Machine Learning"],"picked":"SKIP","floor":11.0},{"not_picked":["Fusion","Beam Cell"],"picked":"Melter","floor":14.0},{"not_picked":["Turbo","Beam Cell","Sweeping Beam"],"picked":"SKIP","floor":18.0},{"not_picked":["Steam+1","Consume"],"picked":"Sweeping Beam+1","floor":21.0},{"not_picked":["Rip and Tear","Hologram"],"picked":"Darkness+1","floor":24.0},{"not_picked":["Auto Shields","Lockon"],"picked":"Biased Cognition","floor":25.0},{"not_picked":["Melter+1","Streamline+1","BootSequence"],"picked":"SKIP","floor":29.0},{"not_picked":["Meteor Strike+1","Rainbow"],"picked":"All For One+1","floor":33.0},{"not_picked":["Turbo+1","Coolheaded+1"],"picked":"Ball Lightning+1","floor":35.0},{"not_picked":["Coolheaded+1","Redo+1"],"picked":"FTL+1","floor":37.0},{"not_picked":["Reprogram","Genetic Algorithm+1"],"picked":"Chill+1","floor":39.0},{"not_picked":["Doom and Gloom+1","Melter+1"],"picked":"Echo Form","floor":40.0},{"not_picked":["Beam Cell+1","Storm+1","Stack"],"picked":"SKIP","floor":41.0},{"not_picked":["Ball Lightning+1","Compile Driver+1"],"picked":"Lockon+1","floor":48.0},{"not_picked":["Coolheaded+1","Leap","Redo"],"picked":"Singing Bowl","floor":54.0}],"player_experience":703808,"relics_obtained":[{"floor":6.0,"key":"FossilizedHelix"},{"floor":8.0,"key":"Juzu Bracelet"},{"floor":9.0,"key":"Oddly Smooth Stone"},{"floor":11.0,"key":"Tiny Chest"},{"floor":25.0,"key":"Centennial Puzzle"},{"floor":26.0,"key":"Molten Egg 2"},{"floor":29.0,"key":"Bag of Marbles"},{"floor":40.0,"key":"Ice Cream"},{"floor":43.0,"key":"HornCleat"},{"floor":44.0,"key":"The Courier"},{"floor":47.0,"key":"Bird Faced Urn"},{"floor":48.0,"key":"Singing Bowl"},{"floor":54.0,"key":"Ornamental Fan"}],"event_choices":[{"damage_healed":0.0,"max_hp_gain":0.0,"max_hp_loss":0.0,"gold_gain":0.0,"event_name":"Scrap Ooze","player_choice":"Success","floor":7.0,"gold_loss":0.0,"damage_taken":18.0,"relics_obtained":["DataDisk"]},{"damage_healed":0.0,"max_hp_gain":0.0,"max_hp_loss":0.0,"gold_gain":0.0,"event_name":"Golden Idol","player_choice":"Take Damage","floor":12.0,"gold_loss":0.0,"damage_taken":18.0,"relics_obtained":["Golden Idol"]},{"cards_removed":["Strike_B"],"damage_healed":0.0,"max_hp_gain":0.0,"max_hp_loss":0.0,"gold_gain":0.0,"event_name":"Beggar","player_choice":"Gave Gold","floor":19.0,"gold_loss":75.0,"damage_taken":0.0},{"damage_healed":0.0,"max_hp_gain":0.0,"max_hp_loss":0.0,"gold_gain":0.0,"event_name":"The Mausoleum","player_choice":"Opened","floor":28.0,"gold_loss":0.0,"damage_taken":0.0,"relics_obtained":["Unceasing Top"]},{"damage_healed":0.0,"max_hp_gain":0.0,"max_hp_loss":0.0,"gold_gain":0.0,"event_name":"The Library","player_choice":"Read","floor":31.0,"gold_loss":0.0,"damage_taken":0.0,"cards_obtained":["Go for the Eyes"]},{"damage_healed":0.0,"max_hp_gain":0.0,"max_hp_loss":0.0,"gold_gain":0.0,"event_name":"Accursed Blacksmith","player_choice":"Forge","floor":38.0,"gold_loss":0.0,"damage_taken":0.0,"cards_upgraded":["Chill"]},{"damage_healed":0.0,"max_hp_gain":0.0,"max_hp_loss":4.0,"gold_gain":0.0,"event_name":"Winding Halls","player_choice":"Max HP","floor":45.0,"gold_loss":0.0,"damage_taken":0.0},{"damage_healed":0.0,"max_hp_gain":0.0,"max_hp_loss":0.0,"gold_gain":0.0,"event_name":"MindBloom","player_choice":"Fight","floor":47.0,"gold_loss":0.0,"damage_taken":0.0}],"is_beta":false,"boss_relics":[{"not_picked":["Cursed Key","Ectoplasm"],"picked":"FrozenCore"},{"not_picked":["Philosopher\u0027s Stone","Coffee Dripper"],"picked":"Empty Cage"}],"items_purged_floors":[20],"is_endless":false,"potions_floor_spawned":[3,4,5,10,16,24,25,35,40,41,47],"ascension_level":1}}