{"host":"fr1l74x1jw61j7hk","time":1614081238,"event":{"mods":["BaseMod","Downfall","Minty Spire (QoL Compilation)","StSLib"],"gold_per_floor":[0,17,17,17,2,14,14,14,29,42,53,53,53,71,91,186,186,186,203,403,243,256,256,256,156,174,187,187,215,115,128,148,249,249,249,262,262,279,299,199,199,234,234,252,303,24,55,73,85,85,85,85],"floor_reached":50,"language":"ZHS","playtime":3467,"items_purged":["downfall:Haunted","Regret"],"score":518,"play_id":"cbaf47f2-2a7c-4b13-8855-3f195bc3cbaf","local_time":"20210223195358","is_ascension_mode":false,"campfire_choices":[{"data":"Guardian:SentryBeam","floor":1.0,"key":"SMITH"},{"data":"Guardian:TwinSlam","floor":8.0,"key":"SMITH"},{"data":"Guardian:Repulse","floor":12.0,"key":"SMITH"},{"data":"Guardian:BaubleBeam","floor":18.0,"key":"SMITH"},{"data":"Guardian:CurlUp","floor":25.0,"key":"SMITH"},{"data":"Guardian:FuturePlans","floor":28.0,"key":"SMITH"},{"data":"Guardian:PrismaticBarrier","floor":30.0,"key":"SMITH"},{"floor":35,"key":"RECALL"},{"data":"Guardian:SpikerProtocol","floor":40,"key":"SMITH"},{"data":"Guardian:RevengeProtocol","floor":43,"key":"SMITH"}],"circlet_count":0,"master_deck":["Guardian:Strike_Guardian","Guardian:Defend_Guardian","Guardian:CurlUp+1","Guardian:TwinSlam+1","Guardian:BaubleBeam+1","Guardian:TemporalStrike","Guardian:TemporalShield","Guardian:Repulse+1","Guardian:PrismaticBarrier+1","Guardian:Incinerate","Guardian:WalkerClaw+1","Guardian:Harden","Guardian:Orbwalk+1","Guardian:RevengeProtocol","Guardian:FuturePlans+1","Guardian:ArmoredProtocol","Guardian:PolyBeam+1","Guardian:RevengeProtocol+1","Guardian:SpikerProtocol+1","Guardian:PiercingHide","Guardian:EvasiveProtocol+1","Guardian:MultiBeam+1","Guardian:FloatingOrbs","Guardian:Gem_Blue","expansioncontent:AwakenDeath","Guardian:GemFire+1","Guardian:Gem_Blue","Guardian:Gem_Green","Guardian:Clone+1","Guardian:WalkerClaw+1"],"relics":["Guardian:ModeShifter","Black Star","InkBottle","downfall:HeartBlessingBlue","Mummified Hand","Prayer Wheel","downfall:HeartBlessingGreen","Empty Cage","downfall:HeartBlessingRed","Blood Vial","Juzu Bracelet","Omamori","Gambling Chip","Molten Egg 2","Smiling Mask"],"acts_visited":["Exordium","TheCity","TheBeyond"],"potions_floor_usage":[31,39,42,46,47,50,50],"damage_taken":[{"damage":1.0,"enemies":"Jaw Worm","floor":2.0,"turns":3.0},{"damage":0.0,"enemies":"downfall:FleeingMerchant","floor":5.0,"turns":4.0},{"damage":2.0,"enemies":"Small Slimes","floor":6.0,"turns":3.0},{"damage":1.0,"enemies":"Cultist","floor":9.0,"turns":3.0},{"damage":4.0,"enemies":"Blue Slaver","floor":10.0,"turns":3.0},{"damage":9.0,"enemies":"Gremlin Gang","floor":11.0,"turns":6.0},{"damage":0.0,"enemies":"3 Louse","floor":14.0,"turns":3.0},{"damage":8.0,"enemies":"Lots of Slimes","floor":15.0,"turns":4.0},{"damage":27.0,"enemies":"WA_ARCHETYPE_RETAIN","floor":16.0,"turns":8.0},{"damage":8.0,"enemies":"3 Byrds","floor":19.0,"turns":6.0},{"damage":15.0,"enemies":"downfall:FleeingMerchant","floor":21.0,"turns":4.0},{"damage":25.0,"enemies":"downfall:LooterAlt2","floor":22.0,"turns":5.0},{"damage":4.0,"enemies":"Centurion and Healer","floor":26.0,"turns":5.0},{"damage":15.0,"enemies":"Cultist and Chosen","floor":27.0,"turns":8.0},{"damage":9.0,"enemies":"Book of Stabbing","floor":29.0,"turns":5.0},{"damage":1,"enemies":"Snake Plant","floor":31,"turns":5},{"damage":0,"enemies":"Chosen and Byrds","floor":32,"turns":5},{"damage":29,"enemies":"SI_MIRROR_ARCHETYPE","floor":33,"turns":11},{"damage":9,"enemies":"3 Shapes","floor":36,"turns":4},{"damage":11,"enemies":"Orb Walker","floor":38,"turns":4},{"damage":0,"enemies":"3 Darklings","floor":39,"turns":9},{"damage":15,"enemies":"Reptomancer","floor":42,"turns":7},{"damage":19,"enemies":"Maw","floor":44,"turns":7},{"damage":22,"enemies":"2 Orb Walkers","floor":45,"turns":5},{"damage":1,"enemies":"downfall:FleeingMerchant","floor":46,"turns":4},{"damage":8,"enemies":"Nemesis","floor":47,"turns":7},{"damage":11,"enemies":"Spire Growth","floor":48,"turns":4},{"damage":0,"enemies":"Sphere and 2 Shapes","floor":49,"turns":2},{"damage":149,"enemies":"IC_BLOCK_ARCHETYPE","floor":50,"turns":11}],"seed_played":"4400434283336314076","potions_obtained":[{"floor":2.0,"key":"DuplicationPotion"},{"floor":6.0,"key":"FairyPotion"},{"floor":9.0,"key":"champ:CounterPotion"},{"floor":13.0,"key":"FairyPotion"},{"floor":29.0,"key":"Guardian:BlockOnCardUsePotion"},{"floor":31,"key":"Explosive Potion"},{"floor":32,"key":"SkillPotion"},{"floor":38,"key":"BlessingOfTheForge"},{"floor":44,"key":"Explosive Potion"},{"floor":47,"key":"Fire Potion"},{"floor":48,"key":"Fire Potion"}],"is_trial":false,"path_per_floor":["R","M","?","?","$","M","T","R","M","M","M","R","?","M","M","B",null,"R","M","?","$","M","?","T","R","M","M","R","E","R","M","M","B",null,"R","M","?","M","M","R","T","E","R","M","?","$","E","M","M","B"],"character_chosen":"GUARDIAN","items_purchased":["Guardian:Harden","Regen Potion","expansioncontent:AwakenDeath"],"campfire_rested":0,"item_purchase_floors":[21,46,46],"current_hp_per_floor":[80,79,79,79,79,77,77,77,76,72,63,63,63,63,55,28,80,80,72,72,57,32,32,32,42,38,23,23,14,14,13,13,14,90,90,81,81,70,70,70,70,57,57,40,20,21,30,21,23,0,0,0],"gold":85,"neow_bonus":"TRANSFORM_TWO_CARDS","is_daily":false,"chose_seed":false,"campfire_upgraded":9,"win_rate":0.0,"timestamp":1614081238,"path_taken":["R","M","?","?","$","M","T","R","?","M","M","R","?","?","M","BOSS","R","M","?","$","M","?","T","R","M","?","R","E","R","M","M","BOSS","R","M","?","?","M","R","T","E","R","M","?","$","E","M","M","BOSS"],"items_purchased_type":["Card","Potion","Card"],"build_version":"2020-12-22","purchased_purges":2,"victory":false,"max_hp_per_floor":[80,80,80,80,80,80,80,80,80,80,80,80,80,80,80,80,80,80,80,80,80,80,80,80,90,90,90,90,90,90,90,90,90,90,90,90,90,90,90,90,90,90,90,90,90,90,90,90,90,90,90,90],"card_choices":[{"not_picked":["Guardian:FuturePlans","Guardian:Emergency"],"picked":"Guardian:Gem_Red","floor":2.0},{"not_picked":["Guardian:Gem_Lightblue","Guardian:Recover"],"picked":"Guardian:TemporalStrike","floor":5.0},{"not_picked":["Guardian:Reroute","Guardian:RefractedBeam","Guardian:MultiBeam"],"picked":"SKIP","floor":6.0},{"not_picked":["Guardian:Preprogram","Guardian:TimeBomb"],"picked":"Guardian:TemporalShield","floor":9.0},{"not_picked":["Guardian:Gem_Red","Guardian:EvasiveProtocol"],"picked":"Guardian:Repulse","floor":10.0},{"not_picked":["Guardian:Gem_Cyan","Guardian:Gem_Lightblue"],"picked":"Guardian:PrismaticBarrier","floor":11.0},{"not_picked":["Guardian:Suspension","Guardian:PrimingBeam"],"picked":"Guardian:Gem_Lightblue","floor":14.0},{"not_picked":["Guardian:Gem_Lightblue","Guardian:TimeCapacitor"],"picked":"Guardian:Incinerate","floor":15.0},{"not_picked":["Guardian:ExploitGems","Guardian:GatlingBeam"],"picked":"Guardian:Gem_Orange","floor":16.0},{"not_picked":["Guardian:TimeBomb","Guardian:Repulse"],"picked":"Guardian:WalkerClaw","floor":19.0},{"not_picked":["Guardian:VentSteam","Guardian:ShieldSpikes+1"],"picked":"Guardian:Gem_Red","floor":21.0},{"not_picked":["Guardian:Incinerate","Guardian:WalkerClaw"],"picked":"Guardian:Orbwalk","floor":22.0},{"not_picked":["Guardian:TemporalShield","Guardian:TimeCapacitor+1"],"picked":"Guardian:RevengeProtocol","floor":26.0},{"not_picked":["Guardian:GuardianWhirl","Guardian:WalkerClaw"],"picked":"Guardian:FuturePlans","floor":27.0},{"not_picked":["Guardian:TemporalShield+1","Guardian:ChargeCore"],"picked":"Guardian:ArmoredProtocol","floor":29.0},{"not_picked":["Guardian:ShieldSpikes+1","Guardian:Orbwalk"],"picked":"Guardian:Gem_Blue","floor":31},{"not_picked":["Guardian:ChargeCore","Guardian:TemporalShield"],"picked":"Guardian:PolyBeam+1","floor":31},{"not_picked":["Guardian:Gem_Green","Guardian:ChargeCore"],"picked":"Guardian:Gem_Cyan","floor":32},{"not_picked":["Guardian:TemporalStrike","Guardian:Recover+1","Guardian:VentSteam"],"picked":"SKIP","floor":32},{"not_picked":["Guardian:GatlingBeam","Guardian:StasisField"],"picked":"Guardian:RevengeProtocol","floor":33},{"not_picked":["Guardian:PrimingBeam","Guardian:VentSteam"],"picked":"Guardian:SpikerProtocol","floor":36},{"not_picked":["Guardian:Repulse","Guardian:Gem_Fragmented"],"picked":"Guardian:Gem_Blue","floor":36},{"not_picked":["Guardian:TemporalShield","Guardian:VentSteam"],"picked":"Guardian:PiercingHide","floor":38},{"not_picked":["Guardian:WalkerClaw","Guardian:RollAttack+1"],"picked":"Guardian:Gem_Cyan","floor":38},{"not_picked":["Guardian:ArmoredProtocol+1","Guardian:PolyBeam"],"picked":"Guardian:EvasiveProtocol+1","floor":39},{"not_picked":["Guardian:DonusPower","Guardian:Gem_Green"],"picked":"Guardian:MultiBeam+1","floor":39},{"not_picked":["Guardian:ShieldCharger","Guardian:ShieldSpikes","Guardian:DonusPower+1"],"picked":"SKIP","floor":42},{"not_picked":["Guardian:TemporalShield","Guardian:Gem_Green"],"picked":"Guardian:FloatingOrbs","floor":44},{"not_picked":["Guardian:Reroute+1","Guardian:TemporalShield"],"picked":"Guardian:Gem_Blue","floor":44},{"not_picked":["Guardian:RefractedBeam+1","Guardian:Gem_Crimson","Guardian:Gem_White"],"picked":"SKIP","floor":46},{"not_picked":["Guardian:PrismaticBarrier+1","Guardian:PiercingHide"],"picked":"Guardian:GemFire+1","floor":47},{"not_picked":["Guardian:ChargeCore+1","Guardian:ShieldCharger"],"picked":"Guardian:Gem_Blue","floor":48},{"not_picked":["Guardian:Suspension+1","Guardian:TemporalShield"],"picked":"Guardian:Gem_Green","floor":48},{"not_picked":["Guardian:Gem_Cyan","Guardian:Gem_Purple"],"picked":"Guardian:Clone+1","floor":49},{"not_picked":["Guardian:Gem_Cyan","Guardian:RollAttack+1"],"picked":"Guardian:WalkerClaw+1","floor":49}],"player_experience":506742,"relics_obtained":[{"floor":24.0,"key":"InkBottle"},{"floor":29.0,"key":"Mummified Hand"},{"floor":29.0,"key":"Prayer Wheel"},{"floor":41,"key":"Blood Vial"},{"floor":42,"key":"Juzu Bracelet"},{"floor":42,"key":"Omamori"},{"floor":45,"key":"Gambling Chip"},{"floor":47,"key":"Molten Egg 2"},{"floor":47,"key":"Smiling Mask"}],"event_choices":[{"damage_healed":0.0,"max_hp_gain":0.0,"max_hp_loss":0.0,"gold_gain":0.0,"event_name":"Lab","player_choice":"Got Potions","floor":13.0,"gold_loss":0.0,"damage_taken":0.0},{"damage_healed":0,"gold_gain":0,"player_choice":"Fight","damage_taken":0,"max_hp_gain":0,"max_hp_loss":0,"event_name":"Mysterious Sphere","floor":45,"gold_loss":0}],"is_beta":false,"boss_relics":[{"not_picked":["Busted Crown","Runic Dome"],"picked":"Black Star"},{"not_picked":["Guardian:StasisSlotReductionRelic","bronze:MakeshiftBattery"],"picked":"Empty Cage"}],"items_purged_floors":[21,46],"is_endless":false,"potions_floor_spawned":[2,6,9,11,15,19,27,29,31,32,38,44,47,48],"killed_by":"IC_BLOCK_ARCHETYPE","ascension_level":0}}