{"host":"xsuxkwaivmtd234a","time":1614114054,"event":{"mods":["BaseMod","Bestiary","Colored Map","Minty Spire (QoL Compilation)","Relic Stats","StSLib"],"gold_per_floor":[119,119,132,145,164,164,193,193,219,250,320,29,62,80,80,185,185,203,203,221,221,237,263,263,213,240,266,266,281,281,300,300,402,402,417,428,443,493,13,13,46,346,346,346,359,359,387,406,406,406,406,406,78,107,107,107],"floor_reached":55,"language":"ENG","playtime":3087,"items_purged":["Strike_G","Grand Finale+1"],"score":1478,"play_id":"058a4524-8e49-4da8-acd1-8b449e0148a5","local_time":"20210223160054","is_ascension_mode":true,"campfire_choices":[{"data":"Neutralize","floor":6.0,"key":"SMITH"},{"data":"Blade Dance","floor":8.0,"key":"SMITH"},{"data":"Finisher","floor":15.0,"key":"SMITH"},{"data":"Calculated Gamble","floor":24.0,"key":"SMITH"},{"data":"Blade Dance","floor":28.0,"key":"SMITH"},{"data":"Footwork","floor":30.0,"key":"SMITH"},{"floor":32.0,"key":"REST"},{"floor":40.0,"key":"REST"},{"floor":44.0,"key":"REST"},{"floor":46.0,"key":"REST"},{"floor":49.0,"key":"RECALL"},{"data":"Bullet Time","floor":52.0,"key":"SMITH"}],"circlet_count":0,"master_deck":["AscendersBane","Survivor","Neutralize","Blade Dance+1","Blade Dance+1","Neutralize+1","Finisher+1","Slice","Predator","Finisher","Blur","Dagger Spray","Backflip","Corpse Explosion","Calculated Gamble+1","After Image","Tactician+1","Eviscerate+1","Footwork+1","Well Laid Plans","Noxious Fumes","Bullet Time+1","Phantasmal Killer","A Thousand Cuts","Backflip","Storm of Steel","Slice+1","Infinite Blades","Tactician","PiercingWail+1","Blur","Escape Plan+1","After Image","Acrobatics","Concentrate","Blade Dance+1","Concentrate","Prepared+1","Accuracy","Trip","Backstab+1"],"relics":["Ring of the Snake","Vajra","Dream Catcher","Nunchaku","Lee\u0027s Waffle","Centennial Puzzle","Runic Dome","Potion Belt","Bronze Scales","Oddly Smooth Stone","Pandora\u0027s Box","Unceasing Top","Membership Card","Tingsha","Gambling Chip","Pen Nib","Pear","Akabeko","Whetstone","Toolbox","Orichalcum"],"acts_visited":["Exordium","TheCity","TheBeyond","TheEnding"],"potions_floor_usage":[55,55,55,55],"damage_taken":[{"damage":0.0,"enemies":"Jaw Worm","floor":1.0,"turns":5.0},{"damage":0.0,"enemies":"Cultist","floor":3.0,"turns":3.0},{"damage":3.0,"enemies":"Small Slimes","floor":4.0,"turns":2.0},{"damage":4.0,"enemies":"Blue Slaver","floor":5.0,"turns":3.0},{"damage":0.0,"enemies":"Gremlin Nob","floor":7.0,"turns":2.0},{"damage":35.0,"enemies":"Lagavulin","floor":10.0,"turns":6.0},{"damage":0.0,"enemies":"Gremlin Nob","floor":13.0,"turns":1.0},{"damage":0.0,"enemies":"Gremlin Gang","floor":14.0,"turns":2.0},{"damage":0.0,"enemies":"Slime Boss","floor":16.0,"turns":4.0},{"damage":0.0,"enemies":"Chosen","floor":18.0,"turns":3.0},{"damage":0.0,"enemies":"Shell Parasite","floor":20.0,"turns":3.0},{"damage":5.0,"enemies":"Snake Plant","floor":22.0,"turns":2.0},{"damage":0.0,"enemies":"Gremlin Leader","floor":23.0,"turns":5.0},{"damage":15.0,"enemies":"Book of Stabbing","floor":27.0,"turns":3.0},{"damage":9.0,"enemies":"Snecko","floor":29.0,"turns":4.0},{"damage":4.0,"enemies":"Centurion and Healer","floor":31.0,"turns":3.0},{"damage":17.0,"enemies":"Automaton","floor":33.0,"turns":7.0},{"damage":28.0,"enemies":"3 Shapes","floor":35.0,"turns":4.0},{"damage":13.0,"enemies":"3 Darklings","floor":36.0,"turns":3.0},{"damage":6.0,"enemies":"4 Shapes","floor":37.0,"turns":5.0},{"damage":0.0,"enemies":"Mind Bloom Boss Battle","floor":38.0,"turns":5.0},{"damage":30.0,"enemies":"Nemesis","floor":41.0,"turns":3.0},{"damage":2.0,"enemies":"Jaw Worm Horde","floor":45.0,"turns":3.0},{"damage":0.0,"enemies":"Giant Head","floor":47.0,"turns":6.0},{"damage":0.0,"enemies":"3 Darklings","floor":48.0,"turns":1.0},{"damage":58.0,"enemies":"Awakened One","floor":50.0,"turns":10.0},{"damage":6.0,"enemies":"Shield and Spear","floor":54.0,"turns":3.0},{"damage":64,"enemies":"The Heart","floor":55,"turns":6}],"seed_played":"1591627118660245960","potions_obtained":[{"floor":3.0,"key":"Swift Potion"},{"floor":4.0,"key":"Dexterity Potion"},{"floor":7.0,"key":"Strength Potion"},{"floor":18.0,"key":"EntropicBrew"},{"floor":21.0,"key":"GhostInAJar"},{"floor":22.0,"key":"PowerPotion"},{"floor":29.0,"key":"SneckoOil"},{"floor":31.0,"key":"Fire Potion"},{"floor":33.0,"key":"GamblersBrew"},{"floor":38.0,"key":"CunningPotion"},{"floor":45.0,"key":"Energy Potion"},{"floor":47.0,"key":"Block Potion"},{"floor":54,"key":"Swift Potion"}],"is_trial":false,"path_per_floor":["M","?","M","M","M","R","E","R","T","E","?","$","E","M","R","B",null,"M","?","M","?","M","E","R","?","T","E","R","M","R","M","R","B",null,"M","M","M","?","$","R","E","?","T","R","M","R","E","M","R","B",null,"R","$","E","B"],"character_chosen":"THE_SILENT","items_purchased":["Lee\u0027s Waffle","SteroidPotion","Dagger Spray","Membership Card","Tingsha","Gambling Chip","PowerPotion","Accuracy","Whetstone","Toolbox","Trip","CunningPotion"],"campfire_rested":4,"item_purchase_floors":[12,12,12,39,39,39,39,53,53,53,53,53],"current_hp_per_floor":[63,63,63,60,56,56,56,56,56,21,21,77,77,77,77,77,77,77,77,77,77,72,72,72,72,72,57,57,48,48,44,67,50,70,42,29,23,23,23,46,16,16,26,52,50,76,76,76,76,18,70,70,70,64,0,0],"gold":107,"neow_bonus":"RANDOM_COMMON_RELIC","is_daily":false,"chose_seed":false,"campfire_upgraded":7,"win_rate":0.0,"timestamp":1614114054,"path_taken":["M","?","M","M","?","R","E","R","T","E","?","$","E","M","R","BOSS","M","?","?","?","?","E","R","?","T","E","R","M","R","?","R","BOSS","M","M","?","?","$","R","E","?","T","R","?","R","E","M","R","BOSS","R","$","E","BOSS"],"items_purchased_type":["Relic","Potion","Card","Relic","Relic","Relic","Potion","Card","Relic","Relic","Card","Potion"],"build_version":"2020-12-22","purchased_purges":2,"victory":false,"max_hp_per_floor":[70,70,70,70,70,70,70,70,70,70,70,77,77,77,77,77,77,77,77,77,77,77,77,77,77,77,77,77,77,77,77,77,77,77,77,77,77,77,77,77,77,77,87,87,87,87,87,87,87,87,87,87,87,87,87,87],"relic_stats":{"Lee\u0027s Waffle":56,"counters":[28,107],"Tingsha":[249],"Pen Nib":[15],"Whetstone":["Grand Finale","Slice"],"Orichalcum":[0],"Dream Catcher":4,"Nunchaku":[40],"Centennial Puzzle":[39],"Bronze Scales":[253],"Gambling Chip":[14],"Pandora\u0027s Box":["Phantasmal Killer","Grand Finale","A Thousand Cuts","Backflip","Storm of Steel","Slice","Infinite Blades","Tactician"],"obtain_stats":[{"Potion Belt":23,"Lee\u0027s Waffle":12,"Pear":43,"Vajra":0,"Oddly Smooth Stone":27,"Tingsha":39,"Pen Nib":41,"Whetstone":53,"Orichalcum":54,"Akabeko":47,"Runic Dome":17,"Dream Catcher":7,"Nunchaku":10,"Centennial Puzzle":13,"Bronze Scales":26,"Gambling Chip":39,"Toolbox":53,"Pandora\u0027s Box":34,"Membership Card":39,"Unceasing Top":38,"Ring of the Snake":0},{"Potion Belt":13,"Lee\u0027s Waffle":6,"Pear":22,"Vajra":0,"Oddly Smooth Stone":14,"Tingsha":21,"Pen Nib":22,"Whetstone":26,"Orichalcum":27,"Akabeko":24,"Runic Dome":9,"Dream Catcher":5,"Nunchaku":6,"Centennial Puzzle":7,"Bronze Scales":13,"Gambling Chip":21,"Toolbox":26,"Pandora\u0027s Box":17,"Membership Card":21,"Unceasing Top":21,"Ring of the Snake":0},{"Potion Belt":41,"Lee\u0027s Waffle":21,"Pear":78,"Vajra":0,"Oddly Smooth Stone":44,"Tingsha":75,"Pen Nib":78,"Whetstone":98,"Orichalcum":101,"Akabeko":87,"Runic Dome":28,"Dream Catcher":15,"Nunchaku":21,"Centennial Puzzle":22,"Bronze Scales":41,"Gambling Chip":75,"Toolbox":98,"Pandora\u0027s Box":58,"Membership Card":75,"Unceasing Top":75,"Ring of the Snake":0}],"Unceasing Top":[33],"Ring of the Snake":[56]},"card_choices":[{"not_picked":["Dodge and Roll","PiercingWail"],"picked":"Blade Dance","floor":1.0},{"not_picked":["Flying Knee","Quick Slash"],"picked":"Finisher","floor":3.0},{"not_picked":["Sucker Punch","Outmaneuver"],"picked":"Slice","floor":4.0},{"not_picked":["Deflect","Eviscerate"],"picked":"Predator","floor":5.0},{"not_picked":["Grand Finale","Masterful Stab"],"picked":"Finisher","floor":7.0},{"not_picked":["Dagger Throw","Bane"],"picked":"Blur","floor":10.0},{"not_picked":["Phantasmal Killer","Blade Dance"],"picked":"Backflip","floor":13.0},{"not_picked":["Dagger Spray","Deflect","Finisher"],"picked":"SKIP","floor":14.0},{"not_picked":["Unload","Tools of the Trade"],"picked":"Corpse Explosion","floor":16.0},{"not_picked":["Bane","Quick Slash+1"],"picked":"Calculated Gamble","floor":18.0},{"not_picked":["Dagger Spray","Acrobatics"],"picked":"Tactician+1","floor":20.0},{"not_picked":["Heel Hook","Backflip","Riddle With Holes"],"picked":"SKIP","floor":22.0},{"not_picked":["Dash","Dagger Spray"],"picked":"Eviscerate+1","floor":23.0},{"not_picked":["Setup","Poisoned Stab","Dagger Spray"],"picked":"SKIP","floor":27.0},{"not_picked":["Riddle With Holes","Outmaneuver"],"picked":"Footwork","floor":29.0},{"not_picked":["Infinite Blades","Reflex+1"],"picked":"Well Laid Plans","floor":31.0},{"not_picked":["Blade Dance","Catalyst"],"picked":"Noxious Fumes","floor":32.0},{"not_picked":["A Thousand Cuts","Phantasmal Killer"],"picked":"Bullet Time","floor":33.0},{"not_picked":["Blade Dance","Quick Slash+1"],"picked":"PiercingWail+1","floor":35.0},{"not_picked":["Dagger Spray+1","Backflip+1"],"picked":"Blur","floor":36.0},{"not_picked":["Dagger Spray","Tactician"],"picked":"Escape Plan+1","floor":37.0},{"not_picked":["Setup","Poisoned Stab+1"],"picked":"After Image","floor":38.0},{"not_picked":["Flying Knee+1","Bouncing Flask"],"picked":"Acrobatics","floor":40.0},{"not_picked":["Underhanded Strike+1","Sucker Punch+1"],"picked":"Concentrate","floor":41.0},{"not_picked":["Storm of Steel","Quick Slash"],"picked":"Blade Dance+1","floor":45.0},{"not_picked":["Malaise","Tactician+1"],"picked":"Concentrate","floor":47.0},{"not_picked":["Flying Knee","Setup+1"],"picked":"Prepared+1","floor":48.0},{"not_picked":["Slice","Dagger Spray+1"],"picked":"Backstab+1","floor":54}],"player_experience":1356474,"relics_obtained":[{"floor":7.0,"key":"Dream Catcher"},{"floor":10.0,"key":"Nunchaku"},{"floor":13.0,"key":"Centennial Puzzle"},{"floor":23.0,"key":"Potion Belt"},{"floor":26.0,"key":"Bronze Scales"},{"floor":27.0,"key":"Oddly Smooth Stone"},{"floor":38.0,"key":"Unceasing Top"},{"floor":41.0,"key":"Pen Nib"},{"floor":43.0,"key":"Pear"},{"floor":47.0,"key":"Akabeko"},{"floor":54,"key":"Orichalcum"}],"event_choices":[{"damage_healed":0.0,"max_hp_gain":0.0,"max_hp_loss":0.0,"gold_gain":0.0,"event_name":"Match and Keep!","player_choice":"2 cards matched","floor":2.0,"gold_loss":0.0,"damage_taken":0.0,"cards_obtained":["Blade Dance","Neutralize"]},{"damage_healed":0.0,"max_hp_gain":0.0,"max_hp_loss":0.0,"gold_gain":70.0,"event_name":"Golden Wing","player_choice":"Gained Gold","floor":11.0,"gold_loss":0.0,"damage_taken":0.0},{"damage_healed":0.0,"max_hp_gain":0.0,"max_hp_loss":0.0,"gold_gain":0.0,"cards_transformed":["Strike_G"],"event_name":"Transmorgrifier","player_choice":"Transformed","floor":19.0,"gold_loss":0.0,"damage_taken":0.0,"cards_obtained":["After Image"]},{"damage_healed":0.0,"max_hp_gain":0.0,"max_hp_loss":0.0,"gold_gain":0.0,"event_name":"Lab","player_choice":"Got Potions","floor":21.0,"gold_loss":0.0,"damage_taken":0.0},{"damage_healed":0.0,"max_hp_gain":0.0,"max_hp_loss":0.0,"gold_gain":0.0,"event_name":"The Joust","player_choice":"Bet on Murderer","floor":25.0,"gold_loss":50.0,"damage_taken":0.0},{"damage_healed":0.0,"max_hp_gain":0.0,"max_hp_loss":0.0,"gold_gain":0.0,"event_name":"MindBloom","player_choice":"Fight","floor":38.0,"gold_loss":0.0,"damage_taken":0.0},{"damage_healed":0.0,"max_hp_gain":0.0,"max_hp_loss":0.0,"gold_gain":300.0,"event_name":"Wheel of Change","player_choice":"Gold","floor":42.0,"gold_loss":0.0,"damage_taken":0.0}],"is_beta":false,"boss_relics":[{"not_picked":["Sozu","Coffee Dripper"],"picked":"Runic Dome"},{"not_picked":["Runic Pyramid","Cursed Key"],"picked":"Pandora\u0027s Box"}],"items_purged_floors":[12,53],"is_endless":false,"potions_floor_spawned":[3,4,7,18,22,29,31,33,38,45,47,54],"killed_by":"The Heart","ascension_level":10}}