{"host":"snggrqcauaf0m8fe","time":1614114498,"event":{"mods":["BaseMod","Minty Spire (QoL Compilation)","Quick Restart"],"gold_per_floor":[113,213,223,223,235,270,270,296,296,316,334,346,346,359,359,457,457,477,392,91,166,24,24,37,72,98,98,98],"floor_reached":27,"language":"ENG","playtime":738,"items_purged":["Strike_G","Strike_G"],"score":402,"play_id":"a623f7b7-a8cc-419d-a832-f433b6d96602","local_time":"20210223220818","is_ascension_mode":true,"campfire_choices":[{"floor":7,"key":"REST"},{"floor":15,"key":"REST"},{"floor":23,"key":"REST"}],"circlet_count":0,"master_deck":["AscendersBane","Strike_G","Strike_G","Defend_G","Defend_G+1","Defend_G","Defend_G","Defend_G+1","Survivor","Neutralize","Finisher","Blade Dance","Venomology","Backstab","Blade Dance","Cloak And Dagger","Venomology","Quick Slash","Accuracy"],"relics":["Ring of the Snake","NeowsBlessing","Meat on the Bone","Ninja Scroll","The Courier","War Paint","Ginger","Dead Branch","Bag of Marbles"],"acts_visited":["Exordium","TheCity"],"potions_floor_usage":[6,8,11,11,12,16,16,16,18,18,18,24,25,25,25],"damage_taken":[{"damage":0,"enemies":"Jaw Worm","floor":1,"turns":1},{"damage":0,"enemies":"Cultist","floor":3,"turns":1},{"damage":0,"enemies":"2 Louse","floor":5,"turns":1},{"damage":24,"enemies":"3 Sentries","floor":6,"turns":9},{"damage":30,"enemies":"Lagavulin","floor":8,"turns":5},{"damage":5,"enemies":"Blue Slaver","floor":10,"turns":3},{"damage":0,"enemies":"Exordium Wildlife","floor":11,"turns":4},{"damage":0,"enemies":"Gremlin Gang","floor":12,"turns":3},{"damage":0,"enemies":"Blue Slaver","floor":14,"turns":1},{"damage":21,"enemies":"Slime Boss","floor":16,"turns":4},{"damage":18,"enemies":"3 Byrds","floor":18,"turns":9},{"damage":22,"enemies":"2 Thieves","floor":24,"turns":3},{"damage":48,"enemies":"Book of Stabbing","floor":25,"turns":6},{"damage":3,"enemies":"Chosen and Byrds","floor":27,"turns":2}],"seed_played":"-892540786888861342","potions_obtained":[{"floor":3,"key":"Weak Potion"},{"floor":8,"key":"CunningPotion"},{"floor":10,"key":"EssenceOfSteel"},{"floor":14,"key":"Dexterity Potion"},{"floor":16,"key":"SpeedPotion"},{"floor":24,"key":"Strength Potion"}],"is_trial":false,"path_per_floor":["M","?","M","?","M","E","R","E","T","M","M","M","?","M","R","B",null,"M","?","$","?","$","R","M","E","T","M"],"character_chosen":"THE_SILENT","items_purchased":["Ginger","Accuracy"],"campfire_rested":3,"item_purchase_floors":[20,22],"current_hp_per_floor":[63,63,63,68,68,44,66,48,48,43,43,43,36,48,70,49,69,51,51,51,44,44,66,49,13,13,10,10],"gold":98,"neow_bonus":"THREE_ENEMY_KILL","is_daily":false,"chose_seed":false,"campfire_upgraded":0,"win_rate":0.0,"timestamp":1614114498,"path_taken":["M","?","?","?","M","E","R","E","T","M","M","M","?","M","R","BOSS","M","?","$","?","$","R","M","E","T","?"],"items_purchased_type":["Relic","Card"],"build_version":"2020-12-22","purchased_purges":2,"victory":false,"max_hp_per_floor":[70,70,70,75,75,75,75,75,75,75,75,75,75,75,75,75,75,75,75,75,75,75,75,75,75,75,75,75],"card_choices":[{"not_picked":["Dagger Throw","Riddle With Holes","PiercingWail"],"picked":"SKIP","floor":1},{"not_picked":["Tactician","Bane"],"picked":"Finisher","floor":3},{"not_picked":["Dagger Throw","Deadly Poison"],"picked":"Blade Dance","floor":5},{"not_picked":["PiercingWail","All Out Attack"],"picked":"Venomology","floor":6},{"not_picked":["Poisoned Stab","Masterful Stab"],"picked":"Backstab","floor":8},{"not_picked":["Heel Hook","Crippling Poison","Dagger Throw"],"picked":"SKIP","floor":10},{"not_picked":["PiercingWail","Dodge and Roll","Prepared"],"picked":"SKIP","floor":11},{"not_picked":["Dagger Throw","Sucker Punch"],"picked":"Blade Dance","floor":12},{"not_picked":["Dagger Throw","Finisher"],"picked":"Cloak And Dagger","floor":14},{"not_picked":["Phantasmal Killer","Glass Knife"],"picked":"Venomology","floor":16},{"not_picked":["Poisoned Stab","Dagger Spray"],"picked":"Quick Slash","floor":18},{"not_picked":["Backflip","Slice","Dagger Spray"],"picked":"SKIP","floor":24},{"not_picked":["Malaise","Tactician","Flying Knee"],"picked":"SKIP","floor":25}],"player_experience":811796,"relics_obtained":[{"floor":6,"key":"Meat on the Bone"},{"floor":8,"key":"Ninja Scroll"},{"floor":9,"key":"The Courier"},{"floor":25,"key":"Dead Branch"},{"floor":26,"key":"Bag of Marbles"}],"event_choices":[{"damage_healed":0,"gold_gain":100,"player_choice":"Gold","damage_taken":0,"max_hp_gain":0,"max_hp_loss":0,"event_name":"Wheel of Change","floor":2,"gold_loss":0},{"damage_healed":0,"gold_gain":0,"player_choice":"Donut","damage_taken":0,"max_hp_gain":5,"max_hp_loss":0,"event_name":"Big Fish","floor":4,"gold_loss":0},{"cards_removed":["Strike_G"],"damage_healed":0,"gold_gain":0,"player_choice":"Card Removal","damage_taken":7,"max_hp_gain":0,"max_hp_loss":0,"event_name":"Golden Wing","floor":13,"gold_loss":0},{"damage_healed":0,"gold_gain":0,"player_choice":"Obtained Relic","damage_taken":0,"relics_obtained":["War Paint"],"max_hp_gain":0,"max_hp_loss":0,"event_name":"Addict","floor":19,"gold_loss":85},{"damage_healed":0,"gold_gain":75,"player_choice":"Touch","damage_taken":7,"max_hp_gain":0,"max_hp_loss":0,"event_name":"FaceTrader","floor":21,"gold_loss":0}],"is_beta":false,"boss_relics":[{"not_picked":["Runic Pyramid","Cursed Key","Coffee Dripper"]}],"items_purged_floors":[20,22],"is_endless":false,"potions_floor_spawned":[3,8,10,14,16,24],"killed_by":"Chosen and Byrds","ascension_level":10}}