{"host":"7jxhn92mkgyil7o5","time":1614111875,"event":{"mods":["BaseMod","Colored Map","Colored Powertips","Friendly Minions","Hermit","Kiyohime????","Marisa????????","Minty Spire (QoL Compilation)","Permanent Neow","StSLib","The Cursed","The Disciple","The Hierophant","The Poker Player","The Runesmith"],"gold_per_floor":[112,126,276,276,10,10,10],"floor_reached":6,"language":"ENG","playtime":172,"items_purged":[],"score":68,"play_id":"b1a25b94-a668-46f1-819c-26cbd0e1f918","local_time":"20210223212435","is_ascension_mode":true,"campfire_choices":[],"circlet_count":0,"master_deck":["AscendersBane","Strike_G+1","Strike_G","Strike_G","Strike_G","Strike_G","Defend_G","Defend_G","Defend_G","Defend_G","Defend_G+1","Survivor","Neutralize","Infinite Blades","Poisoned Stab","Doubt","Footwork"],"relics":["Ring of the Snake","FossilizedHelix","OrangePellets"],"acts_visited":["Exordium"],"potions_floor_usage":[6,6],"damage_taken":[{"damage":0,"enemies":"Cultist","floor":1,"turns":4},{"damage":0,"enemies":"Small Slimes","floor":2,"turns":3},{"damage":27,"enemies":"Gremlin Nob","floor":6,"turns":4}],"seed_played":"9066656772568304521","potions_obtained":[{"floor":1,"key":"FearPotion"}],"is_trial":false,"path_per_floor":["M","M","?","?","$","E"],"character_chosen":"THE_SILENT","items_purchased":["OrangePellets","Footwork","BlessingOfTheForge"],"campfire_rested":0,"item_purchase_floors":[5,5,5],"current_hp_per_floor":[44,44,44,24,24,0,0],"gold":10,"neow_bonus":"ONE_RARE_RELIC","is_daily":false,"chose_seed":false,"campfire_upgraded":0,"win_rate":0.0,"timestamp":1614111875,"path_taken":["M","?","?","?","$","E"],"items_purchased_type":["Relic","Card","Potion"],"build_version":"2020-12-22","purchased_purges":0,"victory":false,"max_hp_per_floor":[66,66,66,66,66,66,66],"card_choices":[{"not_picked":["Outmaneuver","Sucker Punch"],"picked":"Infinite Blades","floor":1},{"not_picked":["Expertise","Distraction"],"picked":"Poisoned Stab","floor":2}],"player_experience":2037761,"relics_obtained":[],"event_choices":[{"damage_healed":0,"gold_gain":150,"player_choice":"AGREE","damage_taken":0,"max_hp_gain":0,"max_hp_loss":0,"event_name":"Liars Game","floor":3,"gold_loss":0,"cards_obtained":["Doubt"]},{"damage_healed":0,"gold_gain":0,"player_choice":"Entered Light","damage_taken":20,"max_hp_gain":0,"max_hp_loss":0,"event_name":"Shining Light","floor":4,"gold_loss":0,"cards_upgraded":["Defend_G","Strike_G"]}],"is_beta":false,"boss_relics":[],"items_purged_floors":[],"is_endless":false,"potions_floor_spawned":[1],"killed_by":"Gremlin Nob","ascension_level":20}}