{"host":"ul3z8ex5o8l5j7mh","time":1614114506,"event":{"mods":["2.2 Compatiblity","AchievementEnabler","BaseMod","Bestiary","Colored Map","Colored Powertips","Curses Come First","DeckTracker","Highlight Path","Keyboard Shortcuts","Minty Spire (QoL Compilation)","Relic Sorter","Relic Stats","StSLib","SuperFastMode"],"gold_per_floor":[115,60,75,35,51,51,84,49,49,67,67,87,53,65,65,160,160,170,181,181,181,181,181,207,207,260,260,260,260,335,353,353,353,353],"floor_reached":33,"language":"ENG","playtime":1034,"items_purged":[],"score":305,"play_id":"31020cce-cc46-4a94-ac65-c5568ce36699","local_time":"20210223220826","is_ascension_mode":true,"campfire_choices":[{"data":"Infinite Blades","floor":6.0,"key":"SMITH"},{"data":"Bullet Time","floor":11,"key":"SMITH"},{"floor":15,"key":"REST"},{"data":"Envenom","floor":23,"key":"SMITH"},{"floor":29,"key":"REST"},{"floor":32,"key":"REST"}],"circlet_count":0,"master_deck":["Strike_G+1","Strike_G+1","Strike_G+1","Strike_G+1","Strike_G+1","Defend_G+1","Defend_G+1","Defend_G+1","Defend_G+1","Defend_G+1","Survivor","Neutralize","Infinite Blades+1","Blade Dance","Infinite Blades","Dagger Throw","Bullet Time+1","Accuracy","Accuracy","Cloak And Dagger","Infinite Blades","Blade Dance","Envenom+1","Cloak And Dagger","Slice+1","Decay","A Thousand Cuts"],"relics":["Ring of the Snake","NeowsBlessing","Blue Candle","Snake Skull","Sundial","Philosopher\u0027s Stone","Toy Ornithopter","Ancient Tea Set","Pear"],"acts_visited":["Exordium","TheCity"],"potions_floor_usage":[16,16,24,28],"damage_taken":[{"damage":0.0,"enemies":"2 Louse","floor":1.0,"turns":1.0},{"damage":0.0,"enemies":"Cultist","floor":3.0,"turns":1.0},{"damage":0.0,"enemies":"Small Slimes","floor":5.0,"turns":1.0},{"damage":30.0,"enemies":"Lagavulin","floor":7.0,"turns":5.0},{"damage":5,"enemies":"2 Fungi Beasts","floor":10,"turns":3},{"damage":1,"enemies":"Looter","floor":12,"turns":2},{"damage":3,"enemies":"Large Slime","floor":14,"turns":4},{"damage":32,"enemies":"The Guardian","floor":16,"turns":7},{"damage":0,"enemies":"Chosen","floor":18,"turns":3},{"damage":28,"enemies":"Spheric Guardian","floor":19,"turns":4},{"damage":60,"enemies":"Slavers","floor":24,"turns":4},{"damage":0,"enemies":"Centurion and Healer","floor":28,"turns":1},{"damage":25,"enemies":"Shelled Parasite and Fungi","floor":31,"turns":4},{"damage":57,"enemies":"Automaton","floor":33,"turns":6}],"seed_played":"-2309720261304488789","potions_obtained":[{"floor":5.0,"key":"Weak Potion"},{"floor":7.0,"key":"Strength Potion"},{"floor":10,"key":"SmokeBomb"},{"floor":12,"key":"Explosive Potion"},{"floor":19,"key":"Explosive Potion"},{"floor":31,"key":"SmokeBomb"}],"is_trial":false,"path_per_floor":["M","?","M","$","M","R","E","$","T","M","R","M","$","M","R","B",null,"M","M","?","?","?","R","E","?","T","?","M","R","T","M","R","B"],"character_chosen":"THE_SILENT","items_purchased":["Infinite Blades","Accuracy","Infinite Blades"],"campfire_rested":3,"item_purchase_floors":[4,8,13],"current_hp_per_floor":[70,70,70,70,70,70,40,40,40,35,35,34,34,31,52,20,70,70,42,42,65,65,65,5,5,5,5,10,31,41,16,40,0,0],"gold":353,"neow_bonus":"THREE_ENEMY_KILL","is_daily":false,"chose_seed":false,"campfire_upgraded":3,"win_rate":0.0,"timestamp":1614114506,"path_taken":["M","?","M","$","?","R","E","$","T","M","R","M","$","M","R","BOSS","M","?","?","?","?","R","E","?","T","?","M","R","?","M","R","BOSS"],"items_purchased_type":["Card","Card","Card"],"build_version":"2020-12-22","purchased_purges":0,"victory":false,"max_hp_per_floor":[70,70,70,70,70,70,70,70,70,70,70,70,70,70,70,70,70,70,70,70,70,70,70,70,70,70,70,70,70,80,80,80,80,80],"relic_stats":{"counters":[14,46],"Sundial":[2],"Blue Candle":[0],"Snake Skull":[43],"obtain_stats":[{"Pear":30,"NeowsBlessing":0,"Sundial":9,"Blue Candle":2,"Philosopher\u0027s Stone":17,"Snake Skull":7,"Ancient Tea Set":26,"Toy Ornithopter":24,"Ring of the Snake":0},{"Pear":12,"NeowsBlessing":0,"Sundial":4,"Blue Candle":1,"Philosopher\u0027s Stone":8,"Snake Skull":4,"Ancient Tea Set":11,"Toy Ornithopter":11,"Ring of the Snake":0},{"Pear":36,"NeowsBlessing":0,"Sundial":8,"Blue Candle":1,"Philosopher\u0027s Stone":24,"Snake Skull":8,"Ancient Tea Set":35,"Toy Ornithopter":35,"Ring of the Snake":0}],"Toy Ornithopter":5,"Ring of the Snake":[28]},"card_choices":[{"not_picked":["PiercingWail","Dodge and Roll"],"picked":"Infinite Blades","floor":1.0},{"not_picked":["Leg Sweep","Tools of the Trade"],"picked":"Blade Dance","floor":3.0},{"not_picked":["Catalyst","Backflip"],"picked":"Dagger Throw","floor":5.0},{"not_picked":["Skewer","Calculated Gamble"],"picked":"Bullet Time","floor":7.0},{"not_picked":["Caltrops","Outmaneuver"],"picked":"Accuracy","floor":10},{"not_picked":["Slice","Outmaneuver"],"picked":"Cloak And Dagger","floor":12},{"not_picked":["Skewer","Setup"],"picked":"Blade Dance","floor":14},{"not_picked":["Wraith Form v2","Die Die Die"],"picked":"Envenom","floor":16},{"not_picked":["Slice","Prepared"],"picked":"Cloak And Dagger","floor":18},{"not_picked":["Escape Plan","Terror"],"picked":"Slice+1","floor":19},{"not_picked":["Flying Knee","Prepared","Bouncing Flask"],"picked":"SKIP","floor":24},{"not_picked":["PiercingWail","Deflect"],"picked":"A Thousand Cuts","floor":31}],"player_experience":434245,"relics_obtained":[{"floor":7.0,"key":"Snake Skull"},{"floor":9.0,"key":"Sundial"},{"floor":24,"key":"Toy Ornithopter"},{"floor":26,"key":"Ancient Tea Set"},{"floor":30,"key":"Pear"}],"event_choices":[{"damage_healed":0.0,"max_hp_gain":0.0,"max_hp_loss":0.0,"gold_gain":0.0,"event_name":"WeMeetAgain","player_choice":"Paid Gold","floor":2.0,"gold_loss":55.0,"damage_taken":0.0,"relics_obtained":["Blue Candle"]},{"damage_healed":0,"gold_gain":0,"player_choice":"Ignored","damage_taken":0,"max_hp_gain":0,"max_hp_loss":0,"event_name":"Ghosts","floor":20,"gold_loss":0},{"damage_healed":23,"gold_gain":0,"player_choice":"Heal","damage_taken":0,"max_hp_gain":0,"max_hp_loss":0,"event_name":"The Library","floor":21,"gold_loss":0},{"damage_healed":0,"gold_gain":0,"player_choice":"Ignored","damage_taken":0,"max_hp_gain":0,"max_hp_loss":0,"event_name":"Vampires","floor":22,"gold_loss":0},{"damage_healed":0,"gold_gain":0,"player_choice":"Simplicity","damage_taken":0,"max_hp_gain":0,"max_hp_loss":0,"event_name":"Back to Basics","floor":25,"gold_loss":0,"cards_upgraded":["Strike_G","Strike_G","Strike_G","Strike_G","Strike_G","Defend_G","Defend_G","Defend_G","Defend_G","Defend_G"]},{"damage_healed":0,"gold_gain":0,"player_choice":"Smashed Altar","damage_taken":0,"max_hp_gain":0,"max_hp_loss":0,"event_name":"Forgotten Altar","floor":27,"gold_loss":0,"cards_obtained":["Decay"]}],"is_beta":false,"boss_relics":[{"not_picked":["Fusion Hammer","Runic Pyramid"],"picked":"Philosopher\u0027s Stone"}],"items_purged_floors":[],"is_endless":false,"potions_floor_spawned":[5,7,10,12,19,31],"killed_by":"Automaton","ascension_level":3}}