{"host":"7tncuco8wmu6m2y5","time":1614091026,"event":{"mods":["AchievementEnabler","BaseMod","Better Note","Card Forge","Colored Map","Colored Powertips","Downfall","Minty Spire (QoL Compilation)","Permanent Neow","Quick Restart","Rare Cards Sparkle","Remove Card Discount Mod","Replay The Spire","Spire Birthday Party","StSLib","SuperFastMode","The IronCluck","everything is the same but u backflip on backflip"],"gold_per_floor":[111,121,121,135,155,186,205,233,310,6,6,25,69,99,196,315,315,343,44,44,76,119,179,179,235,235,276,303,218,218,249,249,360,360,401,447,482,518,518,565,565,626,626,626,626,670,699,768,768,788,788,788,238,311,337],"floor_reached":56,"language":"ENG","playtime":4570,"items_purged":[],"score":2159,"play_id":"b88cb5b7-3843-4b7c-a083-1d352f07daff","local_time":"20210223143706","is_ascension_mode":true,"campfire_choices":[{"floor":11.0,"key":"RECALL"},{"floor":32.0,"key":"REST"},{"floor":41.0,"key":"DIG"},{"floor":45.0,"key":"DIG"},{"floor":49.0,"key":"REST"},{"floor":52.0,"key":"DIG"}],"circlet_count":0,"master_deck":["Barricade+1","Entrench+1","Ghostly Armor+1","Infernal Blade+1","A Thousand Cuts+1","Accuracy+1","Adrenaline+1","Venomology+1","Backstab+1","Burst+1","Bouncing Flask+1","Blade Dance+1","Blur+1","Caltrops+1","Catalyst+1","Cloak And Dagger+1","Crippling Poison+1","Dash+1","Distraction+1","Footwork+1","Hidden Blade+1","Infinite Blades+1","Leg Sweep+1","Noxious Fumes+1","Poisoned Stab+1","Toxin Wave+1","Genetic Algorithm+1","Self Repair+1","Seek+1","Bandage Up+1","Dramatic Entrance+1","Finesse+1","Insight+1","Master of Strategy+1","ThroughViolence+1","Impervious+1","Adrenaline+1","Cloak And Dagger+1","Dash+1","Envenom+1","Fluid Movement+1","Accuracy+1","Venomology+1","Blade Dance+1","Pot Of Greed+1","Pot Of Greed+1","Pot Of Greed+1","Pot Of Greed+1"],"relics":["Ring of the Snake","Hammer of Thor","Seething Fire","Anvil of the Gods","Omamori","Replay:Accelerometer","HandDrill","Replay:Bandana","Pocketwatch","Pet Ghost","Juzu Bracelet","Medical Kit","ReplayTheSpireMod:TigerMarble","Smiling Mask","StrikeDummy","Incense Burner","Replay:Towering Pillar of Hats","Painkiller Herb","Shovel","Tough Bandages","Anchor","Shuriken","ReplayTheSpireMod:Ring of Addiction","ReplayTheSpireMod:Ring of Collecting","Toy Ornithopter","Chameleon Ring","Toxic Egg 2","Ornamental Fan","MealTicket","Pantograph","Grinning Jar","Akabeko","Frozen Eye","Whetstone"],"acts_visited":["Exordium","TheCity","TheBeyond","TheEnding"],"potions_floor_usage":[55,55,55,55,55,55],"damage_taken":[{"damage":0.0,"enemies":"Small Slimes","floor":1.0,"turns":1.0},{"damage":0.0,"enemies":"Jaw Worm","floor":2.0,"turns":2.0},{"damage":0.0,"enemies":"2 Louse","floor":4.0,"turns":1.0},{"damage":0.0,"enemies":"Gremlin Gang","floor":5.0,"turns":1.0},{"damage":0.0,"enemies":"Lagavulin","floor":6.0,"turns":2.0},{"damage":0.0,"enemies":"Large Slime","floor":7.0,"turns":3.0},{"damage":0.0,"enemies":"Gremlin Nob","floor":8.0,"turns":2.0},{"damage":0.0,"enemies":"Blue Slaver","floor":12.0,"turns":1.0},{"damage":0.0,"enemies":"Lagavulin","floor":13.0,"turns":2.0},{"damage":0.0,"enemies":"Slime Boss","floor":16.0,"turns":4.0},{"damage":0.0,"enemies":"Chosen","floor":18.0,"turns":3.0},{"damage":0.0,"enemies":"2 Thieves","floor":21.0,"turns":1.0},{"damage":0.0,"enemies":"Cultist and Chosen","floor":22.0,"turns":2.0},{"damage":0.0,"enemies":"Slavers","floor":23.0,"turns":4.0},{"damage":18.0,"enemies":"Gremlin Leader","floor":25.0,"turns":3.0},{"damage":0.0,"enemies":"Book of Stabbing","floor":27.0,"turns":3.0},{"damage":0.0,"enemies":"Snecko","floor":28.0,"turns":4.0},{"damage":0.0,"enemies":"3 Cultists","floor":31.0,"turns":3.0},{"damage":1.0,"enemies":"Pondfish","floor":33.0,"turns":6.0},{"damage":5.0,"enemies":"3 Shapes","floor":35.0,"turns":2.0},{"damage":0.0,"enemies":"3 Darklings","floor":36.0,"turns":2.0},{"damage":0.0,"enemies":"Spire Growth","floor":37.0,"turns":2.0},{"damage":0.0,"enemies":"Transient","floor":38.0,"turns":5.0},{"damage":1.0,"enemies":"Nemesis","floor":40.0,"turns":5.0},{"damage":12.0,"enemies":"Giant Head","floor":42.0,"turns":6.0},{"damage":11.0,"enemies":"Nemesis","floor":46.0,"turns":7.0},{"damage":0.0,"enemies":"Writhing Mass","floor":47.0,"turns":2.0},{"damage":23.0,"enemies":"Reptomancer","floor":48.0,"turns":4.0},{"damage":38.0,"enemies":"Time Eater","floor":50.0,"turns":8.0},{"damage":10,"enemies":"Shield and Spear","floor":54,"turns":4},{"damage":34,"enemies":"The Heart","floor":55,"turns":7}],"seed_played":"-1999170644564143904","potions_obtained":[{"floor":2.0,"key":"EssenceOfSteel"},{"floor":5.0,"key":"ColorlessPotion"},{"floor":6.0,"key":"champ:CounterPotion"},{"floor":12.0,"key":"SkillPotion"},{"floor":13.0,"key":"sneckomod:MuddlingPotion"},{"floor":21.0,"key":"Slimebound:ThreeZeroPotion"},{"floor":22.0,"key":"champ:CounterPotion"},{"floor":28.0,"key":"Poison Potion"},{"floor":37.0,"key":"AttackPotion"},{"floor":38.0,"key":"hexamod:SoulburnPotion"},{"floor":44.0,"key":"Regen Potion"},{"floor":54,"key":"Dexterity Potion"}],"is_trial":false,"path_per_floor":["M","M","?","M","M","E","M","E","T","$","R","M","E","?","R_BF","B",null,"M","$","?","M","M","E","?","E","T","E","M","?","?","M","R","B",null,"?","?","?","?","?","E","T","E","T","?","T","E","?","E","T","B",null,"T","T","E","B",null],"character_chosen":"THE_SILENT","items_purchased":["HandDrill","Replay:Bandana","Juzu Bracelet","Medical Kit","Grinning Jar","Akabeko","Frozen Eye","EntropicBrew"],"campfire_rested":2,"item_purchase_floors":[10,10,19,19,53,53,53,53],"current_hp_per_floor":[70,70,70,70,70,70,70,70,70,70,70,70,70,70,70,70,70,70,70,70,70,70,70,70,62,62,70,70,70,70,70,70,69,70,65,65,65,70,70,70,70,68,68,68,68,70,70,57,68,68,68,68,68,68,62],"gold":337,"neow_bonus":"RANDOM_EVENT","is_daily":false,"chose_seed":false,"campfire_upgraded":0,"win_rate":0.0,"timestamp":1614091026,"path_taken":["M","M","?","M","M","E","M","E","T","$","R","M","E","?","R_BF","BOSS","M","$","?","M","M","E","?","E","T","E","M","?","?","M","R","BOSS","?","?","?","?","?","E","T","E","T","?","T","E","?","E","T","BOSS","T","T","E","BOSS"],"items_purchased_type":["Relic","Relic","Relic","Relic","Relic","Relic","Relic","Potion"],"build_version":"2020-12-22","purchased_purges":0,"victory":true,"max_hp_per_floor":[70,70,70,70,70,70,70,70,70,70,70,70,70,70,70,70,70,70,70,70,70,70,70,70,70,70,70,70,70,70,70,70,70,70,70,70,70,70,70,70,70,70,70,70,70,70,70,70,68,68,68,68,68,68,66],"card_choices":[{"not_picked":["Dagger Spray","Outmaneuver","Blade Dance"],"picked":"SKIP","floor":1.0},{"not_picked":["Acrobatics","Poisoned Stab"],"picked":"Envenom","floor":2.0},{"not_picked":["Poisoned Stab","Skewer","Deadly Poison"],"picked":"SKIP","floor":4.0},{"not_picked":["Choke","Flying Knee","Deadly Poison"],"picked":"SKIP","floor":5.0},{"not_picked":["ReplayTheSpireMod:Necrosis","Heel Hook","Setup"],"picked":"SKIP","floor":6.0},{"not_picked":["Deflect","Dodge and Roll","ReplayTheSpireMod:The Works"],"picked":"SKIP","floor":7.0},{"not_picked":["ReplayTheSpireMod:Speed Training","Deflect"],"picked":"Accuracy","floor":8.0},{"not_picked":["Underhanded Strike","Crippling Poison","Slice"],"picked":"SKIP","floor":12.0},{"not_picked":["Toxin Wave","Masterful Stab","PiercingWail"],"picked":"SKIP","floor":13.0},{"not_picked":["A Thousand Cuts","ReplayTheSpireMod:Necrosis"],"picked":"Venomology","floor":16.0},{"not_picked":["Outmaneuver","Prepared+1","Cloak And Dagger"],"picked":"SKIP","floor":18.0},{"not_picked":["Glass Knife","PiercingWail","Setup"],"picked":"SKIP","floor":21.0},{"not_picked":["Cloak And Dagger","Blade Dance","Slice"],"picked":"SKIP","floor":22.0},{"not_picked":["Dodge and Roll","ReplayTheSpireMod:Shiv Toss","Acrobatics"],"picked":"SKIP","floor":23.0},{"not_picked":["Masterful Stab","Cloak And Dagger","Well Laid Plans+1"],"picked":"SKIP","floor":25.0},{"not_picked":["ReplayTheSpireMod:The Works","Setup","Dagger Spray"],"picked":"SKIP","floor":27.0},{"not_picked":["Dagger Throw","Underhanded Strike","Finisher+1"],"picked":"SKIP","floor":28.0},{"not_picked":["Acrobatics","Well Laid Plans","Phantasmal Killer"],"picked":"SKIP","floor":31.0},{"not_picked":["Poisoned Stab+1","Crippling Poison","Dagger Spray+1"],"picked":"SKIP","floor":35.0},{"not_picked":["Deadly Poison+1","Cloak And Dagger+1","Dagger Throw+1"],"picked":"SKIP","floor":36.0},{"not_picked":["PiercingWail+1","Sucker Punch","Flechettes+1"],"picked":"SKIP","floor":37.0},{"not_picked":["Calculated Gamble+1","Eviscerate","Dodge and Roll"],"picked":"SKIP","floor":38.0},{"not_picked":["Outmaneuver","Quick Slash","PiercingWail+1"],"picked":"SKIP","floor":40.0},{"not_picked":["Draining Mist+1","Die Die Die","ReplayTheSpireMod:Speed Training+1"],"picked":"SKIP","floor":42.0},{"not_picked":["ReplayTheSpireMod:From All Sides","Setup+1","Deadly Poison+1"],"picked":"SKIP","floor":46.0},{"not_picked":["Quick Slash+1","Acrobatics+1","Bane"],"picked":"SKIP","floor":47.0},{"not_picked":["Heel Hook","Dodge and Roll+1","Dagger Throw+1"],"picked":"SKIP","floor":48.0},{"not_picked":["Dagger Spray+1","Bane+1","Heel Hook"],"picked":"SKIP","floor":54}],"player_experience":313461,"relics_obtained":[{"floor":6.0,"key":"Omamori"},{"floor":8.0,"key":"Replay:Accelerometer"},{"floor":13.0,"key":"Pocketwatch"},{"floor":23.0,"key":"ReplayTheSpireMod:TigerMarble"},{"floor":25.0,"key":"Smiling Mask"},{"floor":26.0,"key":"StrikeDummy"},{"floor":27.0,"key":"Incense Burner"},{"floor":40.0,"key":"Shovel"},{"floor":41.0,"key":"Tough Bandages"},{"floor":42.0,"key":"Anchor"},{"floor":43.0,"key":"Shuriken"},{"floor":44.0,"key":"ReplayTheSpireMod:Ring of Addiction"},{"floor":44.0,"key":"ReplayTheSpireMod:Ring of Collecting"},{"floor":44.0,"key":"Toy Ornithopter"},{"floor":44.0,"key":"Chameleon Ring"},{"floor":45.0,"key":"Toxic Egg 2"},{"floor":46.0,"key":"Ornamental Fan"},{"floor":48.0,"key":"MealTicket"},{"floor":52.0,"key":"Pantograph"},{"floor":54,"key":"Whetstone"}],"event_choices":[{"damage_healed":0.0,"max_hp_gain":0.0,"max_hp_loss":0.0,"gold_gain":30.0,"event_name":"Dead Adventurer","player_choice":"Searched \u00273\u0027 times","floor":14.0,"gold_loss":0.0,"damage_taken":0.0,"relics_obtained":["Pet Ghost"]},{"damage_healed":0.0,"max_hp_gain":0.0,"max_hp_loss":0.0,"gold_gain":0.0,"event_name":"Vampires","player_choice":"Ignored","floor":20.0,"gold_loss":0.0,"damage_taken":0.0},{"damage_healed":0.0,"max_hp_gain":0.0,"max_hp_loss":0.0,"gold_gain":0.0,"event_name":"Wheel of Change","player_choice":"Full Heal","floor":24.0,"gold_loss":0.0,"damage_taken":0.0},{"damage_healed":0.0,"max_hp_gain":0.0,"max_hp_loss":0.0,"gold_gain":0.0,"event_name":"Addict","player_choice":"Obtained Relic","floor":29.0,"gold_loss":85.0,"damage_taken":0.0,"relics_obtained":["Replay:Towering Pillar of Hats"]},{"damage_healed":0.0,"max_hp_gain":0.0,"max_hp_loss":0.0,"gold_gain":0.0,"event_name":"The Library","player_choice":"Read","floor":30.0,"gold_loss":0.0,"damage_taken":0.0,"cards_obtained":["Blade Dance"]},{"cards_removed":["Discovery"],"damage_healed":0.0,"max_hp_gain":0.0,"max_hp_loss":0.0,"gold_gain":0.0,"event_name":"Bonfire Elementals","player_choice":"Offered Uncommon","floor":39.0,"gold_loss":0.0,"damage_taken":0.0}],"is_beta":false,"boss_relics":[{"not_picked":["ReplayTheSpireMod:DimensionalGlitch","Empty Cage","Replay:Grab Bag"]},{"not_picked":["ChewingGum","bronze:MakeshiftBattery"],"picked":"Painkiller Herb"}],"items_purged_floors":[],"is_endless":false,"potions_floor_spawned":[2,5,6,12,13,21,22,27,28,37,38,47,48,54],"ascension_level":2}}