{"host":"ydujlihd8f5px9gp","time":1614117812,"event":{"mods":["AchievementEnabler","BaseMod","Block Reminder","Colored Map","Minty Spire (QoL Compilation)","StSLib","ojb\u0027s Info Mod"],"gold_per_floor":[112,112,128,138,63,63,89,44,68,80,80,113,113,142,142,142,142],"floor_reached":16,"language":"ENG","playtime":429,"items_purged":["Strike_B"],"score":142,"play_id":"0a4a0f4b-8d47-4284-a8d2-22d53a6c451a","local_time":"20210223190332","is_ascension_mode":true,"campfire_choices":[{"data":"Scrape","floor":6,"key":"SMITH"},{"floor":11,"key":"REST"},{"data":"Machine Learning","floor":13,"key":"SMITH"},{"floor":15,"key":"REST"}],"circlet_count":0,"master_deck":["Strike_B","Strike_B","Strike_B","Defend_B","Defend_B","Defend_B","Defend_B","Zap","Dualcast","Gash+1","Scrape+1","Turbo","Gash","Gash","Machine Learning+1","Beam Cell"],"relics":["Philosopher\u0027s Stone","MealTicket","Smiling Mask","Bag of Marbles","Blue Candle"],"acts_visited":["Exordium"],"potions_floor_usage":[14,16],"damage_taken":[{"damage":5,"enemies":"Jaw Worm","floor":1,"turns":4},{"damage":0,"enemies":"Cultist","floor":3,"turns":3},{"damage":2,"enemies":"2 Louse","floor":4,"turns":2},{"damage":45,"enemies":"Gremlin Nob","floor":7,"turns":5},{"damage":12,"enemies":"Looter","floor":10,"turns":3},{"damage":16,"enemies":"Lagavulin","floor":12,"turns":5},{"damage":13,"enemies":"3 Sentries","floor":14,"turns":5},{"damage":41,"enemies":"The Guardian","floor":16,"turns":6}],"seed_played":"2429292551409062814","potions_obtained":[{"floor":7,"key":"FocusPotion"},{"floor":12,"key":"EssenceOfDarkness"}],"is_trial":false,"path_per_floor":["M","?","M","M","$","R","E","$","T","M","R","E","R","E","R","B"],"character_chosen":"DEFECT","items_purchased":["Gash"],"campfire_rested":2,"item_purchase_floors":[8],"current_hp_per_floor":[70,70,70,68,68,68,23,38,38,26,48,32,32,19,41,0,0],"gold":142,"neow_bonus":"BOSS_RELIC","is_daily":false,"chose_seed":false,"campfire_upgraded":2,"win_rate":0.0,"timestamp":1614117812,"path_taken":["M","?","M","M","?","R","E","$","T","M","R","E","R","E","R","BOSS"],"items_purchased_type":["Card"],"build_version":"2020-12-22","purchased_purges":1,"victory":false,"max_hp_per_floor":[75,75,75,75,75,75,75,75,75,75,75,75,75,75,75,75,75],"card_choices":[{"not_picked":["Cold Snap","Lockon"],"picked":"Gash","floor":1},{"not_picked":["Stack","Darkness"],"picked":"Scrape","floor":3},{"not_picked":["Lockon","Redo"],"picked":"Turbo","floor":4},{"not_picked":["Go for the Eyes","Reprogram"],"picked":"Gash","floor":7},{"not_picked":["Force Field","Genetic Algorithm"],"picked":"Machine Learning","floor":10},{"not_picked":["Barrage","Ball Lightning"],"picked":"Beam Cell","floor":12},{"not_picked":["Compile Driver","Chill","Turbo"],"picked":"SKIP","floor":14}],"player_experience":168927,"relics_obtained":[{"floor":7,"key":"MealTicket"},{"floor":9,"key":"Smiling Mask"},{"floor":12,"key":"Bag of Marbles"},{"floor":14,"key":"Blue Candle"}],"event_choices":[{"damage_healed":0,"gold_gain":0,"player_choice":"Forge","damage_taken":0,"max_hp_gain":0,"max_hp_loss":0,"event_name":"Accursed Blacksmith","floor":2,"gold_loss":0,"cards_upgraded":["Gash"]}],"is_beta":false,"boss_relics":[],"items_purged_floors":[5],"is_endless":false,"potions_floor_spawned":[7,12],"killed_by":"The Guardian","ascension_level":4}}