{"host":"sav7uxregyirlf69","time":1614059334,"event":{"mods":["AchievementEnabler","BaseMod","Colored Map","DeckTracker","Keyboard Shortcuts","Minty Spire (QoL Compilation)","READ ME - Guardian Mod","StSLib","SuperFastMode"],"gold_per_floor":[116,135,210,135,145,145,158,172,172,172,172,172],"floor_reached":11,"language":"KOR","playtime":173,"items_purged":[],"score":130,"play_id":"f0783938-e482-4dfc-a94b-b865ef6007a9","local_time":"20210223144854","is_ascension_mode":true,"campfire_choices":[{"data":"Feed","floor":6,"key":"SMITH"},{"data":"Pommel Strike","floor":10,"key":"SMITH"}],"circlet_count":0,"master_deck":["AscendersBane","Strike_R","Strike_R","Strike_R","Strike_R","Defend_R","Defend_R","Defend_R","Defend_R","Bash","Feed+1","Pommel Strike+1","Evolve","Shrug It Off"],"relics":["Burning Blood","Mercury Hourglass"],"acts_visited":["Exordium"],"potions_floor_usage":[11,11],"damage_taken":[{"damage":7,"enemies":"2 Louse","floor":1,"turns":4},{"damage":8,"enemies":"Small Slimes","floor":2,"turns":4},{"damage":2,"enemies":"Jaw Worm","floor":5,"turns":3},{"damage":24,"enemies":"3 Louse","floor":7,"turns":6},{"damage":24,"enemies":"Blue Slaver","floor":8,"turns":6},{"damage":43,"enemies":"Lagavulin","floor":11,"turns":8}],"seed_played":"7323526898166578691","potions_obtained":[{"floor":1,"key":"Block Potion"},{"floor":5,"key":"EssenceOfSteel"}],"is_trial":false,"path_per_floor":["M","M","?","?","M","R","M","M","T","R","E"],"character_chosen":"IRONCLAD","items_purchased":[],"campfire_rested":0,"item_purchase_floors":[],"current_hp_per_floor":[70,71,60,60,67,67,53,39,39,39,0,0],"gold":172,"neow_bonus":"THREE_RARE_CARDS","is_daily":false,"chose_seed":false,"campfire_upgraded":2,"win_rate":0.0,"timestamp":1614059334,"path_taken":["M","M","?","?","M","R","M","M","T","R","E"],"items_purchased_type":[],"build_version":"2020-12-22","purchased_purges":0,"victory":false,"max_hp_per_floor":[71,74,74,74,77,77,81,85,85,85,85,85],"card_choices":[{"not_picked":["Reaper","Offering"],"picked":"Feed","floor":0},{"not_picked":["Combust","Thunderclap","Clothesline"],"picked":"SKIP","floor":1},{"not_picked":["Bloodletting","Armaments"],"picked":"Pommel Strike","floor":2},{"not_picked":["Sword Boomerang","Clash","Iron Wave"],"picked":"SKIP","floor":5},{"not_picked":["Armaments","True Grit"],"picked":"Evolve","floor":7},{"not_picked":["Heavy Blade","Pummel"],"picked":"Shrug It Off","floor":8}],"player_experience":1668896,"relics_obtained":[{"floor":9,"key":"Mercury Hourglass"}],"event_choices":[{"damage_healed":0,"gold_gain":75,"player_choice":"Gather Gold","damage_taken":11,"max_hp_gain":0,"max_hp_loss":0,"event_name":"World of Goop","floor":3,"gold_loss":0},{"cards_removed":["Strike_R"],"damage_healed":0,"gold_gain":0,"player_choice":"Card Removal","damage_taken":0,"max_hp_gain":0,"max_hp_loss":0,"event_name":"The Cleric","floor":4,"gold_loss":75}],"is_beta":false,"boss_relics":[],"items_purged_floors":[],"is_endless":false,"potions_floor_spawned":[1,5,7],"killed_by":"Lagavulin","ascension_level":20}}