{"host":"xg4r5pv6chpuampg","time":1614103123,"event":{"mods":["AchievementEnabler","BaseMod","Googly Eyes","Minty Spire (QoL Compilation)","StSLib","Together in Spire"],"gold_per_floor":[118,118,37,37,47,76,76,100,100,134,153,171,171,171,171,171,171],"floor_reached":16,"language":"ENG","playtime":473,"items_purged":[],"score":140,"play_id":"7beeb017-22b2-44bd-a972-811ca28ba142","local_time":"20210223205843","is_ascension_mode":true,"campfire_choices":[{"data":"Eruption","floor":7,"key":"SMITH"},{"floor":13,"key":"REST"},{"data":"Omniscience","floor":15,"key":"SMITH"}],"circlet_count":0,"master_deck":["Strike_P","Strike_P","Strike_P","Strike_P","Defend_P","Defend_P","Defend_P","Defend_P","Eruption+1","Vigilance","EmptyFist","BattleHymn","PathToVictory","Pray","TalkToTheHand","Prostrate","EmptyBody","TalkToTheHand","Omniscience+1","Eruption"],"relics":["PureWater","NeowsBlessing","Mummified Hand","Odd Mushroom","Pocketwatch","MealTicket"],"acts_visited":["Exordium"],"potions_floor_usage":[16],"damage_taken":[{"damage":0,"enemies":"Jaw Worm","floor":1,"turns":1},{"damage":2,"enemies":"2 Louse","floor":5,"turns":2},{"damage":0,"enemies":"Lagavulin","floor":6,"turns":1},{"damage":21,"enemies":"The Mushroom Lair","floor":8,"turns":4},{"damage":26,"enemies":"Gremlin Nob","floor":10,"turns":3},{"damage":3,"enemies":"Small Slimes","floor":11,"turns":3},{"damage":3,"enemies":"Gremlin Gang","floor":12,"turns":5},{"damage":55,"enemies":"Slime Boss","floor":16,"turns":7}],"seed_played":"-1338969143021777162","potions_obtained":[{"floor":1,"key":"Regen Potion"},{"floor":5,"key":"BottledMiracle"}],"is_trial":false,"path_per_floor":["M","?","$","?","M","E","R","?","T","E","M","M","R","?","R","B"],"character_chosen":"WATCHER","items_purchased":["BattleHymn"],"campfire_rested":1,"item_purchase_floors":[3],"current_hp_per_floor":[72,77,77,77,75,75,75,54,54,28,25,22,45,45,45,0,0],"gold":171,"neow_bonus":"THREE_ENEMY_KILL","is_daily":false,"chose_seed":false,"campfire_upgraded":2,"win_rate":0.0,"timestamp":1614103123,"path_taken":["M","?","$","?","?","E","R","?","T","E","M","M","R","?","R","BOSS"],"items_purchased_type":["Card"],"build_version":"2020-12-22","purchased_purges":0,"victory":false,"max_hp_per_floor":[72,77,77,77,77,77,77,77,77,77,77,77,77,77,77,77,77],"card_choices":[{"not_picked":["WreathOfFlame","ClearTheMind"],"picked":"EmptyFist","floor":1},{"not_picked":["Crescendo","Swivel"],"picked":"PathToVictory","floor":5},{"not_picked":["JustLucky","Vengeance"],"picked":"Pray","floor":6},{"not_picked":["Crescendo","ThirdEye"],"picked":"TalkToTheHand","floor":8},{"not_picked":["BowlingBash","Perseverance"],"picked":"Prostrate","floor":10},{"not_picked":["WreathOfFlame","ForeignInfluence"],"picked":"EmptyBody","floor":11},{"not_picked":["Nirvana","Worship"],"picked":"TalkToTheHand","floor":12}],"player_experience":163023,"relics_obtained":[{"floor":6,"key":"Mummified Hand"},{"floor":8,"key":"Odd Mushroom"},{"floor":9,"key":"Pocketwatch"},{"floor":10,"key":"MealTicket"}],"event_choices":[{"damage_healed":0,"gold_gain":0,"player_choice":"Donut","damage_taken":0,"max_hp_gain":5,"max_hp_loss":0,"event_name":"Big Fish","floor":2,"gold_loss":0},{"damage_healed":0,"gold_gain":0,"player_choice":"Ignored","damage_taken":0,"max_hp_gain":0,"max_hp_loss":0,"event_name":"Shining Light","floor":4,"gold_loss":0},{"damage_healed":0,"gold_gain":0,"player_choice":"Fought Mushrooms","damage_taken":0,"max_hp_gain":0,"max_hp_loss":0,"event_name":"Mushrooms","floor":8,"gold_loss":0},{"damage_healed":0,"gold_gain":0,"player_choice":"2 cards matched","damage_taken":0,"max_hp_gain":0,"max_hp_loss":0,"event_name":"Match and Keep!","floor":14,"gold_loss":0,"cards_obtained":["Omniscience","Eruption"]}],"is_beta":false,"boss_relics":[],"items_purged_floors":[],"is_endless":false,"potions_floor_spawned":[1,5],"killed_by":"Slime Boss","ascension_level":1}}