{"host":"d2gh6suihlstufn7","time":1614074004,"event":{"mods":["AchievementEnabler","BaseMod","Colored Map","Colored Powertips","Minty Spire (QoL Compilation)","Permanent Neow","Quick Restart","StSLib","SuperFastMode"],"gold_per_floor":[118,136,136,187,257,257,257,270,342,342,111,127,78,95,95,192,192,205,3,17,116,116,116,132,132,206,222,253,253,253,263,263,263,263],"floor_reached":33,"language":"KOR","playtime":570,"items_purged":["Parasite"],"score":255,"play_id":"f6ad57c5-af74-4060-beb6-f1ec4f53e67e","local_time":"20210223185324","is_ascension_mode":false,"campfire_choices":[{"data":"Limit Break","floor":6,"key":"SMITH"},{"data":"Flex","floor":15,"key":"SMITH"},{"data":"Double Tap","floor":23,"key":"SMITH"},{"floor":25,"key":"REST"},{"floor":29,"key":"REST"},{"floor":32,"key":"REST"}],"circlet_count":0,"master_deck":["Strike_R","Strike_R","Strike_R","Strike_R","Strike_R","Defend_R+1","Defend_R+1","Defend_R","Defend_R","Bash","Limit Break+1","Pommel Strike+1","Heavy Blade+1","Perfected Strike","Pommel Strike","Flex+1","Double Tap+1","Battle Trance","J.A.X.","Heavy Blade"],"relics":["Burning Blood","StrikeDummy","Blood Vial","Paper Frog","Whetstone","SlaversCollar","Boot","Calipers"],"acts_visited":["Exordium","TheCity"],"potions_floor_usage":[20,24,28,28],"damage_taken":[{"damage":1,"enemies":"Cultist","floor":1,"turns":3},{"damage":1,"enemies":"2 Louse","floor":2,"turns":3},{"damage":3,"enemies":"Jaw Worm","floor":8,"turns":2},{"damage":12,"enemies":"Blue Slaver","floor":12,"turns":2},{"damage":0,"enemies":"Large Slime","floor":14,"turns":3},{"damage":16,"enemies":"The Guardian","floor":16,"turns":5},{"damage":2,"enemies":"Spheric Guardian","floor":18,"turns":3},{"damage":25,"enemies":"2 Thieves","floor":20,"turns":3},{"damage":32,"enemies":"Snake Plant","floor":24,"turns":3},{"damage":30,"enemies":"Sentry and Sphere","floor":27,"turns":4},{"damage":7,"enemies":"Gremlin Leader","floor":28,"turns":2},{"damage":45,"enemies":"Centurion and Healer","floor":31,"turns":4},{"damage":15,"enemies":"Champ","floor":33,"turns":4}],"seed_played":"-7602123601965833229","potions_obtained":[{"floor":2,"key":"ElixirPotion"},{"floor":16,"key":"FearPotion"},{"floor":18,"key":"PowerPotion"},{"floor":27,"key":"Block Potion"}],"is_trial":false,"path_per_floor":["M","M","?","T","?","R","?","M","T","?","$","M","$","M","R","B",null,"M","$","M","?","?","R","M","R","T","M","E","R","?","M","R","B"],"character_chosen":"IRONCLAD","items_purchased":["Whetstone","Flex","Boot","SteroidPotion"],"campfire_rested":3,"item_purchase_floors":[11,13,19,19],"current_hp_per_floor":[80,80,68,68,68,68,52,57,57,77,77,71,71,77,77,67,77,77,77,58,58,58,58,34,57,57,35,36,59,59,22,45,32,32],"gold":263,"neow_bonus":"ONE_RANDOM_RARE_CARD","is_daily":false,"chose_seed":false,"campfire_upgraded":3,"win_rate":0.0,"timestamp":1614074004,"path_taken":["M","?","?","?","?","R","?","M","T","?","?","M","?","M","R","BOSS","M","$","M","?","?","R","M","R","T","M","E","R","?","M","R","BOSS"],"items_purchased_type":["Relic","Card","Relic","Potion"],"build_version":"2020-12-22","purchased_purges":1,"victory":false,"max_hp_per_floor":[80,80,80,80,80,80,80,80,80,80,77,77,77,77,77,77,77,77,77,77,77,77,77,77,77,77,77,77,77,77,77,77,77,77],"card_choices":[{"not_picked":["Anger","Entrench"],"picked":"Pommel Strike","floor":1},{"not_picked":["Perfected Strike","Pummel"],"picked":"Heavy Blade","floor":2},{"not_picked":["Anger","Thunderclap"],"picked":"Perfected Strike","floor":8},{"not_picked":["Blood for Blood","Twin Strike"],"picked":"Pommel Strike","floor":12},{"not_picked":["Armaments","Fiend Fire","Flex"],"picked":"SKIP","floor":14},{"not_picked":["Juggernaut","Feed"],"picked":"Double Tap","floor":16},{"not_picked":["Iron Wave","Carnage+1","True Grit"],"picked":"SKIP","floor":18},{"not_picked":["Shrug It Off","Pommel Strike","Feel No Pain+1"],"picked":"SKIP","floor":20},{"not_picked":["Feel No Pain","Pommel Strike+1"],"picked":"Battle Trance","floor":24},{"not_picked":["Sentinel","True Grit+1","Anger+1"],"picked":"SKIP","floor":27},{"not_picked":["Immolate","Blood for Blood","Feel No Pain+1"],"picked":"SKIP","floor":28},{"not_picked":["Sentinel+1","Pommel Strike"],"picked":"Heavy Blade","floor":31}],"player_experience":165181,"relics_obtained":[{"floor":4,"key":"Blood Vial"},{"floor":9,"key":"Paper Frog"},{"floor":28,"key":"Calipers"}],"event_choices":[{"damage_healed":0,"gold_gain":0,"player_choice":"Success","damage_taken":12,"relics_obtained":["StrikeDummy"],"max_hp_gain":0,"max_hp_loss":0,"event_name":"Scrap Ooze","floor":3,"gold_loss":0},{"damage_healed":0,"gold_gain":70,"player_choice":"Gained Gold","damage_taken":0,"max_hp_gain":0,"max_hp_loss":0,"event_name":"Golden Wing","floor":5,"gold_loss":0},{"damage_healed":0,"gold_gain":0,"player_choice":"Entered Light","damage_taken":16,"max_hp_gain":0,"max_hp_loss":0,"event_name":"Shining Light","floor":7,"gold_loss":0,"cards_upgraded":["Defend_R","Defend_R"]},{"damage_healed":20,"gold_gain":0,"player_choice":"Healed and dodged fight","damage_taken":0,"max_hp_gain":0,"max_hp_loss":0,"event_name":"Mushrooms","floor":10,"gold_loss":0,"cards_obtained":["Parasite"]},{"damage_healed":0,"gold_gain":99,"player_choice":"Stole From Cult","damage_taken":0,"max_hp_gain":0,"max_hp_loss":0,"event_name":"Nest","floor":21,"gold_loss":0},{"damage_healed":0,"gold_gain":0,"player_choice":"Ignored","damage_taken":0,"max_hp_gain":0,"max_hp_loss":0,"event_name":"Cursed Tome","floor":22,"gold_loss":0},{"damage_healed":0,"gold_gain":0,"player_choice":"Obtain J.A.X.","damage_taken":0,"max_hp_gain":0,"max_hp_loss":0,"event_name":"Drug Dealer","floor":30,"gold_loss":0,"cards_obtained":["J.A.X."]}],"is_beta":false,"boss_relics":[{"not_picked":["Velvet Choker","Snecko Eye"],"picked":"SlaversCollar"}],"items_purged_floors":[11],"is_endless":false,"potions_floor_spawned":[2,16,18,27],"killed_by":"Champ","ascension_level":0}}