{"host":"iv24d026eac8pm4e","time":1614058442,"event":{"mods":["BaseMod","Minty Spire (QoL Compilation)"],"gold_per_floor":[112,129,129,139,158,158,193,193,242,258,274,274,274,316,316,316,316],"floor_reached":16,"language":"ENG","playtime":551,"items_purged":[],"score":207,"play_id":"5942915d-e64a-493f-a773-1882777ef42c","local_time":"20210222213402","is_ascension_mode":true,"campfire_choices":[{"data":"Beam Cell","floor":6,"key":"SMITH"},{"data":"Recycle","floor":8,"key":"SMITH"},{"floor":12,"key":"REST"},{"data":"Scrape","floor":15,"key":"SMITH"}],"circlet_count":0,"master_deck":["AscendersBane","Strike_B","Strike_B","Strike_B","Strike_B+1","Defend_B","Defend_B","Defend_B","Defend_B","Zap","Dualcast","Conserve Battery","Sweeping Beam","Cold Snap+1","Beam Cell+1","Recycle+1","Scrape+1","Doom and Gloom","Streamline"],"relics":["Cracked Core","Shuriken","Centennial Puzzle","Golden Idol","CeramicFish"],"acts_visited":["Exordium"],"potions_floor_usage":[10,16,16],"damage_taken":[{"damage":0,"enemies":"Small Slimes","floor":1,"turns":3},{"damage":2,"enemies":"Jaw Worm","floor":2,"turns":4},{"damage":1,"enemies":"Cultist","floor":4,"turns":3},{"damage":0,"enemies":"3 Louse","floor":5,"turns":3},{"damage":14,"enemies":"Gremlin Nob","floor":7,"turns":4},{"damage":5,"enemies":"Red Slaver","floor":10,"turns":2},{"damage":6,"enemies":"Looter","floor":11,"turns":2},{"damage":16,"enemies":"Lagavulin","floor":14,"turns":6},{"damage":20,"enemies":"The Guardian","floor":16,"turns":7}],"seed_played":"-5748960667562260788","potions_obtained":[{"floor":2,"key":"Weak Potion"},{"floor":5,"key":"Explosive Potion"},{"floor":14,"key":"AttackPotion"}],"is_trial":false,"path_per_floor":["M","M","?","M","M","R","E","R","T","M","M","R","?","E","R","B"],"character_chosen":"DEFECT","items_purchased":[],"campfire_rested":1,"item_purchase_floors":[],"current_hp_per_floor":[64,62,41,40,40,40,26,26,26,21,15,36,36,20,20,0,0],"gold":316,"neow_bonus":"THREE_CARDS","is_daily":false,"chose_seed":false,"campfire_upgraded":3,"win_rate":0.0,"timestamp":1614058442,"path_taken":["M","M","?","M","M","R","E","R","T","M","M","R","?","E","R","BOSS"],"items_purchased_type":[],"build_version":"2020-12-22","purchased_purges":0,"victory":false,"max_hp_per_floor":[71,71,71,71,71,71,71,71,71,71,71,71,64,64,64,64,64],"card_choices":[{"not_picked":["Recycle","Stack"],"picked":"Conserve Battery","floor":0},{"not_picked":["Go for the Eyes","Conserve Battery"],"picked":"Sweeping Beam","floor":1},{"not_picked":["Redo","Recycle"],"picked":"Cold Snap","floor":2},{"not_picked":["Blizzard","Gash"],"picked":"Beam Cell","floor":4},{"not_picked":["Auto Shields","Tempest"],"picked":"Recycle","floor":5},{"not_picked":["Stack","Auto Shields","Static Discharge"],"picked":"SKIP","floor":7},{"not_picked":["Storm","Doom and Gloom"],"picked":"Scrape","floor":10},{"not_picked":["Amplify","Leap"],"picked":"Doom and Gloom","floor":11},{"not_picked":["Turbo","Steam Power"],"picked":"Streamline","floor":14}],"player_experience":2595954,"relics_obtained":[{"floor":7,"key":"Shuriken"},{"floor":9,"key":"Centennial Puzzle"},{"floor":14,"key":"CeramicFish"}],"event_choices":[{"damage_healed":0,"gold_gain":0,"player_choice":"Entered Light","damage_taken":21,"max_hp_gain":0,"max_hp_loss":0,"event_name":"Shining Light","floor":3,"gold_loss":0,"cards_upgraded":["Strike_B","Cold Snap"]},{"damage_healed":0,"gold_gain":0,"player_choice":"Lose Max HP","damage_taken":0,"relics_obtained":["Golden Idol"],"max_hp_gain":0,"max_hp_loss":7,"event_name":"Golden Idol","floor":13,"gold_loss":0}],"is_beta":false,"boss_relics":[],"items_purged_floors":[],"is_endless":false,"potions_floor_spawned":[2,5,14],"killed_by":"The Guardian","ascension_level":17}}