{"host":"7i9kzfgwpge1zarj","time":1614109014,"event":{"mods":["BaseMod","Colored Map","Minty Spire (QoL Compilation)","Permanent Neow","Relic Stats","StSLib"],"gold_per_floor":[15,15,28,42,42,68,68,103,149,204,204,379,420,463,463,565,565,609,253,299,318,318,344,344,369,369,396,396,396,4,4,4,132,132,148,1,16,32,42,42,91,175,198,215,215,215,215],"floor_reached":46,"language":"ENG","playtime":7750,"items_purged":["Defend_P","Defend_P"],"score":826,"play_id":"11c6da1c-af90-42bb-8e14-f470c57de57c","local_time":"20210223143654","is_ascension_mode":true,"campfire_choices":[{"data":"SashWhip","floor":7.0,"key":"SMITH"},{"data":"Wish","floor":11.0,"key":"SMITH"},{"floor":15.0,"key":"REST"},{"data":"Fasting2","floor":24.0,"key":"SMITH"},{"data":"Scrawl","floor":29.0,"key":"SMITH"},{"floor":32.0,"key":"REST"},{"floor":40.0,"key":"REST"}],"circlet_count":0,"master_deck":["Defend_P","Eruption+1","Vigilance+1","Blasphemy+1","FlurryOfBlows","SashWhip+1","FlyingSleeves","BowlingBash","DeceiveReality+1","Wish+1","Consecrate+1","Wireheading+1","Establishment","Halt+1","EmptyFist+1","Prostrate+1","Perseverance+1","CutThroughFate+1","ClearTheMind+1","DevaForm","Fasting2+1","Prostrate+1","Scrawl+1","Perseverance+1","Bite+1","Bite+1","Bite+1","Bite+1","Bite+1","TalkToTheHand+1","Study+1","LessonLearned+1","TalkToTheHand+1","Prostrate+1","Wallop+1","PathToVictory+1","Wish","Crescendo","JustLucky+1","JustLucky+1"],"relics":["PureWater","Question Card","Regal Pillow","Omamori","Molten Egg 2","Astrolabe","Medical Kit","TungstenRod","StrikeDummy","Ornamental Fan","Frozen Egg 2","Blood Vial","TeardropLocket","Runic Pyramid","Vajra"],"acts_visited":["Exordium","TheCity","TheBeyond"],"potions_floor_usage":[44],"damage_taken":[{"damage":0.0,"enemies":"2 Louse","floor":1.0,"turns":1.0},{"damage":0.0,"enemies":"Small Slimes","floor":3.0,"turns":1.0},{"damage":2.0,"enemies":"Jaw Worm","floor":4.0,"turns":2.0},{"damage":5.0,"enemies":"3 Sentries","floor":6.0,"turns":3.0},{"damage":11.0,"enemies":"Lagavulin","floor":8.0,"turns":5.0},{"damage":10.0,"enemies":"Gremlin Nob","floor":10.0,"turns":3.0},{"damage":9.0,"enemies":"Exordium Thugs","floor":13.0,"turns":3.0},{"damage":0.0,"enemies":"Blue Slaver","floor":14.0,"turns":2.0},{"damage":0.0,"enemies":"The Guardian","floor":16.0,"turns":10.0},{"damage":29.0,"enemies":"2 Thieves","floor":18.0,"turns":4.0},{"damage":0.0,"enemies":"Spheric Guardian","floor":20.0,"turns":3.0},{"damage":0.0,"enemies":"3 Cultists","floor":21.0,"turns":3.0},{"damage":21.0,"enemies":"Book of Stabbing","floor":23.0,"turns":4.0},{"damage":7.0,"enemies":"Gremlin Leader","floor":25.0,"turns":4.0},{"damage":27.0,"enemies":"Book of Stabbing","floor":27.0,"turns":4.0},{"damage":43.0,"enemies":"Collector","floor":33.0,"turns":6.0},{"damage":13.0,"enemies":"Orb Walker","floor":35.0,"turns":6.0},{"damage":22.0,"enemies":"3 Shapes","floor":37.0,"turns":5.0},{"damage":19.0,"enemies":"Transient","floor":38.0,"turns":5.0},{"damage":27.0,"enemies":"Jaw Worm Horde","floor":39.0,"turns":5.0},{"damage":0.0,"enemies":"Maw","floor":41.0,"turns":8.0},{"damage":42.0,"enemies":"Nemesis","floor":42.0,"turns":15.0},{"damage":50,"enemies":"3 Darklings","floor":44,"turns":5},{"damage":21,"enemies":"4 Shapes","floor":46,"turns":1}],"seed_played":"7825999636510959602","potions_obtained":[{"floor":6.0,"key":"Weak Potion"},{"floor":8.0,"key":"EssenceOfSteel"},{"floor":13.0,"key":"SpeedPotion"},{"floor":20.0,"key":"Energy Potion"},{"floor":23.0,"key":"Weak Potion"},{"floor":27.0,"key":"DuplicationPotion"},{"floor":35.0,"key":"EssenceOfSteel"},{"floor":37.0,"key":"SpeedPotion"},{"floor":44,"key":"SpeedPotion"}],"is_trial":false,"path_per_floor":["M","?","M","M","?","E","R","E","T","E","R","?","M","M","R","B",null,"M","$","M","M","?","E","R","E","T","E","?","R","$","T","R","B",null,"M","$","M","M","M","R","M","E","T","M","?","M"],"character_chosen":"WATCHER","items_purchased":["CutThroughFate+1","Medical Kit","ClearTheMind","Fire Potion","TalkToTheHand+1","Study+1","Blood Vial","Fruit Juice","Prostrate"],"campfire_rested":3,"item_purchase_floors":[19,19,19,19,30,30,30,30,36],"current_hp_per_floor":[65,65,65,63,49,44,44,33,33,23,23,23,14,14,50,50,67,38,38,38,38,62,41,41,34,34,7,7,7,7,7,37,22,47,45,45,28,26,10,41,55,54,54,17,17,0,0],"gold":215,"neow_bonus":"THREE_RARE_CARDS","is_daily":false,"chose_seed":false,"campfire_upgraded":4,"win_rate":0.0,"timestamp":1614109014,"path_taken":["M","?","M","M","?","E","R","E","T","E","R","?","M","?","R","BOSS","M","$","M","M","?","E","R","E","T","E","?","R","$","?","R","BOSS","M","?","M","M","M","R","M","E","T","M","?","?"],"items_purchased_type":["Card","Relic","Card","Potion","Card","Card","Relic","Potion","Card"],"build_version":"2020-12-22","purchased_purges":2,"victory":false,"max_hp_per_floor":[72,72,72,72,72,72,72,72,72,72,72,72,72,72,72,72,72,72,72,72,72,72,72,72,72,72,72,50,50,50,50,50,55,55,55,55,55,55,55,55,55,55,55,55,55,55,55],"relic_stats":{"Blood Vial":15,"Regal Pillow":45,"counters":[24,108],"Ornamental Fan":[132],"Astrolabe":["Halt","EmptyFist","Prostrate"],"Question Card":19,"Medical Kit":[6],"obtain_stats":[{"Regal Pillow":8,"Astrolabe":17,"Vajra":42,"Omamori":9,"TeardropLocket":31,"Frozen Egg 2":27,"Question Card":6,"Medical Kit":19,"Blood Vial":30,"Ornamental Fan":26,"Molten Egg 2":10,"PureWater":0,"StrikeDummy":25,"TungstenRod":23,"Runic Pyramid":34},{"Regal Pillow":5,"Astrolabe":9,"Vajra":22,"Omamori":5,"TeardropLocket":15,"Frozen Egg 2":15,"Question Card":4,"Medical Kit":10,"Blood Vial":15,"Ornamental Fan":14,"Molten Egg 2":6,"PureWater":0,"StrikeDummy":14,"TungstenRod":13,"Runic Pyramid":16},{"Regal Pillow":12,"Astrolabe":30,"Vajra":102,"Omamori":12,"TeardropLocket":52,"Frozen Egg 2":52,"Question Card":7,"Medical Kit":34,"Blood Vial":52,"Ornamental Fan":48,"Molten Egg 2":15,"PureWater":0,"StrikeDummy":48,"TungstenRod":44,"Runic Pyramid":58}],"TungstenRod":38},"card_choices":[{"not_picked":["Judgement","ConjureBlade"],"picked":"Blasphemy","floor":0.0},{"not_picked":["FollowUp","BowlingBash"],"picked":"FlurryOfBlows","floor":1.0},{"not_picked":["Sanctity","LikeWater"],"picked":"FlyingSleeves","floor":3.0},{"not_picked":["FollowUp","Sanctity"],"picked":"BowlingBash","floor":4.0},{"not_picked":["SandsOfTime","MentalFortress"],"picked":"DeceiveReality","floor":6.0},{"not_picked":["Pray","EmptyMind","ReachHeaven"],"picked":"Wish","floor":8.0},{"not_picked":["WreathOfFlame","Study","FlurryOfBlows+1","Crescendo"],"picked":"SKIP","floor":10.0},{"not_picked":["CrushJoints+1","Sanctity","Evaluate"],"picked":"Consecrate+1","floor":13.0},{"not_picked":["Sanctity","Prostrate","EmptyMind"],"picked":"Wireheading","floor":14.0},{"not_picked":["Blasphemy","Alpha","Ragnarok+1"],"picked":"Establishment","floor":16.0},{"not_picked":["SashWhip+1","PathToVictory","EmptyBody+1"],"picked":"Perseverance+1","floor":18.0},{"not_picked":["BowlingBash+1","Evaluate+1","Crescendo+1"],"picked":"DevaForm","floor":20.0},{"not_picked":["DeceiveReality","FearNoEvil+1","MentalFortress"],"picked":"Fasting2","floor":21.0},{"not_picked":["Fasting2","FlyingSleeves+1","ForeignInfluence"],"picked":"Prostrate+1","floor":23.0},{"not_picked":["Perseverance+1","CrushJoints+1","FlurryOfBlows+1"],"picked":"Scrawl","floor":25.0},{"not_picked":["SignatureMove+1","FlurryOfBlows+1","Crescendo"],"picked":"Perseverance+1","floor":27.0},{"not_picked":["Ragnarok+1","Judgement","Wish"],"picked":"LessonLearned+1","floor":33.0},{"not_picked":["Evaluate+1","Perseverance","ClearTheMind"],"picked":"TalkToTheHand+1","floor":35.0},{"not_picked":["Swivel","BowlingBash+1","ClearTheMind+1","Prostrate"],"picked":"SKIP","floor":37.0},{"not_picked":["Consecrate+1","CrushJoints+1","FollowUp+1"],"picked":"Wallop+1","floor":38.0},{"not_picked":["ForeignInfluence+1","Protect","CutThroughFate+1"],"picked":"PathToVictory+1","floor":39.0},{"not_picked":["Wallop+1","FlurryOfBlows+1","ForeignInfluence"],"picked":"Wish","floor":41.0},{"not_picked":["FollowUp+1","Pray","SashWhip+1"],"picked":"Crescendo","floor":42.0},{"not_picked":["SignatureMove+1","ThirdEye+1","Wallop+1"],"picked":"JustLucky+1","floor":44}],"player_experience":583132,"relics_obtained":[{"floor":6.0,"key":"Question Card"},{"floor":8.0,"key":"Regal Pillow"},{"floor":9.0,"key":"Omamori"},{"floor":10.0,"key":"Molten Egg 2"},{"floor":23.0,"key":"TungstenRod"},{"floor":25.0,"key":"StrikeDummy"},{"floor":26.0,"key":"Ornamental Fan"},{"floor":27.0,"key":"Frozen Egg 2"},{"floor":31.0,"key":"TeardropLocket"},{"floor":42.0,"key":"Vajra"}],"event_choices":[{"damage_healed":0.0,"max_hp_gain":0.0,"max_hp_loss":0.0,"gold_gain":0.0,"cards_transformed":["Strike_P"],"event_name":"Living Wall","player_choice":"Change","floor":2.0,"gold_loss":0.0,"damage_taken":0.0,"cards_obtained":["SashWhip"]},{"damage_healed":0.0,"max_hp_gain":0.0,"max_hp_loss":0.0,"gold_gain":0.0,"event_name":"Shining Light","player_choice":"Entered Light","floor":5.0,"gold_loss":0.0,"damage_taken":14.0,"cards_upgraded":["Strike_P","Blasphemy"]},{"damage_healed":0.0,"max_hp_gain":0.0,"max_hp_loss":0.0,"gold_gain":175.0,"event_name":"Liars Game","player_choice":"AGREE","floor":12.0,"gold_loss":0.0,"damage_taken":0.0,"cards_obtained":["Doubt"]},{"damage_healed":24.0,"max_hp_gain":0.0,"max_hp_loss":0.0,"gold_gain":0.0,"event_name":"The Library","player_choice":"Heal","floor":22.0,"gold_loss":0.0,"damage_taken":0.0},{"damage_healed":0.0,"max_hp_gain":0.0,"max_hp_loss":22.0,"gold_gain":0.0,"event_name":"Vampires","player_choice":"Became a vampire","floor":28.0,"gold_loss":0.0,"damage_taken":0.0,"cards_obtained":["Bite","Bite","Bite","Bite","Bite"]},{"damage_healed":0,"gold_gain":0,"player_choice":"Copied","damage_taken":0,"max_hp_gain":0,"max_hp_loss":0,"event_name":"Duplicator","floor":45,"gold_loss":0,"cards_obtained":["JustLucky"]}],"is_beta":false,"boss_relics":[{"not_picked":["Sozu","Black Star"],"picked":"Astrolabe"},{"not_picked":["Cursed Key","Busted Crown"],"picked":"Runic Pyramid"}],"items_purged_floors":[19,36],"is_endless":false,"potions_floor_spawned":[6,8,13,20,23,27,35,37,44],"killed_by":"4 Shapes","ascension_level":6}}