{"host":"wbn3xdfsa5pc2kse","time":1614079095,"event":{"mods":["AchievementEnabler","BaseMod","Bestiary","Colored Map","Colored Powertips","Curses Come First","Highlight Path","Minty Spire (QoL Compilation)","Permanent Neow","Rare Cards Sparkle","Relic Stats","StSLib"],"gold_per_floor":[116,134,1,1,15,43,62,88,159,191,209,209,238,163,163,235,235,248,248,263,14,27,59,59,59,86,86,97,107,142,17,17,88,88,98,0,0,0,12,12,45,45,45,55,0,27,27,46,46,46,46,46,46,46,46],"floor_reached":54,"language":"ZHT","playtime":3066,"items_purged":["Strike_R","Pummel","Defend_R"],"score":1623,"play_id":"525ce5fe-1e20-4215-afa4-def01cec6a54","local_time":"20210223191815","is_ascension_mode":true,"campfire_choices":[{"data":"Uppercut","floor":12.0,"key":"SMITH"},{"data":"Metallicize","floor":15.0,"key":"SMITH"},{"data":"Entrench","floor":24.0,"key":"SMITH"},{"data":"Barricade","floor":27.0,"key":"SMITH"},{"floor":32.0,"key":"REST"},{"floor":40.0,"key":"RECALL"},{"floor":42.0,"key":"REST"},{"data":"Entrench","floor":47.0,"key":"SMITH"},{"data":"Dual Wield","floor":49.0,"key":"SMITH"},{"data":"True Grit","floor":52.0,"key":"SMITH"}],"circlet_count":0,"master_deck":["AscendersBane","Defend_R","Defend_R","Defend_R","Dropkick","Anger","Uppercut+1","True Grit+1","Shrug It Off","Armaments","Metallicize+1","Pommel Strike","Barricade+1","Dual Wield+1","Feed","Havoc+1","Entrench+1","Juggernaut","Entrench+1","Body Slam+1","Exhume","Battle Trance","Reaper","Flame Barrier+1","Shame","Disarm+1"],"relics":["Burning Blood","Strawberry","FossilizedHelix","Self Forming Clay","Regal Pillow","Red Skull","Cursed Key","Omamori","Potion Belt","Nunchaku","Philosopher\u0027s Stone","Red Mask","Toxic Egg 2","Lantern","Turnip"],"acts_visited":["Exordium","TheCity","TheBeyond","TheEnding"],"potions_floor_usage":[54,54],"damage_taken":[{"damage":6.0,"enemies":"Cultist","floor":1.0,"turns":4.0},{"damage":7.0,"enemies":"Jaw Worm","floor":2.0,"turns":3.0},{"damage":5.0,"enemies":"Small Slimes","floor":5.0,"turns":3.0},{"damage":21.0,"enemies":"Gremlin Nob","floor":6.0,"turns":4.0},{"damage":0.0,"enemies":"3 Louse","floor":7.0,"turns":5.0},{"damage":18.0,"enemies":"3 Sentries","floor":8.0,"turns":10.0},{"damage":3.0,"enemies":"Gremlin Nob","floor":10.0,"turns":4.0},{"damage":0.0,"enemies":"Looter","floor":11.0,"turns":3.0},{"damage":15.0,"enemies":"3 Sentries","floor":13.0,"turns":11.0},{"damage":0.0,"enemies":"The Guardian","floor":16.0,"turns":14.0},{"damage":2.0,"enemies":"Chosen","floor":18.0,"turns":8.0},{"damage":1.0,"enemies":"Shell Parasite","floor":20.0,"turns":8.0},{"damage":17.0,"enemies":"Snake Plant","floor":22.0,"turns":6.0},{"damage":7.0,"enemies":"Book of Stabbing","floor":23.0,"turns":9.0},{"damage":19.0,"enemies":"3 Cultists","floor":28.0,"turns":7.0},{"damage":15.0,"enemies":"Shelled Parasite and Fungi","floor":29.0,"turns":8.0},{"damage":24.0,"enemies":"Slavers","floor":30.0,"turns":12.0},{"damage":0.0,"enemies":"Champ","floor":33.0,"turns":14.0},{"damage":41.0,"enemies":"3 Darklings","floor":35.0,"turns":8.0},{"damage":10.0,"enemies":"3 Shapes","floor":39.0,"turns":5.0},{"damage":71.0,"enemies":"Reptomancer","floor":41.0,"turns":8.0},{"damage":31.0,"enemies":"3 Darklings","floor":44.0,"turns":7.0},{"damage":0.0,"enemies":"Giant Head","floor":46.0,"turns":16.0},{"damage":0.0,"enemies":"Writhing Mass","floor":48.0,"turns":8.0},{"damage":70.0,"enemies":"Awakened One","floor":50.0,"turns":11.0},{"damage":140,"enemies":"Shield and Spear","floor":54,"turns":8}],"seed_played":"3979602086949858660","potions_obtained":[{"floor":1.0,"key":"ColorlessPotion"},{"floor":6.0,"key":"BloodPotion"},{"floor":7.0,"key":"AttackPotion"},{"floor":13.0,"key":"SkillPotion"},{"floor":16.0,"key":"DuplicationPotion"},{"floor":20.0,"key":"SpeedPotion"},{"floor":23.0,"key":"Energy Potion"},{"floor":33.0,"key":"FearPotion"},{"floor":41.0,"key":"LiquidMemories"},{"floor":44.0,"key":"BlessingOfTheForge"},{"floor":48.0,"key":"BloodPotion"}],"is_trial":false,"path_per_floor":["M","M","$","?","M","E","M","E","T","E","M","R","E","?","R","B",null,"M","?","M","$","M","E","R","?","T","R","M","M","E","$","R","B",null,"M","?","?","T","M","R","E","R","T","M","$","E","R","M","R","B",null,"R","$","E"],"character_chosen":"IRONCLAD","items_purchased":["True Grit","Juggernaut","PowerPotion"],"campfire_rested":2,"item_purchase_floors":[3,21,45],"current_hp_per_floor":[68,67,67,67,68,60,66,54,54,57,63,63,54,54,54,75,75,75,75,78,78,67,69,69,69,69,69,59,57,39,39,81,91,94,67,67,67,67,66,66,11,55,55,43,43,60,60,70,70,51,92,92,92,0,0],"gold":46,"neow_bonus":"TRANSFORM_TWO_CARDS","is_daily":false,"chose_seed":false,"campfire_upgraded":7,"win_rate":0.0,"timestamp":1614079095,"path_taken":["M","?","$","?","?","E","M","E","T","E","M","R","E","?","R","BOSS","M","?","M","$","M","E","R","?","T","R","M","?","E","?","R","BOSS","M","?","?","?","M","R","E","R","T","M","$","E","R","M","R","BOSS","R","$","E"],"items_purchased_type":["Card","Card","Potion"],"build_version":"2020-12-22","purchased_purges":3,"victory":false,"max_hp_per_floor":[68,68,68,68,68,75,75,75,75,75,75,75,75,75,75,75,75,75,75,78,78,78,81,81,81,81,81,84,91,91,91,91,95,95,95,95,95,95,98,98,98,98,98,101,101,105,105,105,105,105,105,105,105,105,105],"relic_stats":{"Regal Pillow":30,"Nunchaku":[12],"counters":[26,204],"Self Forming Clay":[168],"Turnip":[6],"Cursed Key":3,"obtain_stats":[{"Potion Belt":26,"Regal Pillow":10,"Lantern":41,"Self Forming Clay":9,"Omamori":23,"Cursed Key":17,"Burning Blood":0,"Nunchaku":30,"Strawberry":6,"Philosopher\u0027s Stone":34,"Turnip":46,"Red Mask":36,"Toxic Egg 2":38,"FossilizedHelix":8,"Red Skull":13},{"Potion Belt":14,"Regal Pillow":7,"Lantern":21,"Self Forming Clay":6,"Omamori":14,"Cursed Key":10,"Burning Blood":0,"Nunchaku":17,"Strawberry":4,"Philosopher\u0027s Stone":18,"Turnip":23,"Red Mask":19,"Toxic Egg 2":19,"FossilizedHelix":6,"Red Skull":9},{"Potion Belt":92,"Regal Pillow":33,"Lantern":154,"Self Forming Clay":29,"Omamori":92,"Cursed Key":61,"Burning Blood":0,"Nunchaku":119,"Strawberry":14,"Philosopher\u0027s Stone":133,"Turnip":177,"Red Mask":141,"Toxic Egg 2":141,"FossilizedHelix":29,"Red Skull":47}],"Burning Blood":141},"card_choices":[{"not_picked":["Searing Blow","Headbutt"],"picked":"Anger","floor":1.0},{"not_picked":["Iron Wave","Pummel"],"picked":"Uppercut","floor":2.0},{"not_picked":["Spot Weakness","Sword Boomerang"],"picked":"Shrug It Off","floor":5.0},{"not_picked":["Twin Strike","Wild Strike"],"picked":"Armaments","floor":6.0},{"not_picked":["Perfected Strike","Cleave"],"picked":"Metallicize","floor":7.0},{"not_picked":["Seeing Red","Fiend Fire"],"picked":"Pommel Strike","floor":8.0},{"not_picked":["Second Wind","Thunderclap"],"picked":"Barricade","floor":10.0},{"not_picked":["Armaments","Headbutt","Pommel Strike"],"picked":"SKIP","floor":11.0},{"not_picked":["Armaments","Headbutt","Pommel Strike"],"picked":"SKIP","floor":11.0},{"not_picked":["Fire Breathing","Sentinel"],"picked":"Dual Wield","floor":13.0},{"not_picked":["Brutality","Double Tap"],"picked":"Feed","floor":16.0},{"not_picked":["Uppercut","Burning Pact"],"picked":"Havoc+1","floor":18.0},{"not_picked":["Anger","Searing Blow","Heavy Blade"],"picked":"SKIP","floor":20.0},{"not_picked":["Anger","Searing Blow","Heavy Blade"],"picked":"SKIP","floor":20.0},{"not_picked":["Havoc","Iron Wave+1","Clash"],"picked":"SKIP","floor":22.0},{"not_picked":["Flex","Wild Strike"],"picked":"Entrench","floor":23.0},{"not_picked":["Whirlwind","Intimidate"],"picked":"Body Slam+1","floor":28.0},{"not_picked":["Sword Boomerang","Thunderclap"],"picked":"Exhume","floor":29.0},{"not_picked":["Thunderclap","Cleave"],"picked":"Battle Trance","floor":30.0},{"not_picked":["Barricade","Limit Break"],"picked":"Reaper","floor":33.0},{"not_picked":["Thunderclap","Wild Strike+1","Sword Boomerang"],"picked":"SKIP","floor":35.0},{"not_picked":["Twin Strike","Rupture","Clothesline"],"picked":"SKIP","floor":39.0},{"not_picked":["Evolve","Headbutt"],"picked":"Flame Barrier+1","floor":41.0},{"not_picked":["Feel No Pain","Evolve"],"picked":"Disarm+1","floor":44.0},{"not_picked":["Uppercut","Clash","Blood for Blood"],"picked":"SKIP","floor":46.0},{"not_picked":["Armaments+1","Perfected Strike+1","Body Slam"],"picked":"SKIP","floor":48.0}],"player_experience":855853,"relics_obtained":[{"floor":6.0,"key":"Strawberry"},{"floor":8.0,"key":"FossilizedHelix"},{"floor":9.0,"key":"Self Forming Clay"},{"floor":10.0,"key":"Regal Pillow"},{"floor":13.0,"key":"Red Skull"},{"floor":23.0,"key":"Omamori"},{"floor":26.0,"key":"Potion Belt"},{"floor":30.0,"key":"Nunchaku"},{"floor":38.0,"key":"Toxic Egg 2"},{"floor":41.0,"key":"Lantern"},{"floor":46.0,"key":"Turnip"}],"event_choices":[{"cards_removed":["Strike_R"],"damage_healed":0.0,"max_hp_gain":0.0,"max_hp_loss":0.0,"gold_gain":0.0,"event_name":"Purifier","player_choice":"Purged","floor":4.0,"gold_loss":0.0,"damage_taken":0.0},{"cards_removed":["Strike_R"],"damage_healed":0.0,"max_hp_gain":0.0,"max_hp_loss":0.0,"gold_gain":0.0,"event_name":"The Cleric","player_choice":"Card Removal","floor":14.0,"gold_loss":75.0,"damage_taken":0.0},{"damage_healed":0.0,"max_hp_gain":0.0,"max_hp_loss":0.0,"gold_gain":0.0,"event_name":"The Library","player_choice":"Read","floor":19.0,"gold_loss":0.0,"damage_taken":0.0,"cards_obtained":["Entrench"]},{"damage_healed":0.0,"max_hp_gain":0.0,"max_hp_loss":0.0,"gold_gain":0.0,"event_name":"Tomb of Lord Red Mask","player_choice":"Paid","floor":36.0,"gold_loss":98.0,"damage_taken":0.0,"relics_obtained":["Red Mask"]},{"cards_removed":["Bash"],"damage_healed":0.0,"max_hp_gain":0.0,"max_hp_loss":0.0,"gold_gain":0.0,"event_name":"Falling","player_choice":"Removed Attack","floor":37.0,"gold_loss":0.0,"damage_taken":0.0}],"is_beta":false,"boss_relics":[{"not_picked":["Runic Dome","Fusion Hammer"],"picked":"Cursed Key"},{"not_picked":["Pandora\u0027s Box","Empty Cage"],"picked":"Philosopher\u0027s Stone"}],"items_purged_floors":[3,21,31],"is_endless":false,"potions_floor_spawned":[1,6,7,13,16,20,23,33,41,44,48],"killed_by":"Shield and Spear","ascension_level":16}}