{"host":"lrlpjk0euiz9m2wl","time":1614103782,"event":{"mods":["AchievementEnabler","BaseMod","BetterRewards","Downfall","Minty Spire (QoL Compilation)","StSLib"],"gold_per_floor":[110,123,135,145,157,157,180,80,98,98,123,139,158,172,72,175,175,193,207,307,33,43,43,66,42,60,74,74,74,102,202,219,321,321,221,237,250,266,266,22,22,22,22,122,122,132,51,70,84,84,84,112,33,33,33,33],"floor_reached":57,"language":"ENG","playtime":7935,"items_purged":["champ:Defend","champ:Defend"],"score":1157,"play_id":"f0463a39-4c5e-412d-8911-c9c1ca26415f","local_time":"20210223190942","is_ascension_mode":false,"campfire_choices":[{"floor":6.0,"key":"RECALL"},{"data":"champ:PerfectedStrike","floor":8.0,"key":"SMITH"},{"data":"champ:Endure","floor":10.0,"key":"SMITH"},{"data":"champ:StanceDance","floor":15.0,"key":"SMITH"},{"data":"Apotheosis","floor":23.0,"key":"SMITH"},{"data":"champ:UltimateStance","floor":28.0,"key":"SMITH"},{"data":"champ:DancingMaster","floor":35.0,"key":"SMITH"},{"data":"expansioncontent:InvincibleStrength","floor":42.0,"key":"SMITH"},{"data":"expansioncontent:PrepareCrush","floor":45.0,"key":"SMITH"},{"data":"champ:GladiatorStyle","floor":54,"key":"SMITH"}],"circlet_count":0,"master_deck":["champ:Strike+1","champ:Strike","champ:Defend","champ:Defend+1","champ:Execute","champ:Taunt+1","champ:ShieldSlam","champ:PerfectedStrike+1","champ:Endure+1","champ:ArenaPreparation","champ:PerfectedStrike","champ:GutPunch","champ:UltimateStance+1","champ:CrookedStrike","champ:StanceDance+1","champ:VampiricStrike","champ:BladeFlurry+1","champ:HoldFirm","champ:RapidStrikes+1","J.A.X.","Apotheosis+1","champ:GladiatorStyle+1","champ:DancingMaster+1","champ:StanceDance","expansioncontent:PrepareCrush+1","expansioncontent:InvincibleStrength+1","expansioncontent:AwakenDeath","champ:Endure","champ:GladiatorStyle","Parasite","champ:BringItOn","champ:FlashCut+1","champ:Haymaker+1","champ:GladiatorStyle+1"],"relics":["champ:ChampionCrown","downfall:HeartBlessingRed","Bag of Marbles","downfall:HeartBlessingGreen","Busted Crown","MutagenicStrength","MealTicket","Ornamental Fan","War Paint","Du-Vu Doll","HornCleat","SlaversCollar","downfall:HeartBlessingBlue","HandDrill","Oddly Smooth Stone","downfall:ExtraCursedKey","downfall:GremlinWheel","Boot","Whetstone"],"acts_visited":["Exordium","TheCity","TheBeyond","TheEnding"],"potions_floor_usage":[55],"damage_taken":[{"damage":23.0,"enemies":"Small Slimes","floor":1.0,"turns":4.0},{"damage":13.0,"enemies":"Jaw Worm","floor":2.0,"turns":4.0},{"damage":10.0,"enemies":"2 Louse","floor":3.0,"turns":2.0},{"damage":9.0,"enemies":"Lots of Slimes","floor":4.0,"turns":6.0},{"damage":10.0,"enemies":"Red Slaver","floor":5.0,"turns":3.0},{"damage":14.0,"enemies":"Gremlin Gang","floor":9.0,"turns":6.0},{"damage":24.0,"enemies":"Lagavulin","floor":11.0,"turns":6.0},{"damage":17.0,"enemies":"downfall:LooterAlt","floor":12.0,"turns":2.0},{"damage":10.0,"enemies":"3 Louse","floor":13.0,"turns":3.0},{"damage":0.0,"enemies":"Blue Slaver","floor":14.0,"turns":2.0},{"damage":28.0,"enemies":"SI_SHIV_ARCHETYPE","floor":16.0,"turns":5.0},{"damage":45.0,"enemies":"Shell Parasite","floor":18.0,"turns":4.0},{"damage":10.0,"enemies":"3 Byrds","floor":19.0,"turns":4.0},{"damage":31.0,"enemies":"downfall:Augmenter","floor":20.0,"turns":6.0},{"damage":28.0,"enemies":"downfall:FleeingMerchant","floor":21.0,"turns":4.0},{"damage":20.0,"enemies":"Snecko","floor":22.0,"turns":2.0},{"damage":8.0,"enemies":"downfall:FleeingMerchant","floor":25.0,"turns":4.0},{"damage":0.0,"enemies":"Sentry and Sphere","floor":26.0,"turns":1.0},{"damage":7.0,"enemies":"Snake Plant","floor":27.0,"turns":3.0},{"damage":20.0,"enemies":"Book of Stabbing","floor":30.0,"turns":2.0},{"damage":3.0,"enemies":"IC_STATUS_ARCHETYPE","floor":31.0,"turns":2.0},{"damage":20.0,"enemies":"Chosen and Byrds","floor":32.0,"turns":5.0},{"damage":35.0,"enemies":"DF_ARCHETYPE_CLAW","floor":33.0,"turns":5.0},{"damage":15.0,"enemies":"Orb Walker","floor":36.0,"turns":2.0},{"damage":15.0,"enemies":"3 Shapes","floor":37.0,"turns":5.0},{"damage":40.0,"enemies":"3 Darklings","floor":38.0,"turns":4.0},{"damage":10.0,"enemies":"3 Darklings","floor":44.0,"turns":2.0},{"damage":27.0,"enemies":"Transient","floor":46.0,"turns":5.0},{"damage":1.0,"enemies":"Writhing Mass","floor":48.0,"turns":3.0},{"damage":5.0,"enemies":"4 Shapes","floor":49.0,"turns":5.0},{"damage":117.0,"enemies":"IC_BLOCK_ARCHETYPE","floor":50.0,"turns":8.0},{"damage":54,"enemies":"downfall:CharBossMerchant","floor":52,"turns":8},{"damage":72,"enemies":"downfall:NeowBoss","floor":55,"turns":14},{"damage":134,"enemies":"downfall:NeowBossFinal","floor":56,"turns":13}],"seed_played":"-1783734273275442188","potions_obtained":[{"floor":2.0,"key":"Dexterity Potion"},{"floor":4.0,"key":"Weak Potion"},{"floor":12.0,"key":"BlessingOfTheForge"},{"floor":13.0,"key":"Strength Potion"},{"floor":20.0,"key":"SpeedPotion"},{"floor":30.0,"key":"AttackPotion"}],"is_trial":false,"path_per_floor":["M","M","M","M","M","R","T","R","M","R","E","M","M","M","R","B",null,"M","M","?","$","M","R","T","$","M","M","R","?","E","?","M","B",null,"R","M","M","M","?","$","T","R","?","?","R","M","$","M","M","B",null,"E","$","R","B","B",null],"character_chosen":"THE_CHAMP","items_purchased":["Apotheosis","Ornamental Fan","expansioncontent:AwakenDeath","HandDrill","champ:GladiatorStyle","champ:GladiatorStyle"],"campfire_rested":0,"item_purchase_floors":[21,25,40,40,47,53],"current_hp_per_floor":[96,93,93,84,84,84,84,84,70,70,61,54,54,54,54,46,99,89,89,78,75,75,75,75,87,87,85,85,85,70,67,57,42,99,109,94,94,94,89,104,104,104,104,104,104,97,109,108,108,41,109,95,109,109,82,3],"gold":33,"neow_bonus":"TEN_PERCENT_HP_BONUS","is_daily":false,"chose_seed":false,"campfire_upgraded":9,"win_rate":0.0,"timestamp":1614103782,"path_taken":["M","M","M","M","M","R","T","R","M","R","E","M","M","M","R","BOSS","M","M","?","$","M","R","T","$","M","M","R","?","E","?","M","BOSS","R","M","M","M","?","$","T","R","?","?","R","?","?","M","M","BOSS","E","$","R","BOSS","BOSS"],"items_purchased_type":["Card","Relic","Card","Relic","Card","Card"],"build_version":"2020-12-22","purchased_purges":2,"victory":true,"max_hp_per_floor":[99,99,99,99,99,99,99,99,99,99,99,99,99,99,99,99,99,99,99,99,99,99,99,99,99,99,99,99,99,99,99,99,99,99,109,109,109,109,109,109,109,109,109,109,109,109,109,109,109,109,109,109,109,109,109,109],"card_choices":[{"not_picked":["champ:CrownThrow","champ:SkillfulDodge"],"picked":"champ:ShieldSlam","floor":1.0},{"not_picked":["champ:PreemptiveStrike","champ:BladeFlurry"],"picked":"champ:PerfectedStrike","floor":2.0},{"not_picked":["champ:CrookedStrike","champ:DefensiveShout"],"picked":"champ:Endure","floor":3.0},{"not_picked":["champ:FocusedBerserking","champ:CrownThrow"],"picked":"champ:ArenaPreparation","floor":4.0},{"not_picked":["champ:EndlessRage","champ:PreciseThrust"],"picked":"champ:PerfectedStrike","floor":5.0},{"not_picked":["champ:FlashCut","champ:HeartStrike"],"picked":"champ:GutPunch","floor":9.0},{"not_picked":["champ:TornadoPunch","champ:PreemptiveStrike"],"picked":"champ:UltimateStance","floor":11.0},{"not_picked":["champ:CrownThrow","champ:GutPunch"],"picked":"champ:CrookedStrike","floor":12.0},{"not_picked":["champ:AdrenalArmor","champ:FanOfKnives"],"picked":"champ:StanceDance","floor":13.0},{"not_picked":["champ:EndlessRage","champ:FanOfKnives","champ:Duel"],"picked":"SKIP","floor":14.0},{"not_picked":["champ:MurderStrike","champ:CheapShot"],"picked":"champ:VampiricStrike","floor":16.0},{"not_picked":[],"picked":"champ:BladeFlurry+1","floor":18.0},{"not_picked":["champ:DefensiveShout"],"picked":"SKIP","floor":19.0},{"not_picked":[],"picked":"J.A.X.","floor":20.0},{"not_picked":["champ:DefensiveShout"],"picked":"SKIP","floor":21.0},{"not_picked":["champ:AdrenalArmor"],"picked":"SKIP","floor":22.0},{"not_picked":["champ:Shatter"],"picked":"SKIP","floor":26.0},{"not_picked":["champ:GutPunch"],"picked":"SKIP","floor":27.0},{"not_picked":["champ:GutPunch"],"picked":"SKIP","floor":30.0},{"not_picked":[],"picked":"champ:GladiatorStyle+1","floor":31.0},{"not_picked":["champ:DeathBlow"],"picked":"SKIP","floor":32.0},{"not_picked":[],"picked":"champ:DancingMaster","floor":33.0},{"not_picked":[],"picked":"champ:StanceDance","floor":36.0},{"not_picked":["champ:EnGarde"],"picked":"SKIP","floor":37.0},{"not_picked":["champ:FocusedBerserking"],"picked":"SKIP","floor":38.0},{"not_picked":["expansioncontent:Chronoboost","expansioncontent:InvincibleStrength"],"picked":"expansioncontent:PrepareCrush","floor":39.0},{"not_picked":["expansioncontent:Chronoboost","expansioncontent:PolyBeam"],"picked":"expansioncontent:InvincibleStrength","floor":39.0},{"not_picked":[],"picked":"champ:Endure","floor":46.0},{"not_picked":[],"picked":"champ:BringItOn","floor":48.0},{"not_picked":[],"picked":"champ:FlashCut+1","floor":49.0},{"not_picked":[],"picked":"champ:Haymaker+1","floor":52}],"player_experience":125430,"relics_obtained":[{"floor":11.0,"key":"Bag of Marbles"},{"floor":20.0,"key":"MutagenicStrength"},{"floor":24.0,"key":"MealTicket"},{"floor":30.0,"key":"War Paint"},{"floor":31.0,"key":"Du-Vu Doll"},{"floor":31.0,"key":"HornCleat"},{"floor":41.0,"key":"Oddly Smooth Stone"},{"floor":44.0,"key":"downfall:GremlinWheel"},{"floor":45.0,"key":"Boot"},{"floor":52,"key":"Whetstone"}],"event_choices":[{"damage_healed":0.0,"max_hp_gain":0.0,"max_hp_loss":0.0,"gold_gain":0.0,"event_name":"Wheel of Change","player_choice":"Relic","floor":45.0,"gold_loss":0.0,"damage_taken":0.0}],"is_beta":false,"boss_relics":[{"not_picked":["Runic Pyramid","Astrolabe"],"picked":"Busted Crown"},{"not_picked":["Coffee Dripper","bronze:MakeshiftBattery"],"picked":"SlaversCollar"}],"items_purged_floors":[21,25],"is_endless":false,"potions_floor_spawned":[2,4,12,13,20,22,27,30,33,36,44,48],"ascension_level":0}}