{"host":"njruw0b0uprlitpx","time":1614068846,"event":{"mods":["2.2 Compatiblity","Bartender","BaseMod","Beaked The Cultist","Better Altar","Better Match","Better Note","Better Sensory Stone","Better Skull","Better Third Choice","BetterRewards","Block Reminder","Colored Map","Colored Powertips","Curses Come First","Energized Spire","Jedi Mod","Keyboard Shortcuts","Minty Spire (QoL Compilation)","Quick Restart","Rare Cards Sparkle","Relic Stats","Replay The Spire","SacredBarkPlus","Spicy Shops","StSLib","SuperFastMode","The Blackbeard","The Mystic"],"gold_per_floor":[144,189,189,56,101,91,91,91,91,106,266,266,266,326,566,906,856,1016,1016,566,126,126,126,126,251,276,276,18,148,148,318,318,718,718,883,883,883,988,613,763,931,931,931,931,1021],"floor_reached":46,"language":"ENG","playtime":3193,"items_purged":["Strike_R","Clumsy","ReplayTheSpireMod:Splinters"],"score":937,"play_id":"62ead91f-9ef2-4285-83c7-ae56007b1b2e","local_time":"20210223022726","daily_mods":["Draft","Flight","Midas"],"is_ascension_mode":false,"campfire_choices":[{"floor":8,"key":"REST"},{"floor":12,"key":"REST"},{"floor":23,"key":"REST"},{"floor":24,"key":"REST"},{"floor":30,"key":"REST"},{"floor":32,"key":"REST"},{"floor":42,"key":"REST"}],"circlet_count":0,"master_deck":["True Grit+1","Pommel Strike","Rampage+1","Whirlwind","Headbutt","Armaments+1","Dark Embrace+1","Defy Death","Shrug It Off","Sword Boomerang","Pommel Strike","Thunderclap+1","Flame Barrier+1","Rampage+1","Barricade","Replay:Undeath\u0027s Touch","jedi:bloodyhammer","Sever Soul","ReplayTheSpireMod:Muscle Training","Demon Form+1","Replay:Many Hands+1","Infernal Blade","J.A.X.+1","Body Slam+1","Feel No Pain+1","jedi:unlimitedpower","Armaments+1","jedi:strikingstrike","Juggernaut+1","Demonic Infusion"],"relics":["Burning Blood","Replay:Wax Seal","Replay:Bandana","jedi:cryingmask","Singing Bowl","jedi:bottledfury","Frozen Egg 2","energizedSpire:HugeHouse","Pen Nib","BargainBundle","Lantern","Pondfish Scales","ReplayTheSpireMod:TigerMarble","King of Hearts","Sling","Durian","Replay:Baseball","Bronze Scales","Membership Card","Incense Burner","Vajra","Busted Crown","Brimstone","Kunai","Thread and Needle","ReplayTheSpireMod:Spearhead","Potion Belt","The Courier"],"acts_visited":["Exordium","TheCity","TheBeyond"],"potions_floor_usage":[11,16,33,35,45,45,45,45],"damage_taken":[{"damage":11,"enemies":"Jaw Worm","floor":1,"turns":2},{"damage":0,"enemies":"Cultist","floor":2,"turns":2},{"damage":2,"enemies":"2 Louse","floor":5,"turns":3},{"damage":21,"enemies":"Gremlin Nob","floor":6,"turns":5},{"damage":15,"enemies":"Lagavulin","floor":10,"turns":8},{"damage":14,"enemies":"3 Sentries","floor":11,"turns":6},{"damage":53,"enemies":"The Guardian","floor":16,"turns":8},{"damage":14,"enemies":"3 Byrds","floor":18,"turns":4},{"damage":27,"enemies":"Slavers","floor":25,"turns":4},{"damage":3,"enemies":"Replay:Snechameleon","floor":29,"turns":2},{"damage":0,"enemies":"Gremlin Leader","floor":31,"turns":4},{"damage":33,"enemies":"Champ","floor":33,"turns":5},{"damage":9,"enemies":"3 Darklings","floor":35,"turns":2},{"damage":1,"enemies":"3 Shapes","floor":38,"turns":1},{"damage":8,"enemies":"R_Hoarder","floor":40,"turns":2},{"damage":41,"enemies":"Donu and Deca","floor":45,"turns":3}],"seed_played":"-7386017133472573341","potions_obtained":[{"floor":1,"key":"Reflective Coating"},{"floor":2,"key":"LiquidBronze"},{"floor":10,"key":"HeartOfIron"},{"floor":16,"key":"Reflective Coating"},{"floor":18,"key":"SpeedPotion"},{"floor":35,"key":"Fruit Juice"},{"floor":41,"key":"CultistPotion"},{"floor":41,"key":"LifebloodPotion"}],"is_trial":false,"path_per_floor":["M","M","?","$","M","E","?","R","T","E","E","R","T","?","R_BF","B",null,"M","?","$","$","?","R","R","E","T","?","$","E","R","E","R","B",null,"M","?","?","M","$","E","?","R","T","?","B",null],"character_chosen":"IRONCLAD","items_purchased":["Replay:Wax Seal","Barricade","PowerPotion","Pen Nib","BargainBundle","Lantern","Pondfish Scales","Body Slam","ReplayTheSpireMod:TigerMarble","Block Potion","Feel No Pain+1","King of Hearts","Sling","PowerPotion","Membership Card","jedi:unlimitedpower","Armaments","Brimstone","Kunai","Thread and Needle","CultistPotion"],"campfire_rested":7,"item_purchase_floors":[4,4,4,20,20,20,20,20,20,20,21,21,21,21,28,28,28,39,39,39,39],"current_hp_per_floor":[75,80,80,80,80,65,49,73,73,64,56,80,80,80,80,33,75,67,67,67,67,29,51,73,64,69,69,69,82,82,84,84,57,84,88,88,88,93,93,91,56,84,84,84,49],"gold":1021,"neow_bonus":"","is_daily":true,"chose_seed":false,"campfire_upgraded":0,"win_rate":0.0,"timestamp":1614068846,"path_taken":["M","M","?","$","?","E","?","R","T","E","E","R","?","?","R_BF","BOSS","M","?","$","$","?","R","R","E","T","?","$","E","R","E","R","BOSS","M","?","?","?","$","E","?","R","T","?","BOSS"],"items_purchased_type":["Relic","Card","Potion","Relic","Relic","Relic","Relic","Card","Relic","Potion","Card","Relic","Relic","Potion","Relic","Card","Card","Relic","Relic","Relic","Potion"],"build_version":"2020-12-22","purchased_purges":3,"victory":true,"max_hp_per_floor":[80,80,80,80,80,80,80,80,80,80,80,80,80,80,80,80,75,75,75,75,75,75,75,75,82,82,82,82,82,82,84,84,84,84,91,91,91,93,93,93,95,95,95,95,95],"relic_stats":{"Busted Crown":8,"Singing Bowl":10,"counters":[16,61],"Bronze Scales":[41],"Pen Nib":[8],"Kunai":[9],"obtain_stats":[{"Lantern":20,"Singing Bowl":10,"Vajra":31,"King of Hearts":21,"Incense Burner":29,"jedi:bottledfury":11,"Sling":21,"Burning Blood":0,"Replay:Bandana":6,"jedi:cryingmask":9,"energizedSpire:HugeHouse":17,"Kunai":39,"Replay:Wax Seal":4,"Potion Belt":41,"BargainBundle":20,"Thread and Needle":39,"Pen Nib":20,"The Courier":43,"Frozen Egg 2":13,"Pondfish Scales":20,"Replay:Baseball":26,"ReplayTheSpireMod:Spearhead":40,"Busted Crown":34,"Brimstone":39,"Bloody Idol":22,"Bronze Scales":27,"ReplayTheSpireMod:TigerMarble":20,"Durian":25,"Membership Card":28},{"Lantern":8,"Singing Bowl":5,"Vajra":11,"King of Hearts":8,"Incense Burner":10,"jedi:bottledfury":6,"Sling":8,"Burning Blood":0,"Replay:Bandana":4,"jedi:cryingmask":4,"energizedSpire:HugeHouse":7,"Kunai":14,"Replay:Wax Seal":2,"Potion Belt":15,"BargainBundle":8,"Thread and Needle":14,"Pen Nib":8,"The Courier":15,"Frozen Egg 2":6,"Pondfish Scales":8,"Replay:Baseball":9,"ReplayTheSpireMod:Spearhead":15,"Busted Crown":12,"Brimstone":14,"Bloody Idol":8,"Bronze Scales":9,"ReplayTheSpireMod:TigerMarble":8,"Durian":9,"Membership Card":9},{"Lantern":38,"Singing Bowl":20,"Vajra":48,"King of Hearts":38,"Incense Burner":44,"jedi:bottledfury":26,"Sling":38,"Burning Blood":0,"Replay:Bandana":12,"jedi:cryingmask":12,"energizedSpire:HugeHouse":34,"Kunai":56,"Replay:Wax Seal":4,"Potion Belt":58,"BargainBundle":38,"Thread and Needle":56,"Pen Nib":38,"The Courier":58,"Frozen Egg 2":26,"Pondfish Scales":38,"Replay:Baseball":42,"ReplayTheSpireMod:Spearhead":58,"Busted Crown":53,"Brimstone":56,"Bloody Idol":38,"Bronze Scales":42,"ReplayTheSpireMod:TigerMarble":38,"Durian":42,"Membership Card":42}],"Burning Blood":83},"card_choices":[{"not_picked":["Power Through","Dual Wield"],"picked":"True Grit","floor":0},{"not_picked":["ReplayTheSpireMod:Limb From Limb","Blood for Blood"],"picked":"Pommel Strike","floor":0},{"not_picked":["Warcry","Clothesline"],"picked":"Rampage","floor":0},{"not_picked":["Perfected Strike","Flex"],"picked":"Whirlwind","floor":0},{"not_picked":["Clash","Defy Death"],"picked":"Headbutt","floor":0},{"not_picked":["Havoc","Perfected Strike"],"picked":"Armaments","floor":0},{"not_picked":["Warcry","Havoc"],"picked":"Dark Embrace","floor":0},{"not_picked":["Replay:Undeath\u0027s Touch","Iron Wave"],"picked":"Cleave","floor":0},{"not_picked":["Wild Strike","Power Through"],"picked":"Defy Death","floor":0},{"not_picked":["Entrench","Perfected Strike"],"picked":"Shrug It Off","floor":0},{"not_picked":["True Grit","Armaments"],"picked":"Sword Boomerang","floor":0},{"not_picked":["Sword Boomerang","True Grit"],"picked":"Pommel Strike","floor":0},{"not_picked":["Pommel Strike","Dark Embrace"],"picked":"Cleave","floor":0},{"not_picked":["Hemokinesis","Anger"],"picked":"Thunderclap","floor":0},{"not_picked":["Heavy Blade","jedi:fear"],"picked":"Thunderclap","floor":0},{"not_picked":["jedi:fear","Dropkick","Flex"],"picked":"SKIP","floor":1},{"not_picked":["jedi:MakeshiftSword","Heavy Blade"],"picked":"Flame Barrier","floor":2},{"not_picked":["Warcry","True Grit"],"picked":"Replay:Undeath\u0027s Touch","floor":5},{"not_picked":["Flex","Shrug It Off"],"picked":"jedi:bloodyhammer","floor":6},{"not_picked":["Burning Pact","Seeing Red"],"picked":"Sever Soul","floor":10},{"not_picked":["Pummel","Heavy Blade"],"picked":"ReplayTheSpireMod:Muscle Training","floor":11},{"not_picked":["Reaper","Berserk+1"],"picked":"Demon Form+1","floor":16},{"not_picked":["Havoc","Warcry"],"picked":"Infernal Blade","floor":18},{"not_picked":["Feel No Pain+1","Infernal Blade","Headbutt"],"picked":"Singing Bowl","floor":25},{"not_picked":["Combust+1","Twin Strike"],"picked":"jedi:strikingstrike","floor":29},{"not_picked":["Perfected Strike","Body Slam","Sword Boomerang"],"picked":"Singing Bowl","floor":31},{"not_picked":["Impervious","Bludgeon"],"picked":"Juggernaut+1","floor":33},{"not_picked":["Headbutt"],"picked":"Singing Bowl","floor":35},{"not_picked":["Pommel Strike"],"picked":"Singing Bowl","floor":38},{"not_picked":[],"picked":"Demonic Infusion","floor":40},{"not_picked":["Massacre+1"],"picked":"Singing Bowl","floor":41}],"player_experience":1478166,"relics_obtained":[{"floor":6,"key":"Replay:Bandana"},{"floor":9,"key":"jedi:cryingmask"},{"floor":10,"key":"Singing Bowl"},{"floor":11,"key":"jedi:bottledfury"},{"floor":13,"key":"Frozen Egg 2"},{"floor":25,"key":"Durian"},{"floor":26,"key":"Replay:Baseball"},{"floor":29,"key":"Incense Burner"},{"floor":31,"key":"Vajra"},{"floor":40,"key":"ReplayTheSpireMod:Spearhead"},{"floor":41,"key":"Potion Belt"},{"floor":43,"key":"The Courier"}],"event_choices":[{"damage_healed":0,"gold_gain":0,"cards_transformed":["Cleave"],"player_choice":"Transformed","damage_taken":0,"max_hp_gain":0,"max_hp_loss":0,"event_name":"Transmorgrifier","floor":3,"gold_loss":0,"cards_obtained":["Rampage"]},{"damage_healed":65,"gold_gain":0,"player_choice":"Upgrade","damage_taken":16,"max_hp_gain":0,"max_hp_loss":80,"event_name":"betterThird:BetterShining","floor":7,"gold_loss":0,"cards_upgraded":["Thunderclap","Thunderclap"]},{"damage_healed":0,"gold_gain":60,"player_choice":"Gained Gold","damage_taken":0,"max_hp_gain":0,"max_hp_loss":0,"event_name":"Golden Wing","floor":14,"gold_loss":0},{"damage_healed":0,"gold_gain":0,"player_choice":"Obtain J.A.X.","damage_taken":0,"max_hp_gain":0,"max_hp_loss":0,"event_name":"Drug Dealer","floor":19,"gold_loss":0,"cards_obtained":["J.A.X."]},{"damage_healed":0,"gold_gain":0,"player_choice":" Idol ","damage_taken":38,"relics_obtained":["Bloody Idol"],"max_hp_gain":67,"max_hp_loss":29,"event_name":"betterAltar:BetterAltar","floor":22,"potions_obtained":[],"relics_lost":[],"gold_loss":0},{"cards_removed":["Thunderclap"],"damage_healed":0,"gold_gain":0,"player_choice":"Removed Attack","damage_taken":0,"max_hp_gain":0,"max_hp_loss":0,"event_name":"Falling","floor":36,"gold_loss":0},{"damage_healed":0,"gold_gain":0,"player_choice":"Forge","damage_taken":0,"max_hp_gain":0,"max_hp_loss":0,"event_name":"Accursed Blacksmith","floor":37,"gold_loss":0,"cards_upgraded":["Armaments"]},{"damage_healed":0,"gold_gain":0,"player_choice":"Portal","damage_taken":0,"max_hp_gain":0,"max_hp_loss":0,"event_name":"betterThird:BetterPortal","floor":44,"gold_loss":0}],"is_beta":false,"boss_relics":[{"not_picked":["SacredBark","Calling Bell"],"picked":"energizedSpire:HugeHouse"},{"not_picked":["energizedSpire:TabascoSauce","energizedSpire:OgreHead"],"picked":"Busted Crown"}],"items_purged_floors":[20,21,39],"is_endless":false,"potions_floor_spawned":[1,2,10,16,18,29,35,40],"ascension_level":0}}