{"host":"6406jj8da6015sxr","time":1614080909,"event":{"mods":["AchievementEnabler","BaseMod","Colored Map","DeckTracker","Keyboard Shortcuts","Minty Spire (QoL Compilation)","Permanent Neow","Relic Stats","SuperFastMode","everything is the same but u backflip on backflip"],"gold_per_floor":[114,129,54,65,65,65,75,110,158,174,174,251,8,27,27,104,104,115,40,40,55,3,3,42,71,98,98,135,135,158,177,177,177,177],"floor_reached":33,"language":"KOR","playtime":1311,"items_purged":["Strike_G"],"score":624,"play_id":"36173c62-af96-4875-83aa-972c5fae77c4","local_time":"20210223204829","is_ascension_mode":true,"campfire_choices":[{"data":"Poisoned Stab","floor":6.0,"key":"SMITH"},{"data":"Neutralize","floor":11.0,"key":"SMITH"},{"floor":15.0,"key":"REST"},{"floor":23.0,"key":"REST"},{"floor":27.0,"key":"REST"},{"floor":29.0,"key":"REST"},{"floor":32.0,"key":"REST"}],"circlet_count":0,"master_deck":["AscendersBane","Strike_G","Strike_G","Defend_G","Defend_G","Defend_G","Defend_G","Survivor","Neutralize+1","Skewer+1","Dash","Deflect","Poisoned Stab+1","Dagger Throw","Die Die Die","Well Laid Plans","Glass Knife","Backflip","Backflip+1","Acrobatics","PiercingWail","Cloak And Dagger","Footwork","Predator+1"],"relics":["Ring of the Snake","HornCleat","Akabeko","PreservedInsect","Fusion Hammer","CeramicFish","Snake Skull","Smiling Mask"],"acts_visited":["Exordium","TheCity"],"potions_floor_usage":[],"damage_taken":[{"damage":3.0,"enemies":"Small Slimes","floor":1.0,"turns":5.0},{"damage":0.0,"enemies":"Jaw Worm","floor":2.0,"turns":4.0},{"damage":3.0,"enemies":"Cultist","floor":4.0,"turns":4.0},{"damage":3.0,"enemies":"Blue Slaver","floor":7.0,"turns":4.0},{"damage":8.0,"enemies":"Gremlin Nob","floor":8.0,"turns":3.0},{"damage":0.0,"enemies":"Exordium Wildlife","floor":10.0,"turns":2.0},{"damage":5.0,"enemies":"Exordium Thugs","floor":14.0,"turns":3.0},{"damage":43.0,"enemies":"Slime Boss","floor":16.0,"turns":11.0},{"damage":0.0,"enemies":"Spheric Guardian","floor":18.0,"turns":1.0},{"damage":8.0,"enemies":"2 Thieves","floor":21.0,"turns":2.0},{"damage":0.0,"enemies":"Slavers","floor":24.0,"turns":2.0},{"damage":28.0,"enemies":"Centurion and Healer","floor":25.0,"turns":5.0},{"damage":15.0,"enemies":"Gremlin Leader","floor":28.0,"turns":3.0},{"damage":8.0,"enemies":"Shelled Parasite and Fungi","floor":30.0,"turns":5.0},{"damage":0.0,"enemies":"Snake Plant","floor":31.0,"turns":3.0},{"damage":44,"enemies":"Collector","floor":33,"turns":7}],"seed_played":"2773525139591796782","potions_obtained":[{"floor":2.0,"key":"Strength Potion"},{"floor":4.0,"key":"AttackPotion"},{"floor":8.0,"key":"SteroidPotion"},{"floor":10.0,"key":"LiquidMemories"},{"floor":18.0,"key":"Swift Potion"},{"floor":24.0,"key":"SneckoOil"},{"floor":28.0,"key":"Explosive Potion"},{"floor":31.0,"key":"SpeedPotion"}],"is_trial":false,"path_per_floor":["M","M","?","M","?","R","M","E","T","M","R","?","$","M","R","B",null,"M","?","?","M","$","R","E","M","T","R","E","R","M","M","R","B"],"character_chosen":"THE_SILENT","items_purchased":["PreservedInsect","Acrobatics"],"campfire_rested":5,"item_purchase_floors":[13,22],"current_hp_per_floor":[56,56,56,53,53,53,50,42,42,42,42,42,42,37,56,13,53,53,53,35,27,27,48,48,20,20,41,26,47,39,39,60,16,16],"gold":177,"neow_bonus":"TRANSFORM_CARD","is_daily":false,"chose_seed":false,"campfire_upgraded":2,"win_rate":0.0,"timestamp":1614080909,"path_taken":["M","M","?","M","?","R","M","E","T","?","R","?","$","M","R","BOSS","M","?","?","M","$","R","E","M","T","R","E","R","?","M","R","BOSS"],"items_purchased_type":["Relic","Card"],"build_version":"2020-12-22","purchased_purges":1,"victory":false,"max_hp_per_floor":[66,66,66,66,66,66,66,66,66,66,66,66,66,66,66,66,66,66,66,71,71,71,71,71,71,71,71,71,71,71,71,71,71,71],"relic_stats":{"counters":[16,64],"CeramicFish":36,"PreservedInsect":88,"Snake Skull":[3],"Smiling Mask":0,"obtain_stats":[{"HornCleat":8,"CeramicFish":24,"PreservedInsect":13,"Fusion Hammer":17,"Snake Skull":26,"Smiling Mask":28,"Akabeko":9,"Ring of the Snake":0},{"HornCleat":5,"CeramicFish":11,"PreservedInsect":6,"Fusion Hammer":8,"Snake Skull":12,"Smiling Mask":13,"Akabeko":5,"Ring of the Snake":0},{"HornCleat":20,"CeramicFish":41,"PreservedInsect":22,"Fusion Hammer":36,"Snake Skull":46,"Smiling Mask":49,"Akabeko":20,"Ring of the Snake":0}],"Ring of the Snake":[32]},"card_choices":[{"not_picked":["Dodge and Roll","PiercingWail"],"picked":"Dash","floor":1.0},{"not_picked":["Dodge and Roll","Backflip"],"picked":"Deflect","floor":2.0},{"not_picked":["Deflect","Infinite Blades"],"picked":"Poisoned Stab","floor":4.0},{"not_picked":["Skewer","Quick Slash"],"picked":"Dagger Throw","floor":7.0},{"not_picked":["Reflex","Backflip"],"picked":"Die Die Die","floor":8.0},{"not_picked":["Bane","Dagger Throw","Underhanded Strike"],"picked":"SKIP","floor":10.0},{"not_picked":["Dash","Outmaneuver"],"picked":"Well Laid Plans","floor":14.0},{"not_picked":["Venomology","Phantasmal Killer"],"picked":"Glass Knife","floor":16.0},{"not_picked":["Dagger Throw","Poisoned Stab"],"picked":"Backflip","floor":18.0},{"not_picked":["Poisoned Stab","Underhanded Strike"],"picked":"Backflip+1","floor":21.0},{"not_picked":["Storm of Steel","Flying Knee"],"picked":"PiercingWail","floor":24.0},{"not_picked":["Blade Dance","Slice"],"picked":"Cloak And Dagger","floor":25.0},{"not_picked":["Setup","Finisher"],"picked":"Footwork","floor":28.0},{"not_picked":["Prepared+1","PiercingWail"],"picked":"Predator+1","floor":30.0},{"not_picked":["Bane","Poisoned Stab","Quick Slash"],"picked":"SKIP","floor":31.0}],"player_experience":88625,"relics_obtained":[{"floor":8.0,"key":"HornCleat"},{"floor":9.0,"key":"Akabeko"},{"floor":24.0,"key":"CeramicFish"},{"floor":26.0,"key":"Snake Skull"},{"floor":28.0,"key":"Smiling Mask"}],"event_choices":[{"cards_removed":["Defend_G"],"damage_healed":0.0,"max_hp_gain":0.0,"max_hp_loss":0.0,"gold_gain":0.0,"event_name":"The Cleric","player_choice":"Card Removal","floor":3.0,"gold_loss":75.0,"damage_taken":0.0},{"damage_healed":0.0,"max_hp_gain":0.0,"max_hp_loss":0.0,"gold_gain":0.0,"event_name":"Upgrade Shrine","player_choice":"Upgraded","floor":5.0,"gold_loss":0.0,"damage_taken":0.0,"cards_upgraded":["Skewer"]},{"damage_healed":0.0,"max_hp_gain":0.0,"max_hp_loss":0.0,"gold_gain":77.0,"event_name":"Golden Wing","player_choice":"Gained Gold","floor":12.0,"gold_loss":0.0,"damage_taken":0.0},{"cards_removed":["Strike_G"],"damage_healed":0.0,"max_hp_gain":0.0,"max_hp_loss":0.0,"gold_gain":0.0,"event_name":"Beggar","player_choice":"Gave Gold","floor":19.0,"gold_loss":75.0,"damage_taken":0.0},{"damage_healed":0.0,"max_hp_gain":5.0,"max_hp_loss":0.0,"gold_gain":0.0,"event_name":"Forgotten Altar","player_choice":"Shed Blood","floor":20.0,"gold_loss":0.0,"damage_taken":23.0}],"is_beta":false,"boss_relics":[{"not_picked":["Ring of the Serpent","WristBlade"],"picked":"Fusion Hammer"}],"items_purged_floors":[13],"is_endless":false,"potions_floor_spawned":[2,4,8,10,18,24,28,31],"killed_by":"Collector","ascension_level":20}}