{"host":"rsokn1b2nrspb1iw","time":1614117120,"event":{"mods":["BaseMod","Better Altar","Better Match","Better Note","Better Sensory Stone","Better Skull","Better Third Choice","Better Vampires","BetterRewards","Block Reminder","Colored Map","Colored Powertips","Curses Come First","Custom Start","GifTheSpireLib","Hermit","Minty Spire (QoL Compilation)","Quick Restart","Rare Cards Sparkle","Relic Stats","Spire Birthday Party","StSLib","Unceasing Turn Reminder"],"gold_per_floor":[111,111,111,129,129,129,173,188,188,188,211,231,254,254,254,379,379,400,400,420,420,420],"floor_reached":21,"language":"ENG","playtime":530,"items_purged":[],"score":206,"play_id":"2c4c6873-b647-4061-88bd-c5cfb1cd1963","local_time":"20210223145200","is_ascension_mode":false,"campfire_choices":[{"data":"Fire Breathing","floor":6,"key":"SMITH"},{"data":"Wild Strike","floor":10,"key":"SMITH"},{"data":"Evolve","floor":15,"key":"SMITH"}],"circlet_count":0,"master_deck":["Strike_R","Strike_R","Strike_R","Strike_R","Defend_R","Defend_R","Defend_R","Defend_R","Bash","Fire Breathing+1","Regret","Reckless Charge","Injury","Wild Strike+1","Wild Strike","Fire Breathing+1","Evolve+1","Heavy Blade"],"relics":["Burning Blood","NeowsBlessing","Dead Branch","Golden Idol","Bag of Preparation","Sozu"],"acts_visited":["Exordium","TheCity"],"potions_floor_usage":[],"damage_taken":[{"damage":0,"enemies":"Jaw Worm","floor":1,"turns":1},{"damage":0,"enemies":"Small Slimes","floor":4,"turns":1},{"damage":0,"enemies":"3 Sentries","floor":7,"turns":1},{"damage":0,"enemies":"Cultist","floor":8,"turns":2},{"damage":11,"enemies":"Blue Slaver","floor":11,"turns":2},{"damage":4,"enemies":"2 Fungi Beasts","floor":12,"turns":2},{"damage":3,"enemies":"Large Slime","floor":13,"turns":3},{"damage":54,"enemies":"The Guardian","floor":16,"turns":8},{"damage":32,"enemies":"3 Byrds","floor":18,"turns":4},{"damage":33,"enemies":"2 Thieves","floor":20,"turns":3},{"damage":40,"enemies":"Cultist and Chosen","floor":21,"turns":4}],"seed_played":"-4716896510561790316","potions_obtained":[{"floor":1,"key":"BloodPotion"},{"floor":11,"key":"Dexterity Potion"},{"floor":13,"key":"BlessingOfTheForge"},{"floor":16,"key":"LiquidBronze"}],"is_trial":false,"path_per_floor":["M","?","?","M","?","R","E","M","T","R","M","M","M","?","R","B",null,"M","?","M","M"],"character_chosen":"IRONCLAD","items_purchased":[],"campfire_rested":0,"item_purchase_floors":[],"current_hp_per_floor":[80,80,80,80,80,80,80,80,80,80,75,77,80,80,80,32,80,54,54,27,0,0],"gold":420,"neow_bonus":"THREE_ENEMY_KILL","is_daily":false,"chose_seed":false,"campfire_upgraded":3,"win_rate":0.0,"timestamp":1614117120,"path_taken":["M","?","?","?","?","R","E","M","T","R","M","M","M","?","R","BOSS","M","?","M","?"],"items_purchased_type":[],"build_version":"2020-12-22","purchased_purges":0,"victory":false,"max_hp_per_floor":[80,80,80,80,80,80,80,80,80,80,80,80,80,80,80,80,80,80,80,80,80,80],"relic_stats":{"Sozu":0,"counters":[11,31],"Golden Idol":59,"Dead Branch":[5],"Bag of Preparation":[16],"obtain_stats":[{"Sozu":17,"NeowsBlessing":0,"Golden Idol":5,"Dead Branch":2,"Bag of Preparation":7,"Burning Blood":0},{"Sozu":8,"NeowsBlessing":0,"Golden Idol":2,"Dead Branch":1,"Bag of Preparation":3,"Burning Blood":0},{"Sozu":20,"NeowsBlessing":0,"Golden Idol":2,"Dead Branch":1,"Bag of Preparation":3,"Burning Blood":0}],"Burning Blood":36},"card_choices":[{"not_picked":["Intimidate","Heavy Blade"],"picked":"Fire Breathing","floor":1},{"not_picked":["Shrug It Off","Pommel Strike"],"picked":"Reckless Charge","floor":4},{"not_picked":["Dual Wield","Anger"],"picked":"Wild Strike","floor":7},{"not_picked":["Armaments","Shrug It Off","Dual Wield"],"picked":"SKIP","floor":8},{"not_picked":["Ghostly Armor","Havoc"],"picked":"Wild Strike","floor":11},{"not_picked":["Armaments","Headbutt"],"picked":"Fire Breathing","floor":12},{"not_picked":["Bludgeon","Sever Soul"],"picked":"Evolve","floor":13},{"not_picked":["Clash+1","Shrug It Off","Perfected Strike"],"picked":"SKIP","floor":18},{"not_picked":["Burning Pact","Heavy Blade+1","Armaments"],"picked":"SKIP","floor":20}],"player_experience":195259,"relics_obtained":[{"floor":7,"key":"Bag of Preparation"}],"event_choices":[{"damage_healed":0,"gold_gain":0,"player_choice":"Box","damage_taken":0,"relics_obtained":["Dead Branch"],"max_hp_gain":0,"max_hp_loss":0,"event_name":"Big Fish","floor":2,"gold_loss":0,"cards_obtained":["Regret"]},{"damage_healed":0,"gold_gain":0,"player_choice":"Ignored","damage_taken":0,"max_hp_gain":0,"max_hp_loss":0,"event_name":"betterNote:BetterNote","floor":3,"gold_loss":0,"cards_obtained":["Electrodynamics"]},{"damage_healed":0,"gold_gain":0,"player_choice":"Take Wound","damage_taken":0,"relics_obtained":["Golden Idol"],"max_hp_gain":0,"max_hp_loss":0,"event_name":"Golden Idol","floor":5,"gold_loss":0,"cards_obtained":["Injury"]},{"damage_healed":0,"gold_gain":0,"player_choice":"Grow","damage_taken":0,"max_hp_gain":0,"max_hp_loss":0,"event_name":"Living Wall","floor":14,"gold_loss":0,"cards_upgraded":["Fire Breathing"]},{"damage_healed":0,"gold_gain":0,"cards_transformed":["Strike_R"],"player_choice":"Transformed","damage_taken":0,"max_hp_gain":0,"max_hp_loss":0,"event_name":"Transmorgrifier","floor":19,"gold_loss":0,"cards_obtained":["Heavy Blade"]}],"is_beta":false,"boss_relics":[{"not_picked":["Velvet Choker","Busted Crown"],"picked":"Sozu"}],"items_purged_floors":[],"is_endless":false,"potions_floor_spawned":[1,11,13,16],"killed_by":"Cultist and Chosen","ascension_level":0}}