{"host":"2zq1cv117yq1teno","time":1614044180,"event":{"mods":["BaseMod","Downfall","Friendly Minions","Hermit","Highlight Path","Marisa????????","Minty Spire (QoL Compilation)","Quick Restart","Replay The Spire","StSLib","The Bug Knight","The Cursed","The Servant 0.9.4"],"gold_per_floor":[119,119,119,119,135,148,148,173,173,208,208,226,242,262,187,202,202,306,306,319,319,352,371,391,391,391,100,100,113,144,144,19,19,19,19,19],"floor_reached":35,"language":"ENG","playtime":2761,"items_purged":["HollowMod:Grubsong","Decay","HollowMod:NailStrikeStart"],"score":337,"play_id":"41519b2c-5c58-4d50-a578-8155b3a0d75f","local_time":"20210222203620","is_ascension_mode":false,"campfire_choices":[{"data":"HollowMod:MothsMistake","floor":9,"key":"SMITH"},{"data":"HollowMod:FocusHealStart","floor":17,"key":"SMITH"},{"data":"HollowMod:Hiveblood","floor":26,"key":"SMITH"},{"data":"HollowMod:theNailsmith","floor":34,"key":"SMITH"}],"circlet_count":0,"master_deck":["HollowMod:NailStrikeStart","HollowMod:NailStrikeStart","HollowMod:QuickDashStart","HollowMod:QuickDashStart","HollowMod:QuickDashStart","HollowMod:QuickDashStart","HollowMod:FocusHealStart+1","HollowMod:PogoStrike","HollowMod:MothsMistake+1","HollowMod:InfectionAssault","HollowMod:InfectionAssault+1","HollowMod:InfectedCysts+1","HollowMod:Hiveblood+1","HollowMod:InfectedAttack+1","HollowMod:GoodIntentions+1","HollowMod:PureNailStrike+1","HollowMod:theNailsmith+1","Ghostly","Ghostly","Ghostly","Ghostly","Ghostly"],"relics":["HollowMod:VesselMask","NeowsBlessing","HollowMod:MillibellesNoteRelic","Molten Egg 2","Juzu Bracelet","Busted Crown","HollowMod:GreatKnightMask","Blue Candle","Replay:Wax Seal","MealTicket","Ice Cream","Replay:Ringing Soul"],"acts_visited":["Exordium","TheCity"],"potions_floor_usage":[10,14,18,23,23,23,24,30,30,35],"damage_taken":[{"damage":0,"enemies":"Jaw Worm","floor":1,"turns":1},{"damage":0,"enemies":"Cultist","floor":5,"turns":1},{"damage":0,"enemies":"Small Slimes","floor":6,"turns":1},{"damage":42,"enemies":"Lagavulin","floor":8,"turns":9},{"damage":14,"enemies":"3 Sentries","floor":10,"turns":8},{"damage":1,"enemies":"Exordium Wildlife","floor":12,"turns":5},{"damage":8,"enemies":"Large Slime","floor":13,"turns":8},{"damage":17,"enemies":"Lots of Slimes","floor":14,"turns":4},{"damage":8,"enemies":"Looter","floor":16,"turns":5},{"damage":63,"enemies":"Hexaghost","floor":18,"turns":10},{"damage":34,"enemies":"3 Byrds","floor":20,"turns":5},{"damage":6,"enemies":"HollowMod:Zote","floor":22,"turns":2},{"damage":30,"enemies":"Shell Parasite","floor":23,"turns":5},{"damage":28,"enemies":"Snecko","floor":24,"turns":5},{"damage":39,"enemies":"Centurion and Healer","floor":29,"turns":6},{"damage":49,"enemies":"Gremlin Leader","floor":30,"turns":4},{"damage":79,"enemies":"HollowMod:NKGrimm","floor":35,"turns":10}],"seed_played":"8643058971736537811","potions_obtained":[{"floor":1,"key":"EssenceOfSteel"},{"floor":6,"key":"Elixir"},{"floor":13,"key":"Regen Potion"},{"floor":16,"key":"Dexterity Potion"},{"floor":22,"key":"EntropicBrew"},{"floor":24,"key":"ColorlessPotion"},{"floor":30,"key":"Weak Potion"}],"is_trial":false,"path_per_floor":["M","?","PTL","PTL","M","M","?","E","R","E","T","M","M","M","$","M","R","B",null,"M","?","?","M","M","?","R","$","T","M","E","?","$","$","R","B"],"character_chosen":"THE_BUGKNIGHT","items_purchased":["Replay:Wax Seal","MealTicket"],"campfire_rested":0,"item_purchase_floors":[27,27],"current_hp_per_floor":[75,75,75,75,75,75,75,45,45,37,37,46,50,57,57,59,59,8,75,65,65,59,51,50,45,45,45,45,41,8,11,26,41,41,0,0],"gold":19,"neow_bonus":"THREE_ENEMY_KILL","is_daily":false,"chose_seed":false,"campfire_upgraded":4,"win_rate":0.0,"timestamp":1614044180,"path_taken":["M","?","PTL","PTL","M","?","?","E","R","E","T","M","M","M","$","M","R","BOSS","M","?","?","M","M","?","R","$","T","M","E","?","?","$","R","BOSS"],"items_purchased_type":["Relic","Relic"],"build_version":"2020-12-22","purchased_purges":3,"victory":false,"max_hp_per_floor":[75,75,75,75,75,75,75,75,75,75,75,75,75,75,75,75,75,75,75,75,75,75,75,75,75,75,75,75,75,78,42,42,42,42,42,42],"card_choices":[{"not_picked":["HollowMod:PerfectDash","HollowMod:SiblingsShadow"],"picked":"HollowMod:NewGlowingWomb","floor":1},{"not_picked":["HollowMod:SharpenedNail","HollowMod:DoubleDash"],"picked":"HollowMod:MothsMistake","floor":5},{"not_picked":["HollowMod:SiblingsShadow","HollowMod:SoulSplash","HollowMod:CycloneSlash"],"picked":"SKIP","floor":6},{"not_picked":["HollowMod:SiblingsSouls","HollowMod:CycloneSlash"],"picked":"HollowMod:InfectionAssault","floor":8},{"not_picked":["HollowMod:GrimmsGift","HollowMod:LifebloodCore"],"picked":"HollowMod:Grubsong","floor":10},{"not_picked":["HollowMod:HeavyBlow+1","HollowMod:SiblingsShadow","HollowMod:LifebloodCocoon"],"picked":"SKIP","floor":12},{"not_picked":["HollowMod:DreamGate","HollowMod:SiblingsSouls"],"picked":"HollowMod:InfectionAssault+1","floor":13},{"not_picked":["HollowMod:ShadowDash","HollowMod:SiblingsSouls","HollowMod:NewJinnsSoul"],"picked":"SKIP","floor":14},{"not_picked":["HollowMod:FastStrike+1","HollowMod:WraithStrike+1"],"picked":"HollowMod:InfectedCysts+1","floor":16},{"not_picked":["HollowMod:SoulMaster","HollowMod:ElderbugsWisdom"],"picked":"HollowMod:Hiveblood","floor":18},{"not_picked":["HollowMod:SiblingsSouls"],"picked":"SKIP","floor":20},{"not_picked":[],"picked":"HollowMod:InfectedAttack+1","floor":22},{"not_picked":[],"picked":"HollowMod:GoodIntentions+1","floor":23},{"not_picked":["HollowMod:SoulStrike+1"],"picked":"SKIP","floor":24},{"not_picked":[],"picked":"HollowMod:PureNailStrike+1","floor":29},{"not_picked":[],"picked":"HollowMod:theNailsmith","floor":30}],"player_experience":79107,"relics_obtained":[{"floor":8,"key":"HollowMod:MillibellesNoteRelic"},{"floor":10,"key":"Molten Egg 2"},{"floor":11,"key":"Juzu Bracelet"},{"floor":22,"key":"HollowMod:GreatKnightMask"},{"floor":28,"key":"Ice Cream"},{"floor":30,"key":"Replay:Ringing Soul"}],"event_choices":[{"cards_removed":["HollowMod:NewGlowingWomb"],"damage_healed":0,"gold_gain":0,"player_choice":"Offered Uncommon","damage_taken":0,"max_hp_gain":0,"max_hp_loss":0,"event_name":"Bonfire Elementals","floor":2,"gold_loss":0},{"cards_removed":["HollowMod:NailStrikeStart"],"damage_healed":0,"gold_gain":0,"player_choice":"Purged","damage_taken":0,"max_hp_gain":0,"max_hp_loss":0,"event_name":"Purifier","floor":7,"gold_loss":0},{"damage_healed":0,"gold_gain":0,"player_choice":"Cursed","damage_taken":0,"max_hp_gain":0,"max_hp_loss":0,"event_name":"Wheel of Change","floor":21,"gold_loss":0,"cards_obtained":["Decay"]},{"damage_healed":0,"gold_gain":0,"player_choice":"Became a Ghost","damage_taken":0,"max_hp_gain":0,"max_hp_loss":39,"event_name":"Ghosts","floor":31,"gold_loss":0,"cards_obtained":["Ghostly","Ghostly","Ghostly","Ghostly","Ghostly"]}],"is_beta":false,"boss_relics":[{"not_picked":["Ring of Chaos","Abe\u0027s Treasure"],"picked":"Busted Crown"}],"items_purged_floors":[15,27,32],"is_endless":false,"potions_floor_spawned":[1,6,13,16,22,24,30],"killed_by":"HollowMod:NKGrimm","ascension_level":0}}