{"host":"ul0c1243uydmw2e7","time":1614117276,"event":{"mods":["BaseMod","Better Match","Better Sensory Stone","Better Silent Start","Better Third Choice","Better Vampires","Block Reminder","Bossed Relics","Minty Spire (QoL Compilation)","StSLib","Virulent Crown"],"gold_per_floor":[118,138,154,171,246,246,262,291,291,305,317,317,10,43,43,114,114,127,127,147,147,147,147,175,175,175],"floor_reached":25,"language":"ENG","playtime":713,"items_purged":[],"score":466,"play_id":"f0631d8b-b5e7-4629-88dd-732e6d00691e","local_time":"20210223165436","is_ascension_mode":true,"campfire_choices":[{"data":"Defragment","floor":6.0,"key":"SMITH"},{"data":"Static Discharge","floor":12,"key":"SMITH"},{"data":"Zap","floor":15,"key":"SMITH"},{"floor":23,"key":"REST"}],"circlet_count":0,"master_deck":["AscendersBane","Strike_B","Strike_B","Strike_B","Strike_B","Defend_B","Defend_B","Defend_B","Defend_B","Zap+1","Dualcast","Static Discharge+1","Barrage","Rebound","Defragment+1","Go for the Eyes","Ball Lightning","Cold Snap","Capacitor","Coolheaded","Conserve Battery","Echo Form","Redo+1","Writhe","Necronomicurse","RitualDagger","Conserve Battery"],"relics":["Cracked Core","NeowsBlessing","FossilizedHelix","Lee\u0027s Waffle","Orichalcum","SlaversCollar","Shuriken","Necronomicon","Tiny Chest"],"acts_visited":["Exordium","TheCity"],"potions_floor_usage":[16,24,24],"damage_taken":[{"damage":0.0,"enemies":"Cultist","floor":1.0,"turns":1.0},{"damage":0.0,"enemies":"Jaw Worm","floor":2.0,"turns":1.0},{"damage":0.0,"enemies":"2 Louse","floor":3.0,"turns":1.0},{"damage":12.0,"enemies":"Looter","floor":4.0,"turns":3.0},{"damage":6.0,"enemies":"Blue Slaver","floor":7.0,"turns":3.0},{"damage":8.0,"enemies":"Gremlin Nob","floor":8.0,"turns":3.0},{"damage":0.0,"enemies":"3 Louse","floor":10.0,"turns":3.0},{"damage":0,"enemies":"Large Slime","floor":11,"turns":4},{"damage":11,"enemies":"3 Sentries","floor":14,"turns":6},{"damage":17,"enemies":"Slime Boss","floor":16,"turns":10},{"damage":1,"enemies":"Chosen","floor":18,"turns":5},{"damage":27,"enemies":"2 Thieves","floor":20,"turns":3},{"damage":36,"enemies":"Slavers","floor":24,"turns":4},{"damage":12,"enemies":"Centurion and Healer","floor":25,"turns":2}],"seed_played":"-8428195529426033465","potions_obtained":[{"floor":2.0,"key":"Fire Potion"},{"floor":7.0,"key":"Ancient Potion"},{"floor":8.0,"key":"ColorlessPotion"},{"floor":10.0,"key":"FearPotion"},{"floor":14,"key":"SpeedPotion"},{"floor":20,"key":"AttackPotion"}],"is_trial":false,"path_per_floor":["M","M","M","M","?","R","M","E","T","M","M","R","$","E","R","B",null,"M","?","M","?","?","R","E","M"],"character_chosen":"DEFECT","items_purchased":["Lee\u0027s Waffle","Capacitor","Coolheaded"],"campfire_rested":1,"item_purchase_floors":[13,13,13],"current_hp_per_floor":[64,64,64,52,41,41,35,27,27,27,27,27,78,67,67,50,71,70,70,43,22,16,39,3,0,0],"gold":175,"neow_bonus":"THREE_ENEMY_KILL","is_daily":false,"chose_seed":false,"campfire_upgraded":3,"win_rate":0.0,"timestamp":1614117276,"path_taken":["M","?","M","M","?","R","M","E","T","M","M","R","$","E","R","BOSS","M","?","M","?","?","R","E","?"],"items_purchased_type":["Relic","Card","Card"],"build_version":"2020-12-22","purchased_purges":0,"victory":false,"max_hp_per_floor":[71,71,71,71,71,71,71,71,71,71,71,71,78,78,78,78,78,78,78,78,78,78,78,78,78,78],"card_choices":[{"not_picked":["Redo","Leap"],"picked":"Static Discharge","floor":1.0},{"not_picked":["Coolheaded","Conserve Battery"],"picked":"Barrage","floor":2.0},{"not_picked":["Stack","Auto Shields"],"picked":"Rebound","floor":3.0},{"not_picked":["Compile Driver","White Noise"],"picked":"Defragment","floor":4.0},{"not_picked":["Rebound","White Noise"],"picked":"Go for the Eyes","floor":7.0},{"not_picked":["Steam Power","Amplify"],"picked":"Ball Lightning","floor":8.0},{"not_picked":["Stack","Go for the Eyes"],"picked":"Cold Snap","floor":10.0},{"not_picked":["Stack","Fusion","Compile Driver"],"picked":"SKIP","floor":11},{"not_picked":["Hologram","Double Energy"],"picked":"Conserve Battery","floor":14},{"not_picked":["Hyperbeam","Electrodynamics"],"picked":"Echo Form","floor":16},{"not_picked":["Ball Lightning","Blizzard"],"picked":"Redo+1","floor":18},{"not_picked":["Sweeping Beam","Force Field","Gash"],"picked":"SKIP","floor":20},{"not_picked":["Capacitor","Gash"],"picked":"Conserve Battery","floor":24}],"player_experience":401984,"relics_obtained":[{"floor":8.0,"key":"FossilizedHelix"},{"floor":14,"key":"Orichalcum"},{"floor":21,"key":"Necronomicon"},{"floor":24,"key":"Tiny Chest"}],"event_choices":[{"damage_healed":0.0,"max_hp_gain":0.0,"max_hp_loss":0.0,"gold_gain":75.0,"event_name":"betterThird:BetterGoop","player_choice":"Gold","floor":5.0,"gold_loss":0.0,"damage_taken":11.0},{"damage_healed":0,"gold_gain":0,"player_choice":"Opened","damage_taken":0,"relics_obtained":["Shuriken"],"max_hp_gain":0,"max_hp_loss":0,"event_name":"The Mausoleum","floor":19,"gold_loss":0,"cards_obtained":["Writhe"]},{"damage_healed":0,"gold_gain":0,"player_choice":"Obtained Book","damage_taken":21,"max_hp_gain":0,"max_hp_loss":0,"event_name":"Cursed Tome","floor":21,"gold_loss":0},{"damage_healed":0,"gold_gain":0,"player_choice":"Dagger","damage_taken":6,"max_hp_gain":0,"max_hp_loss":0,"event_name":"betterThird:BetterNest","floor":22,"gold_loss":0,"cards_obtained":["RitualDagger"]}],"is_beta":false,"boss_relics":[{"not_picked":["Tiny House","Coffee Dripper"],"picked":"SlaversCollar"}],"items_purged_floors":[],"is_endless":false,"potions_floor_spawned":[2,7,8,10,14,20],"killed_by":"Centurion and Healer","ascension_level":20}}