{"host":"2se5dq1do2gp0x9k","time":1614048740,"event":{"mods":["AchievementEnabler","BaseMod","Block Reminder","Colored Map","Colored Powertips","Minty Spire (QoL Compilation)","Relic Stats","StSLib","SuperFastMode"],"gold_per_floor":[112,112,127,44,60,60,88,103,154,154,187,187,219,145,145,145,145],"floor_reached":16,"language":"ENG","playtime":444,"items_purged":[],"score":224,"play_id":"10fbd4a3-284e-4b57-9600-1752906ab687","local_time":"20210222185220","is_ascension_mode":true,"campfire_choices":[{"data":"Eruption","floor":6,"key":"SMITH"},{"data":"Adaptation","floor":10,"key":"SMITH"},{"data":"Wallop","floor":12,"key":"SMITH"},{"data":"Vigilance","floor":15,"key":"SMITH"}],"circlet_count":0,"master_deck":["AscendersBane","Strike_P","Strike_P","Strike_P","Strike_P","Defend_P","Defend_P","Defend_P","Defend_P","Eruption+1","Vigilance+1","FollowUp","Adaptation+1","Wallop+1","FollowUp","FearNoEvil","Conclude"],"relics":["PureWater","NeowsBlessing","White Beast Statue","Damaru","Happy Flower","MealTicket"],"acts_visited":["Exordium"],"potions_floor_usage":[13,16,16],"damage_taken":[{"damage":0,"enemies":"2 Louse","floor":1,"turns":1},{"damage":0,"enemies":"Cultist","floor":3,"turns":1},{"damage":0,"enemies":"Jaw Worm","floor":5,"turns":1},{"damage":3,"enemies":"Gremlin Nob","floor":7,"turns":3},{"damage":0,"enemies":"3 Louse","floor":8,"turns":2},{"damage":9,"enemies":"Lagavulin","floor":11,"turns":7},{"damage":28,"enemies":"Gremlin Nob","floor":13,"turns":4},{"damage":13,"enemies":"Hexaghost","floor":16,"turns":7}],"seed_played":"-2384683782900217864","potions_obtained":[{"floor":3,"key":"Block Potion"},{"floor":7,"key":"ColorlessPotion"},{"floor":13,"key":"Dexterity Potion"}],"is_trial":false,"path_per_floor":["M","?","M","$","M","R","E","M","T","R","E","R","E","?","R","B"],"character_chosen":"WATCHER","items_purchased":["Wallop"],"campfire_rested":0,"item_purchase_floors":[4],"current_hp_per_floor":[61,51,51,51,51,51,48,48,48,48,39,39,11,11,11,0,0],"gold":145,"neow_bonus":"THREE_ENEMY_KILL","is_daily":false,"chose_seed":false,"campfire_upgraded":4,"win_rate":0.0,"timestamp":1614048740,"path_taken":["M","?","M","$","?","R","E","M","T","R","E","R","E","?","R","BOSS"],"items_purchased_type":["Card"],"build_version":"2020-12-22","purchased_purges":0,"victory":false,"max_hp_per_floor":[68,68,68,68,68,68,68,68,68,68,68,68,68,68,68,68,68],"relic_stats":{"Happy Flower":[3],"counters":[8,26],"MealTicket":0,"obtain_stats":[{"NeowsBlessing":0,"Happy Flower":11,"Damaru":9,"MealTicket":13,"PureWater":0,"White Beast Statue":7},{"NeowsBlessing":0,"Happy Flower":6,"Damaru":5,"MealTicket":7,"PureWater":0,"White Beast Statue":4},{"NeowsBlessing":0,"Happy Flower":15,"Damaru":8,"MealTicket":19,"PureWater":0,"White Beast Statue":6}]},"card_choices":[{"not_picked":["Halt","Crescendo"],"picked":"FollowUp","floor":1},{"not_picked":["Protect","Halt"],"picked":"Adaptation","floor":3},{"not_picked":["CrushJoints","SashWhip"],"picked":"FollowUp","floor":5},{"not_picked":["ClearTheMind","Collect"],"picked":"FearNoEvil","floor":7},{"not_picked":["Weave","FlyingSleeves","Collect"],"picked":"SKIP","floor":8},{"not_picked":["Establishment","EmptyBody","FlyingSleeves"],"picked":"SKIP","floor":11},{"not_picked":["PathToVictory","SignatureMove"],"picked":"Conclude","floor":13}],"player_experience":4120918,"relics_obtained":[{"floor":7,"key":"White Beast Statue"},{"floor":9,"key":"Damaru"},{"floor":11,"key":"Happy Flower"},{"floor":13,"key":"MealTicket"}],"event_choices":[{"damage_healed":0,"gold_gain":0,"player_choice":"Damaged","damage_taken":10,"max_hp_gain":0,"max_hp_loss":0,"event_name":"Wheel of Change","floor":2,"gold_loss":0},{"damage_healed":0,"gold_gain":0,"player_choice":"Left Gold","damage_taken":0,"max_hp_gain":0,"max_hp_loss":0,"event_name":"World of Goop","floor":14,"gold_loss":74}],"is_beta":false,"boss_relics":[],"items_purged_floors":[],"is_endless":false,"potions_floor_spawned":[3,7,8,11,13],"killed_by":"Hexaghost","ascension_level":18}}