{"host":"hk6dj51uwihyiztj","time":1614095558,"event":{"mods":["BaseMod","Block Reminder","Infinite Spire","Minty Spire (QoL Compilation)","Permanent Neow","Quick Restart","Reliquary","Replay The Spire","StSLib","SuperFastMode"],"gold_per_floor":[116,126,143,156,156,168,168,186,186,202,229,229,10,22,22,119,119,139,159,176,176,176],"floor_reached":21,"language":"ENG","playtime":1491,"items_purged":["Strike_G"],"score":187,"play_id":"dc985f71-ce03-4859-9b15-704210f03cd6","local_time":"20210223165238","is_ascension_mode":false,"campfire_choices":[{"floor":7,"key":"REST"},{"floor":12,"key":"REST"},{"floor":15,"key":"REST"}],"circlet_count":0,"master_deck":["Strike_G","Strike_G","Strike_G","Strike_G","Defend_G","Defend_G","Defend_G","Defend_G","Survivor","Neutralize","Flying Knee","Expertise","Outmaneuver","Accuracy","Blade Dance+1","Accuracy","Cloak And Dagger","Phantasmal Killer","Acrobatics","Quick Slash+1","Hidden Blade+1"],"relics":["Ring of the Snake","Akabeko","Potion Belt","reliquary:ExpiredCoupon","Ring of Chaos"],"acts_visited":["Exordium","TheCity"],"potions_floor_usage":[],"damage_taken":[{"damage":6,"enemies":"Jaw Worm","floor":1,"turns":4},{"damage":2,"enemies":"Small Slimes","floor":2,"turns":4},{"damage":1,"enemies":"2 Louse","floor":3,"turns":2},{"damage":35,"enemies":"Exordium Thugs","floor":4,"turns":8},{"damage":15,"enemies":"Gremlin Gang","floor":6,"turns":6},{"damage":0,"enemies":"Large Slime","floor":8,"turns":4},{"damage":4,"enemies":"Exordium Thugs","floor":10,"turns":5},{"damage":13,"enemies":"3 Sentries","floor":11,"turns":6},{"damage":0,"enemies":"Blue Slaver","floor":14,"turns":2},{"damage":24,"enemies":"Fading Forest","floor":16,"turns":11},{"damage":6,"enemies":"3 Byrds","floor":18,"turns":4},{"damage":17,"enemies":"2 Thieves","floor":19,"turns":4},{"damage":13,"enemies":"Centurion and Healer","floor":20,"turns":6},{"damage":49,"enemies":"Cultist and Chosen","floor":21,"turns":4}],"seed_played":"-8977252971230313991","potions_obtained":[{"floor":2,"key":"Ancient Potion"},{"floor":4,"key":"Poison Potion"},{"floor":8,"key":"ColorlessPotion"},{"floor":14,"key":"LiquidBronze"},{"floor":16,"key":"Adrenaline Potion"}],"is_trial":true,"path_per_floor":["M","M","M","M","?","M","R","M","T","M","E","R","$","M","R","B",null,"M","M","M","M"],"character_chosen":"THE_SILENT","items_purchased":["reliquary:ExpiredCoupon"],"campfire_rested":3,"item_purchase_floors":[13],"current_hp_per_floor":[64,62,61,26,26,11,32,32,32,28,15,36,36,36,57,43,70,64,47,34,0,0],"gold":176,"neow_bonus":"","is_daily":false,"chose_seed":false,"campfire_upgraded":0,"win_rate":0.0,"timestamp":1614095558,"path_taken":["M","M","M","M","?","M","R","M","T","M","E","R","$","M","R","BOSS","M","M","M","M"],"items_purchased_type":["Relic"],"build_version":"2020-12-22","purchased_purges":1,"victory":false,"max_hp_per_floor":[70,70,70,70,70,70,70,70,70,70,70,70,70,70,70,70,70,70,70,70,70,70],"card_choices":[{"not_picked":["Distraction","PiercingWail"],"picked":"Flying Knee","floor":1},{"not_picked":["Bane","Prepared"],"picked":"Expertise","floor":2},{"not_picked":["Sneak Up","PiercingWail"],"picked":"Outmaneuver","floor":3},{"not_picked":["Acrobatics","Dagger Throw"],"picked":"Accuracy","floor":4},{"not_picked":["Setup","Deadly Poison"],"picked":"Accuracy","floor":6},{"not_picked":["Distraction","Acrobatics","Flying Knee"],"picked":"SKIP","floor":8},{"not_picked":["Atom Bomb","Sneak Up"],"picked":"Cloak And Dagger","floor":10},{"not_picked":["Dodge and Roll","Slice","Heel Hook"],"picked":"SKIP","floor":11},{"not_picked":["Deflect","Bane","Deadly Poison"],"picked":"SKIP","floor":14},{"not_picked":["Malaise","Corpse Explosion"],"picked":"Phantasmal Killer","floor":16},{"not_picked":["Slice","Deflect+1"],"picked":"Acrobatics","floor":18},{"not_picked":["PiercingWail","Deflect"],"picked":"Quick Slash+1","floor":19},{"not_picked":["Sucker Punch","Dodge and Roll"],"picked":"Hidden Blade+1","floor":20}],"player_experience":121606,"relics_obtained":[{"floor":9,"key":"Akabeko"},{"floor":11,"key":"Potion Belt"}],"event_choices":[],"is_beta":false,"boss_relics":[{"not_picked":["Velvet Choker","Snecko Eye"],"picked":"Ring of Chaos"}],"items_purged_floors":[13],"is_endless":false,"potions_floor_spawned":[2,4,8,14,16,20],"killed_by":"Cultist and Chosen","ascension_level":0}}