{"host":"o3b7ow6d1xe49css","time":1614123279,"event":{"mods":["Act Like it!","Aspiration","BaseMod","Bestiary","Better Altar","Better Match","Better Note","Better Sensory Stone","Better Skull","Better Third Choice","Colored Powertips","Conspire","Energized Spire","Force Act Four","GifTheSpireLib","Halation","Hermit","Hubris","Infinite Spire","Lobotomy","Minty Spire (QoL Compilation)","Quick Restart","Rare Cards Sparkle","Relic Filter Mod","Reliquary","Replay The Spire","Spicy Shops","Spikes Relics","StSLib","Stuff the Spire","The Blue Laboratory","The Jungle","Wandering Minibosses"],"gold_per_floor":[114,131,149,149,7,7,38,68,95,121,121,156,191,204,204,276,276,295,295,309,339,289,318,349,384,410,444,444,472,73,86,86,160,160,174,191,106,106,106,106,131,165,165,15,15,15,15,41,41,114,190,190,190,32,67,67,67],"floor_reached":56,"language":"ENG","playtime":8895,"items_purged":["Clumsy","Scorched","Writhe","Voices","Strike_P","Strike_P","WindmillStrike"],"score":2741,"play_id":"7bf68674-fa5f-4dd3-bed8-220ef82225c7","local_time":"20210223143439","daily_mods":["Heirloom","Flight"],"is_ascension_mode":true,"campfire_choices":[{"data":"Eruption","floor":6,"key":"SMITH"},{"data":"Replay:AtTheReady","floor":11,"key":"SMITH"},{"floor":15,"key":"RECALL"},{"floor":28,"key":"REST"},{"floor":32,"key":"REST"},{"data":"hubris:Rewind","floor":40,"key":"SMITH"},{"data":"Vault","floor":45,"key":"SMITH"},{"data":"DevaForm","floor":46,"key":"SMITH"},{"floor":49,"key":"REST"},{"data":"Vault","floor":53,"key":"SMITH"}],"circlet_count":0,"master_deck":["AscendersBane","Strike_P+1","Strike_P","Defend_P","Defend_P+1","Defend_P","Defend_P+1","Eruption+1","Vigilance","CutThroughFate+1","Replay:AtTheReady+1","UniverseFragment","Indignation","Tantrum","Consecrate+1","Fasting2","Vault+1","ReplayTheSpireMod:??????????????????????","DevaForm+1","ClearTheMind+1","hubris:Rewind+1","BowlingBash+1","Fasting2","Halt","Vault+1","Protect"],"relics":["PureWater","Ring of Chaos","conspire:InfiniteJournal","CogitoBucket","Lantern","ReplayTheSpireMod:Lightbulb","Vajra","infinitespire:CheckeredPen","Molten Egg 2","MiniBlackHole","SkinProphecy","Runic Pyramid","wanderingMiniBosses:AbyssPearl","Replay:WaspNest","Replay:Purple Gloves","StuffTheSpire:Experiment12","reliquary:Buckler","StuffTheSpire:CocoNut","halation:LettersToHer","conspire:DeflatedDodgeball","Girya","ReplayTheSpireMod:CursedCoin","ChangeAnything","conspire:SpecialSausage","hubris:Icosahedron","Replay:Rubber Ducky","Replay:Wax Seal","Question Card","The Courier","infinitespire:Lucky Rock","conspire:RunicOctahedron","Ring of Chaos","Omamori","infinitespire:ShieldingShard"],"acts_visited":["Exordium","TheCity","TheBeyond","Exordium","TheEnding"],"potions_floor_usage":[12,18,29,29,33,35,41,41,42,50,56,56],"damage_taken":[{"damage":2,"enemies":"Jaw Worm","floor":1,"turns":4},{"damage":0,"enemies":"Cultist","floor":2,"turns":2},{"damage":0,"enemies":"conspire:RoseBush","floor":3,"turns":2},{"damage":1,"enemies":"Replay:BlueRogue","floor":7,"turns":3},{"damage":0,"enemies":"Lagavulin","floor":8,"turns":2},{"damage":0,"enemies":"Gremlin Nob","floor":10,"turns":2},{"damage":11,"enemies":"Replay:BlueRogue","floor":12,"turns":2},{"damage":0,"enemies":"Lagavulin","floor":13,"turns":2},{"damage":0,"enemies":"Large Slime","floor":14,"turns":1},{"damage":16,"enemies":"Hexaghost","floor":16,"turns":5},{"damage":0,"enemies":"3 Byrds","floor":18,"turns":5},{"damage":0,"enemies":"Chosen","floor":20,"turns":2},{"damage":0,"enemies":"conspire:MimicChest","floor":21,"turns":2},{"damage":0,"enemies":"Gremlin Leader","floor":23,"turns":3},{"damage":0,"enemies":"conspire:SneckoGhost","floor":24,"turns":4},{"damage":0,"enemies":"conspire:Head Lice","floor":25,"turns":5},{"damage":0,"enemies":"Nightmare","floor":27,"turns":5},{"damage":0,"enemies":"Gremlin Leader","floor":29,"turns":2},{"damage":18,"enemies":"Sentry and Sphere","floor":31,"turns":4},{"damage":14,"enemies":"hubris:MusketHawk","floor":33,"turns":7},{"damage":1,"enemies":"Orb Walker","floor":35,"turns":4},{"damage":10,"enemies":"3 Shapes","floor":36,"turns":3},{"damage":0,"enemies":"Nemesis","floor":41,"turns":3},{"damage":0,"enemies":"Giant Head","floor":42,"turns":5},{"damage":3,"enemies":"Time Eater","floor":50,"turns":6},{"damage":36,"enemies":"Awakened One","floor":51,"turns":8},{"damage":24,"enemies":"Shield and Spear","floor":55,"turns":6},{"damage":80,"enemies":"The Heart","floor":56,"turns":7}],"seed_played":"1855776247124932590","potions_obtained":[{"floor":3,"key":"PowerPotion"},{"floor":4,"key":"blueLaboratory:HummingbirdPotion"},{"floor":7,"key":"DuplicationPotion"},{"floor":18,"key":"StancePotion"},{"floor":25,"key":"DuplicationPotion"},{"floor":27,"key":"Fruit Juice"},{"floor":33,"key":"EntropicBrew"},{"floor":35,"key":"FearPotion"},{"floor":41,"key":"PowerPotion"},{"floor":51,"key":"blueLaboratory:EpiphanyPotion"}],"is_trial":true,"path_per_floor":["M","M","M","?","$","R","E","E","T","E","R","E","E","M","R","B",null,"M","AVR","M","?","?","E","E","E","T","NM","R","E","$","M","R","B",null,"M","M","$","?","?","R","E","E","T","$","R","R","AVR","T","R","B","B",null,"R","$","E","B"],"character_chosen":"WATCHER","items_purchased":["Lantern","BowlingBash+1","Fasting2","ReplayTheSpireMod:CursedCoin","GamblersBrew","Omamori","SteroidPotion","blueLaboratory:BottleOfVodka"],"campfire_rested":3,"item_purchase_floors":[5,30,30,30,30,54,54,54],"current_hp_per_floor":[59,59,59,59,59,59,58,58,58,58,58,47,47,47,47,27,59,55,55,51,47,47,43,39,42,42,38,65,66,66,40,70,52,91,86,72,72,72,72,72,68,64,64,64,64,64,64,64,97,90,50,112,112,112,84,0,0],"gold":67,"neow_bonus":"","is_daily":false,"chose_seed":false,"campfire_upgraded":6,"win_rate":0.0,"timestamp":1614123279,"path_taken":["M","M","M","?","$","R","E","E","T","E","R","E","E","?","R","BOSS","M","AVR","M","?","?","E","E","E","T","NM","R","E","$","?","R","BOSS","M","M","$","?","?","R","E","E","T","$","R","R","AVR","?","R","BOSS","BOSS","R","$","E","BOSS"],"items_purchased_type":["Card","Card","Card","Relic","Potion","Relic","Potion","Potion"],"build_version":"2020-12-22","purchased_purges":7,"victory":false,"max_hp_per_floor":[68,68,68,68,68,68,68,68,68,68,68,68,68,68,68,70,70,72,72,74,76,76,78,80,89,89,91,91,98,98,102,102,104,104,106,108,108,108,108,108,110,112,112,112,112,112,112,112,112,114,116,116,116,116,118,120,120],"card_choices":[{"not_picked":["SashWhip","FlurryOfBlows"],"picked":"CutThroughFate","floor":1},{"not_picked":["LittlePrince","Yin"],"picked":"Scorched","floor":1},{"not_picked":["Wireheading","Replay:ManipulateFuture"],"picked":"Replay:AtTheReady","floor":2},{"not_picked":["LittlePrince","Alriune","BeautyBeast"],"picked":"Singing Bowl","floor":2},{"not_picked":["MeatLantern","Murderer"],"picked":"UniverseFragment","floor":2},{"not_picked":["SashWhip","ForeignInfluence"],"picked":"Indignation","floor":3},{"not_picked":["CutThroughFate","InnerPeace"],"picked":"Tantrum","floor":7},{"not_picked":["CutThroughFate","WheelKick"],"picked":"WindmillStrike","floor":8},{"not_picked":["ConjureBlade","PathToVictory","FollowUp"],"picked":"SKIP","floor":10},{"not_picked":["PathToVictory","Replay:BluntJabs+1"],"picked":"Consecrate+1","floor":12},{"not_picked":["LikeWater","ConjureBlade"],"picked":"Fasting2","floor":13},{"not_picked":["FollowUp+1","EmptyBody","CutThroughFate+1"],"picked":"SKIP","floor":14},{"not_picked":["Judgement","MasterReality"],"picked":"Vault","floor":16},{"not_picked":["SignatureMove+1","Conclude+1","FlurryOfBlows+1"],"picked":"SKIP","floor":18},{"not_picked":["Collect","WheelKick+1","FollowUp+1"],"picked":"SKIP","floor":20},{"not_picked":["PathToVictory","Crescendo"],"picked":"DevaForm","floor":23},{"not_picked":["ClearTheMind+1","Wish","CrushJoints+1"],"picked":"SKIP","floor":24},{"not_picked":["Wish","CrushJoints+1"],"picked":"ClearTheMind+1","floor":24},{"not_picked":["Fasting2","Pray","ThirdEye"],"picked":"SKIP","floor":25},{"not_picked":["infinitespire:Collect","infinitespire:NeuralNetwork"],"picked":"hubris:Rewind","floor":27},{"not_picked":["FearNoEvil+1","Judgement","PathToVictory"],"picked":"SKIP","floor":27},{"not_picked":["Evaluate","Sanctity","PathToVictory"],"picked":"SKIP","floor":29},{"not_picked":["ForeignInfluence+1","Replay:Cycle"],"picked":"Halt","floor":31},{"not_picked":["ConjureBlade","Establishment"],"picked":"Vault","floor":33},{"not_picked":["Study","Sanctity+1","SignatureMove+1"],"picked":"SKIP","floor":35},{"not_picked":["Study","Sanctity+1","SignatureMove+1"],"picked":"SKIP","floor":35},{"not_picked":["Fasting2","JustLucky+1"],"picked":"Protect","floor":36},{"not_picked":["Study","Conclude+1","Judgement"],"picked":"SKIP","floor":41},{"not_picked":["EmptyBody","MentalFortress","JustLucky+1"],"picked":"SKIP","floor":42},{"not_picked":["EmptyBody","MentalFortress","JustLucky+1"],"picked":"SKIP","floor":42},{"not_picked":["Judgement","Replay:Battleflow","ThirdEye","BowlingBash+1"],"picked":"SKIP","floor":55},{"not_picked":["Judgement","Replay:Battleflow","ThirdEye","BowlingBash+1"],"picked":"SKIP","floor":55}],"player_experience":1472551,"relics_obtained":[{"floor":7,"key":"ReplayTheSpireMod:Lightbulb"},{"floor":8,"key":"Vajra"},{"floor":10,"key":"infinitespire:CheckeredPen"},{"floor":12,"key":"Molten Egg 2"},{"floor":13,"key":"MiniBlackHole"},{"floor":18,"key":"wanderingMiniBosses:AbyssPearl"},{"floor":21,"key":"Replay:Purple Gloves"},{"floor":23,"key":"StuffTheSpire:Experiment12"},{"floor":24,"key":"reliquary:Buckler"},{"floor":25,"key":"StuffTheSpire:CocoNut"},{"floor":26,"key":"halation:LettersToHer"},{"floor":27,"key":"conspire:DeflatedDodgeball"},{"floor":29,"key":"Girya"},{"floor":41,"key":"Replay:Rubber Ducky"},{"floor":42,"key":"Replay:Wax Seal"},{"floor":43,"key":"halation:LettersToHer"},{"floor":43,"key":"Question Card"},{"floor":48,"key":"halation:LettersToHer"},{"floor":48,"key":"infinitespire:Lucky Rock"},{"floor":55,"key":"infinitespire:ShieldingShard"}],"event_choices":[{"damage_healed":0,"gold_gain":0,"player_choice":"Got Potions","damage_taken":0,"max_hp_gain":0,"max_hp_loss":0,"event_name":"Lab","floor":4,"gold_loss":0},{"damage_healed":0,"gold_gain":0,"player_choice":"Upgraded Two","damage_taken":0,"max_hp_gain":0,"max_hp_loss":0,"event_name":"Designer","floor":22,"gold_loss":50,"cards_upgraded":["Defend_P","Defend_P"]}],"is_beta":false,"boss_relics":[{"not_picked":["halation:Yufonium","Replay:Ancient Bell"],"picked":"Runic Pyramid"},{"not_picked":["infinitespire:Cupcake","StuffTheSpire:RunicHypercube"],"picked":"conspire:SpecialSausage"},{"not_picked":["Replay:Drink Me","ReplayTheSpireMod:DimensionalGlitch"],"picked":"conspire:RunicOctahedron"}],"items_purged_floors":[5,19,30,37,44,47,54],"is_endless":true,"potions_floor_spawned":[3,7,10,18,25,27,33,35,41,51],"killed_by":"The Heart","ascension_level":20}}