{"host":"e4wnmsyty9uvvtwf","time":1614075052,"event":{"mods":["BaseMod","Colored Map","Colored Powertips","Hermit","Minty Spire (QoL Compilation)","StSLib"],"gold_per_floor":[366,70,88,159,171,171,202,202,202,202,202,202,213,228,228,228,228],"floor_reached":16,"language":"ZHS","playtime":471,"items_purged":[],"score":100,"play_id":"542d8392-024c-49e9-b2d6-7df9a607f741","local_time":"20210223181052","is_ascension_mode":false,"campfire_choices":[{"data":"hermit:Snapshot","floor":6,"key":"SMITH"},{"data":"hermit:Covet","floor":10,"key":"SMITH"},{"data":"hermit:ItchyTrigger","floor":12,"key":"SMITH"},{"floor":15,"key":"REST"}],"circlet_count":0,"master_deck":["hermit:Strike_Hermit","hermit:Strike_Hermit","hermit:Strike_Hermit","hermit:Strike_Hermit","hermit:Defend_Hermit","hermit:Defend_Hermit","hermit:Defend_Hermit","hermit:Defend_Hermit","hermit:Snapshot+1","hermit:Covet+1","hermit:Deadeye","hermit:ItchyTrigger+1","hermit:Vantage+1","hermit:Virtue","hermit:HoleUp"],"relics":["hermit:Momento","Omamori","OrangePellets","Frozen Egg 2","Kunai","Mummified Hand"],"acts_visited":["Exordium"],"potions_floor_usage":[7],"damage_taken":[{"damage":0,"enemies":"Small Slimes","floor":1,"turns":2},{"damage":0,"enemies":"Cultist","floor":3,"turns":3},{"damage":6,"enemies":"Jaw Worm","floor":5,"turns":4},{"damage":13,"enemies":"Gremlin Nob","floor":7,"turns":4},{"damage":11,"enemies":"Large Slime","floor":13,"turns":4},{"damage":0,"enemies":"2 Fungi Beasts","floor":14,"turns":4},{"damage":23,"enemies":"Slime Boss","floor":16,"turns":10}],"seed_played":"3663092359780191611","potions_obtained":[{"floor":1,"key":"Block Potion"},{"floor":3,"key":"Dexterity Potion"},{"floor":13,"key":"Swift Potion"}],"is_trial":false,"path_per_floor":["M","$","M","?","M","R","E","?","T","R","?","R","M","M","R","B"],"character_chosen":"HERMIT","items_purchased":["Omamori","OrangePellets"],"campfire_rested":1,"item_purchase_floors":[2,2],"current_hp_per_floor":[54,54,54,54,48,48,35,32,32,32,32,32,21,21,43,20,20],"gold":228,"neow_bonus":"TWO_FIFTY_GOLD","is_daily":false,"chose_seed":false,"campfire_upgraded":3,"win_rate":0.0,"timestamp":1614075052,"path_taken":["M","$","M","?","M","R","E","?","T","R","?","R","?","M","R","BOSS"],"items_purchased_type":["Relic","Relic"],"build_version":"2020-12-22","purchased_purges":0,"victory":false,"max_hp_per_floor":[75,75,75,75,75,75,75,75,75,75,75,75,75,75,75,75,75],"card_choices":[{"not_picked":["hermit:Determination","hermit:Misfire"],"picked":"hermit:Deadeye","floor":1},{"not_picked":["hermit:BodyArmor","hermit:LowProfile","hermit:CursedWeapon"],"picked":"SKIP","floor":3},{"not_picked":["hermit:Desperado","hermit:Roulette"],"picked":"hermit:ItchyTrigger","floor":5},{"not_picked":["hermit:Desperado","hermit:FullyLoaded"],"picked":"hermit:Vantage","floor":7},{"not_picked":["hermit:Vantage","hermit:Desperado"],"picked":"hermit:Virtue","floor":13},{"not_picked":["hermit:Feint","hermit:Snipe"],"picked":"hermit:HoleUp","floor":14}],"player_experience":522891,"relics_obtained":[{"floor":7,"key":"Frozen Egg 2"},{"floor":9,"key":"Mummified Hand"}],"event_choices":[{"damage_healed":0,"gold_gain":71,"player_choice":"Gained Gold","damage_taken":0,"max_hp_gain":0,"max_hp_loss":0,"event_name":"Golden Wing","floor":4,"gold_loss":0},{"damage_healed":0,"gold_gain":0,"player_choice":"Success","damage_taken":3,"relics_obtained":["Kunai"],"max_hp_gain":0,"max_hp_loss":0,"event_name":"Scrap Ooze","floor":8,"gold_loss":0},{"damage_healed":0,"gold_gain":0,"player_choice":"Upgraded","damage_taken":0,"max_hp_gain":0,"max_hp_loss":0,"event_name":"Upgrade Shrine","floor":11,"gold_loss":0,"cards_upgraded":["hermit:Vantage"]}],"is_beta":false,"boss_relics":[],"items_purged_floors":[],"is_endless":false,"potions_floor_spawned":[1,3,13],"killed_by":"Slime Boss","ascension_level":0}}