{"host":"yml0ux6c8lqydjlc","time":1614048169,"event":{"mods":["Aspiration","BaseMod","Conspire","Downfall","Hermit","Jedi Mod","Minty Spire (QoL Compilation)","Robot Space Explorer","StSLib"],"gold_per_floor":[99,99,99,99,99,109,184,195,195,195,55,55,68,80,99,198,198,98,98,115,75,95,95,95,113,113,13,32,51,51,51,51],"floor_reached":30,"language":"ENG","playtime":2032,"items_purged":["Slimebound:Strike_Slimebound"],"score":220,"play_id":"120d7c6a-6480-4f57-ba8c-635f3fd7c500","local_time":"20210222214249","is_ascension_mode":false,"campfire_choices":[{"floor":1,"key":"RECALL"},{"data":"Slimebound:CorrosiveSpit","floor":12,"key":"SMITH"},{"data":"Slimebound:FirmFortitude","floor":18,"key":"SMITH"},{"data":"Slimebound:FinishingTackle","floor":27,"key":"SMITH"}],"circlet_count":0,"master_deck":["Slimebound:Tackle","Slimebound:Defend_Slimebound","Slimebound:Defend_Slimebound","Slimebound:Defend_Slimebound","Slimebound:Defend_Slimebound","Slimebound:Split","Slimebound:CorrosiveSpit+1","Slimebound:SplitMire","Slimebound:GoopSpray","Slimebound:LeadByExample","Slimebound:Schlurp","Slimebound:LivingWall","Slimebound:LeechingTouch","Slimebound:ItLooksTasty","Slimebound:SplitBruiser","Slimebound:HauntingLick","Slimebound:SplitLeeching","Slimebound:FirmFortitude+1","Slimebound:DisruptingSlam","Slimebound:PressTheAttack+1","Slimebound:Schlurp+1","Slimebound:FinishingTackle+1","Slimebound:SamplingLick+1","Slimebound:SplitAcid","RitualDagger+1","Slimebound:PressTheAttack"],"relics":["Slimebound:AbsorbEndCombat","downfall:HeartsMalice","Empty Cage","downfall:HeartBlessingBlue","MutagenicStrength","Incense Burner","downfall:HeartBlessingRed"],"acts_visited":["Exordium","TheCity"],"potions_floor_usage":[11,16,21,30,30,30],"damage_taken":[{"damage":0,"enemies":"Small Slimes","floor":2,"turns":1},{"damage":0,"enemies":"2 Louse","floor":4,"turns":1},{"damage":0,"enemies":"conspire:RoseBush","floor":5,"turns":1},{"damage":6,"enemies":"2 Fungi Beasts","floor":6,"turns":4},{"damage":18,"enemies":"3 Louse","floor":8,"turns":4},{"damage":0,"enemies":"downfall:FleeingMerchant","floor":11,"turns":4},{"damage":0,"enemies":"downfall:LooterAlt","floor":13,"turns":3},{"damage":4,"enemies":"Large Slime","floor":14,"turns":5},{"damage":1,"enemies":"Red Slaver","floor":15,"turns":3},{"damage":18,"enemies":"DF_ARCHETYPE_STREAMLINE","floor":16,"turns":9},{"damage":0,"enemies":"Chosen","floor":19,"turns":1},{"damage":9,"enemies":"Shell Parasite","floor":20,"turns":5},{"damage":5,"enemies":"downfall:FleeingMerchant","floor":21,"turns":4},{"damage":39,"enemies":"Centurion and Healer","floor":22,"turns":5},{"damage":16,"enemies":"Shelled Parasite and Fungi","floor":25,"turns":5},{"damage":21,"enemies":"Snake Plant","floor":28,"turns":3},{"damage":2,"enemies":"conspire:HollyBat","floor":29,"turns":5},{"damage":17,"enemies":"Slavers","floor":30,"turns":1}],"seed_played":"1699577021995270790","potions_obtained":[{"floor":6,"key":"jedi:wingpotion"},{"floor":8,"key":"Slimebound:ThreeZeroPotion"},{"floor":13,"key":"Fire Potion"},{"floor":16,"key":"hexamod:SoulburnPotion"},{"floor":20,"key":"hexamod:SoulburnPotion"},{"floor":22,"key":"Explosive Potion"},{"floor":26,"key":"CultistPotion"}],"is_trial":false,"path_per_floor":["R","M","?","M","M","M","T","M","?","?","$","R","M","M","M","B",null,"R","M","M","$","M","?","T","M","?","R","M","M","E"],"character_chosen":"SLIMEBOUND","items_purchased":["Slimebound:ItLooksTasty","Slimebound:FinishingTackle"],"campfire_rested":0,"item_purchase_floors":[11,21],"current_hp_per_floor":[65,65,65,65,65,63,63,49,49,49,55,55,59,61,62,51,65,75,75,72,72,41,41,41,33,33,33,14,16,0,0,0],"gold":51,"neow_bonus":"THREE_ENEMY_KILL","is_daily":false,"chose_seed":false,"campfire_upgraded":3,"win_rate":0.0,"timestamp":1614048169,"path_taken":["R","M","?","M","M","M","T","M","?","?","$","R","M","?","M","BOSS","R","M","M","$","M","?","T","M","?","R","M","M","E"],"items_purchased_type":["Card","Card"],"build_version":"2020-12-22","purchased_purges":1,"victory":false,"max_hp_per_floor":[65,65,65,65,65,65,65,65,65,65,65,65,65,65,65,65,65,75,75,75,75,75,75,75,75,75,75,75,75,75,75,75],"card_choices":[{"not_picked":["Slimebound:GoopTackle","Slimebound:ForwardTackle"],"picked":"Slimebound:SplitMire","floor":2},{"not_picked":["Slimebound:PressTheAttack","Slimebound:SamplingLick"],"picked":"Slimebound:GoopSpray","floor":4},{"not_picked":["Slimebound:RollThrough","Slimebound:SlimeBrawl"],"picked":"Slimebound:LeadByExample","floor":5},{"not_picked":["Slimebound:Teamwork","Slimebound:SpikyOuterGoop"],"picked":"Slimebound:Schlurp","floor":6},{"not_picked":["Slimebound:SplitBruiser","Slimebound:SplitLeeching"],"picked":"Slimebound:LivingWall","floor":8},{"not_picked":["Slimebound:LeadByExample","Slimebound:PressTheAttack"],"picked":"Slimebound:LeechingTouch","floor":11},{"not_picked":["Slimebound:RollThrough","Slimebound:SpikyOuterGoop"],"picked":"Slimebound:SplitBruiser","floor":13},{"not_picked":["Slimebound:Grow","Slimebound:Schlurp"],"picked":"Slimebound:HauntingLick","floor":14},{"not_picked":["Slimebound:SpikyOuterGoop","Slimebound:MassRepurpose"],"picked":"Slimebound:SplitLeeching","floor":15},{"not_picked":["Slimebound:PrepareCrush","Slimebound:DouseInSlime"],"picked":"Slimebound:FirmFortitude","floor":16},{"not_picked":["Slimebound:Grow","Slimebound:LivingWall"],"picked":"Slimebound:DisruptingSlam","floor":19},{"not_picked":["Slimebound:GrowthPunch","Slimebound:SplitBruiser"],"picked":"Slimebound:PressTheAttack+1","floor":20},{"not_picked":["Slimebound:LivingWall","Slimebound:RejuvenatingLick"],"picked":"Slimebound:Schlurp+1","floor":21},{"not_picked":["Slimebound:Grow","Slimebound:SplitBruiser"],"picked":"Slimebound:SamplingLick+1","floor":22},{"not_picked":["Slimebound:ProtectTheBoss","Slimebound:HauntingLick"],"picked":"Slimebound:SplitAcid","floor":25},{"not_picked":["Slimebound:RollThrough","Slimebound:Chomp+1","Slimebound:LeadByExample+1"],"picked":"SKIP","floor":28},{"not_picked":["Slimebound:SplitMire","Slimebound:LivingWall"],"picked":"Slimebound:PressTheAttack","floor":29}],"player_experience":142344,"relics_obtained":[{"floor":24,"key":"Incense Burner"}],"event_choices":[{"damage_healed":0,"gold_gain":0,"player_choice":"Disagree","damage_taken":0,"max_hp_gain":0,"max_hp_loss":0,"event_name":"conspire:LoneGhost","floor":10,"gold_loss":0},{"damage_healed":0,"gold_gain":0,"player_choice":"Inject Mutagens","damage_taken":0,"relics_obtained":["MutagenicStrength"],"max_hp_gain":0,"max_hp_loss":0,"event_name":"Drug Dealer","floor":23,"gold_loss":0}],"is_beta":false,"boss_relics":[{"not_picked":["Runic Pyramid","Fusion Hammer"],"picked":"Empty Cage"}],"items_purged_floors":[11],"is_endless":false,"potions_floor_spawned":[6,8,13,16,20,22,28],"killed_by":"Slavers","ascension_level":0}}