{"host":"aqym1xxr3lb31d9m","time":1614084711,"event":{"mods":["BaseMod","Block Reminder","Colored Map","Colored Powertips","DeckTracker","Highlight Path","Minty Spire (QoL Compilation)","Quick Restart","Random Character Button","StSLib","SuperFastMode","UnlockEverythingMod"],"gold_per_floor":[12,12,12,25,25,25,35,35,109,109,67,86,121,84,84,157,157,173,173,173,197,197,197,197,197],"floor_reached":24,"language":"JPN","playtime":643,"items_purged":[],"score":405,"play_id":"b960d361-e8ef-48d3-ac3c-1524a1fa2299","local_time":"20210223215151","is_ascension_mode":true,"campfire_choices":[{"data":"Chaos","floor":6,"key":"SMITH"},{"data":"Ball Lightning","floor":8,"key":"SMITH"},{"floor":10,"key":"REST"},{"data":"Reinforced Body","floor":15,"key":"SMITH"},{"floor":23,"key":"REST"}],"circlet_count":0,"master_deck":["AscendersBane","Defend_B+1","Defend_B","Defend_B","Defend_B","Zap","Dualcast+1","Beam Cell+1","Chaos+1","Ball Lightning+1","Melter","Reinforced Body+1","Streamline+1","Capacitor","Meteor Strike+1","Rebound+1","Bite+1","Bite+1","Bite+1","Bite+1","Bite+1","Glacier","Necronomicurse"],"relics":["Cracked Core","Lizard Tail","Letter Opener","Molten Egg 2","Fusion Hammer","DataDisk","Necronomicon"],"acts_visited":["Exordium","TheCity"],"potions_floor_usage":[],"damage_taken":[{"damage":5,"enemies":"2 Louse","floor":1,"turns":3},{"damage":7,"enemies":"Small Slimes","floor":4,"turns":3},{"damage":2,"enemies":"Jaw Worm","floor":7,"turns":3},{"damage":12,"enemies":"Large Slime","floor":12,"turns":4},{"damage":7,"enemies":"Lagavulin","floor":13,"turns":5},{"damage":26,"enemies":"Hexaghost","floor":16,"turns":9},{"damage":32,"enemies":"2 Thieves","floor":18,"turns":3},{"damage":60,"enemies":"Slavers","floor":24,"turns":2}],"seed_played":"-5194754000964581743","potions_obtained":[{"floor":7,"key":"SteroidPotion"},{"floor":16,"key":"SteroidPotion"}],"is_trial":false,"path_per_floor":["M","?","?","M","$","R","M","R","T","R","$","M","E","$","R","B",null,"M","?","?","T","?","R","E"],"character_chosen":"DEFECT","items_purchased":["Melter","Capacitor"],"campfire_rested":2,"item_purchase_floors":[11,14],"current_hp_per_floor":[59,59,38,31,31,31,29,29,29,50,50,38,31,31,31,5,55,23,23,23,23,2,16,0,0],"gold":197,"neow_bonus":"ONE_RARE_RELIC","is_daily":false,"chose_seed":false,"campfire_upgraded":3,"win_rate":0.0,"timestamp":1614084711,"path_taken":["M","?","?","M","$","R","M","R","T","R","$","M","E","?","R","BOSS","M","?","?","?","?","R","E"],"items_purchased_type":["Card","Card"],"build_version":"2020-12-22","purchased_purges":0,"victory":false,"max_hp_per_floor":[71,71,71,71,71,71,71,71,71,71,71,71,71,71,71,71,71,71,49,49,49,49,49,49,49],"card_choices":[{"not_picked":["Gash","Sweeping Beam"],"picked":"Beam Cell","floor":1},{"not_picked":["Melter","Auto Shields"],"picked":"Chaos","floor":4},{"not_picked":["Hologram","Tempest"],"picked":"Ball Lightning","floor":7},{"not_picked":["Streamline","Turbo"],"picked":"Reinforced Body","floor":12},{"not_picked":["Storm","Redo"],"picked":"Streamline+1","floor":13},{"not_picked":["Reboot","Hyperbeam+1"],"picked":"Meteor Strike+1","floor":16},{"not_picked":["Static Discharge","Auto Shields"],"picked":"Rebound+1","floor":18}],"player_experience":4230441,"relics_obtained":[{"floor":9,"key":"Letter Opener"},{"floor":13,"key":"Molten Egg 2"},{"floor":21,"key":"DataDisk"},{"floor":22,"key":"Necronomicon"}],"event_choices":[{"damage_healed":0,"gold_gain":0,"player_choice":"Grow","damage_taken":0,"max_hp_gain":0,"max_hp_loss":0,"event_name":"Living Wall","floor":2,"gold_loss":0,"cards_upgraded":["Beam Cell"]},{"damage_healed":0,"gold_gain":0,"player_choice":"Entered Light","damage_taken":21,"max_hp_gain":0,"max_hp_loss":0,"event_name":"Shining Light","floor":3,"gold_loss":0,"cards_upgraded":["Defend_B","Dualcast"]},{"damage_healed":0,"gold_gain":0,"player_choice":"Became a vampire","damage_taken":0,"max_hp_gain":0,"max_hp_loss":22,"event_name":"Vampires","floor":19,"gold_loss":0,"cards_obtained":["Bite","Bite","Bite","Bite","Bite"]},{"damage_healed":0,"gold_gain":0,"player_choice":"Read","damage_taken":0,"max_hp_gain":0,"max_hp_loss":0,"event_name":"The Library","floor":20,"gold_loss":0,"cards_obtained":["Glacier"]},{"damage_healed":0,"gold_gain":0,"player_choice":"Obtained Book","damage_taken":21,"max_hp_gain":0,"max_hp_loss":0,"event_name":"Cursed Tome","floor":22,"gold_loss":0}],"is_beta":false,"boss_relics":[{"not_picked":["Busted Crown","Runic Dome"],"picked":"Fusion Hammer"}],"items_purged_floors":[],"is_endless":false,"potions_floor_spawned":[7,16],"killed_by":"Slavers","ascension_level":20}}