{"host":"w05x4i13f2m9joq1","time":1614058863,"event":{"mods":["100% Spire Juice","Act Like it!","BaseMod","Better Altar","Better Match","Better Note","Better Sensory Stone","Better Skull","Better Third Choice","BetterRewards","CapriCore","Colored Map","Colored Powertips","Defective Defect","Duelist Mod","Gensokyo","GifTheSpireLib","Googly Eyes","Infinite Spire","Ironclad Rager","Lobotomy","LobotomyExtend","Marisa????????","Melee Mod","Minty Spire (QoL Compilation)","Morshu Shopkeeper - ENHANCED","MostiFishMod","Quick Restart","Rare Cards Sparkle","Reliquary","Replay The Spire","Ruina","Shop Mod","Spicy Shops","Spire Birthday Party","StSLib","The Animator","The IronCluck","Uncapped","everything is the same but u backflip on backflip","slay the spire mod where everything is the same but ironclad has a cowboy hat"],"gold_per_floor":[109,109,72,72,95,95,110,143,143,164,164,204,98,98,98,98,98],"floor_reached":16,"language":"ENG","playtime":297,"items_purged":[],"score":210,"play_id":"8bb70e83-acb3-499e-9d29-086c8e1178d4","local_time":"20210223004103","daily_mods":["Hoarder","Specialized","Heirloom"],"is_ascension_mode":true,"campfire_choices":[{"floor":6,"key":"REST"},{"floor":11,"key":"REST"},{"floor":15,"key":"REST"}],"circlet_count":0,"master_deck":["Moonworks:Strike","Moonworks:Strike","Moonworks:Strike","Moonworks:Strike","Moonworks:Defend","Moonworks:Defend","Moonworks:Defend","Moonworks:Defend","Moonworks:Ambush","Moonworks:LongDistanceShot","Moonworks:IndiscriminateFireSupport","Moonworks:IndiscriminateFireSupport","Moonworks:IndiscriminateFireSupport","Moonworks:IndiscriminateFireSupport","Moonworks:IndiscriminateFireSupport","Moonworks:IndiscriminateFireSupport","Moonworks:IndiscriminateFireSupport","Moonworks:IndiscriminateFireSupport","Moonworks:IndiscriminateFireSupport","Moonworks:IndiscriminateFireSupport","Moonworks:IndiscriminateFireSupport","Moonworks:IndiscriminateFireSupport","Moonworks:IndiscriminateFireSupport","Moonworks:IndiscriminateFireSupport","Moonworks:IndiscriminateFireSupport","Moonworks:IndiscriminateFireSupport","Moonworks:IndiscriminateFireSupport","Moonworks:IndiscriminateFireSupport","Moonworks:MiracleRedBeanIceCream","Moonworks:MiracleRedBeanIceCream","Moonworks:MiracleRedBeanIceCream","Moonworks:NicePresent","Moonworks:NicePresent","Moonworks:NicePresent","Moonworks:LuckyCharm","Moonworks:LuckyCharm","Moonworks:LuckyCharm","Moonworks:BigMagnum","Moonworks:BigMagnum","Moonworks:BigMagnum"],"relics":["Moonworks:BrokenBomb","Moonworks:Homemark","DaveBox","MostiFishMod:Haymaker","Membership Card","SynthV:TestCard","LetterFromLob","Golden Idol","reliquary:FingerTrap","Molten Egg 2","infinitespire:WardingShard","reliquary:GummyVitamins"],"acts_visited":["Exordium"],"potions_floor_usage":[],"damage_taken":[{"damage":0,"enemies":"2 Louse","floor":1,"turns":1},{"damage":6,"enemies":"Cultist","floor":5,"turns":3},{"damage":12,"enemies":"Jaw Worm","floor":7,"turns":2},{"damage":10,"enemies":"3 Sentries","floor":8,"turns":2},{"damage":0,"enemies":"3 Louse","floor":10,"turns":1},{"damage":20,"enemies":"Gremlin Nob","floor":12,"turns":4},{"damage":13,"enemies":"Exordium Thugs","floor":13,"turns":2},{"damage":0,"enemies":"The Guardian","floor":16,"turns":1}],"seed_played":"6780444011439594811","potions_obtained":[{"floor":4,"key":"Energy Potion"},{"floor":4,"key":"SteroidPotion"},{"floor":4,"key":"FairyPotion"}],"is_trial":true,"path_per_floor":["M","?","$","?","M","R","M","E","T","M","R","E","M","?","R","B"],"character_chosen":"THE_STARBREAKER","items_purchased":["reliquary:FingerTrap"],"campfire_rested":3,"item_purchase_floors":[3],"current_hp_per_floor":[54,54,54,54,48,56,44,34,34,34,50,30,17,17,33,33,33],"gold":98,"neow_bonus":"","is_daily":false,"chose_seed":false,"campfire_upgraded":0,"win_rate":0.0,"timestamp":1614058863,"path_taken":["M","?","$","?","M","R","?","E","T","M","R","E","M","?","R","BOSS"],"items_purchased_type":["Relic"],"build_version":"2020-12-22","purchased_purges":0,"victory":false,"max_hp_per_floor":[60,56,56,56,56,56,56,56,56,56,56,56,56,56,56,56,56],"card_choices":[{"not_picked":["Moonworks:ExtendedPhotonRifle","Moonworks:SakisCookie"],"picked":"Moonworks:IndiscriminateFireSupport","floor":1},{"not_picked":["Moonworks:RedAndBlue","Moonworks:MiracleWalker","Moonworks:EvilSpyWorkPreparation","Moonworks:BindingChains","Moonworks:ImOnFire"],"picked":"SKIP","floor":5},{"not_picked":["Moonworks:Assault","Moonworks:SealedMemories","Moonworks:NicePresent","Moonworks:CompletionReward","Moonworks:TacticalRetreat"],"picked":"SKIP","floor":7},{"not_picked":["Moonworks:EvilSpyWorkPreparation","Moonworks:Assault+1","Moonworks:DevilHand+1","Moonworks:ImmovableObject"],"picked":"Moonworks:MiracleRedBeanIceCream","floor":8},{"not_picked":["Moonworks:MiracleRedBeanIceCream","Moonworks:SweetBattle","Moonworks:DeployBits","Moonworks:GoAway"],"picked":"Moonworks:NicePresent","floor":10},{"not_picked":["Moonworks:SakisCookie","Moonworks:LulusLuckyEgg","Moonworks:DeployBits","Moonworks:CastOff"],"picked":"Moonworks:LuckyCharm","floor":12},{"not_picked":["Moonworks:Poppoformation","Moonworks:CastOff","Moonworks:SakisCookie","Moonworks:Assault+1"],"picked":"Moonworks:BigMagnum","floor":13}],"player_experience":216013,"relics_obtained":[{"floor":1,"key":"SynthV:TestCard"},{"floor":1,"key":"LetterFromLob"},{"floor":8,"key":"Molten Egg 2"},{"floor":9,"key":"infinitespire:WardingShard"},{"floor":12,"key":"reliquary:GummyVitamins"}],"event_choices":[{"damage_healed":0,"gold_gain":0,"player_choice":"Lose Max HP","damage_taken":0,"relics_obtained":["Golden Idol"],"max_hp_gain":0,"max_hp_loss":4,"event_name":"Golden Idol","floor":2,"gold_loss":0},{"damage_healed":0,"gold_gain":0,"player_choice":"Got Potions","damage_taken":0,"max_hp_gain":0,"max_hp_loss":0,"event_name":"Lab","floor":4,"gold_loss":0}],"is_beta":false,"boss_relics":[],"items_purged_floors":[],"is_endless":false,"potions_floor_spawned":[7,8],"killed_by":"The Guardian","ascension_level":9}}