{"host":"edk8ruzv78x6jv19","time":1614123595,"event":{"mods":["BaseMod","Bestiary","Better Altar","Better Match","Better Note","Better Sensory Stone","Better Skull","Better Third Choice","Bossed Relics","Energized Spire","Evolution","Infinite Spire","Minty Spire (QoL Compilation)","Relic Stats","Replay The Spire","Spicy Shops","StSLib","The Blue Laboratory","UnlockEverythingMod","??????REMEMod"],"gold_per_floor":[115,265,265,265,24,24,42,42,93,124,159,159,185,200,250,327,327,345,345,22,22,3,36,48000,48000,48024,48054,46385,46397,46397,44376,44376,44454,44454,47361,47311,50381,53687,51835,55236,55236,55236,55236,55236,53344,56822,56841,56857,56857,56857,56857,56857,56857,55081,58696,57161],"floor_reached":57,"language":"ENG","playtime":1818,"items_purged":["Doubt"],"score":3279,"play_id":"57b2ecd6-3fec-464f-a8e2-0a5983ebb45c","local_time":"20210223173955","daily_mods":["SealedDeck","Heirloom","Time Dilation","Flight","DeadlyEvents","Elite Swarm","Lethality"],"is_ascension_mode":true,"campfire_choices":[{"floor":6.0,"key":"RECALL"},{"data":"Mind Blast","floor":8.0,"key":"SMITH"},{"floor":12.0,"key":"REST"},{"data":"Mind Blast","floor":30,"key":"SMITH"},{"floor":32,"key":"DIG"},{"floor":42,"key":"DIG"},{"floor":49,"key":"DIG"},{"floor":53,"key":"DIG"}],"circlet_count":0,"master_deck":["AscendersBane","Headbutt+1","Headbutt","Pommel Strike","ReplayTheSpireMod:Strike From Hell","ReplayTheSpireMod:Strike From Hell","REME_Cut","Flex+1","Heavy Blade","Twin Strike","Pommel Strike","Limit Break+1","Mind Blast+1","Mind Blast+1","Perfected Strike","Impervious","Body Slam+1","Reaper","REME_FearOfPain","J.A.X.","Flex","Flex","Havoc","Wild Strike","Anger","Flex","Berserk","Clash","ReplayTheSpireMod:Chaos Vortex","infinitespire:SevenWalls","infinitespire:FutureSight+1","ReplayTheSpireMod:??????????????????????","Demonic Infusion","Mind Blast+1","Reckless Charge+1","Enlightenment","Metamorphosis+1","Metamorphosis+1","Perfected Strike","Burning Pact","Flex","Dark Embrace","Pommel Strike+1","Reckless Charge","Anger+1","Anger","True Grit","Armaments","Metallicize+1","Replay:Sssssssssstrike","REME_HeartOfCthun","Armaments+1","Twin Strike+1","Limit Break","Havoc+1","REME_Fury","Combust","Combust","Feed","Uppercut","Trip","Master of Strategy","REME_Fury","ReplayTheSpireMod:Echoes of Time","infinitespire:Fortify","infinitespire:Menacing","ReplayTheSpireMod:Chaos Vortex","ReplayTheSpireMod:Necrogeddon","Panache","Panache","Replay:BasicMightCard+1","Heavy Blade","Feed","Flex","Seeing Red","Corruption","Transmutation","Dramatic Entrance","ReplayTheSpireMod:Uncanny Aura","Exhume","Dark Embrace","ReplayTheSpireMod:LeadingStrike+1","Pride","ReplayTheSpireMod:Strike From Hell","Swift Strike","REME_BodyOfCthun","Perfected Strike+1","Intimidate","Seeing Red","Seeing Red","Fire Breathing","Exhume"],"relics":["Burning Blood","EVO:Axolotl","REME_ComplimentaryCards","Another Sword","Blue Doll","War Paint","Ancient Tea Set","REME_PuzzleBoxRelic","Magic Flower","Red Skull","Replay:Rubber Ducky","Coffee Dripper","REME_OnlineShoppingPlatform","Darkstone Periapt","Orichalcum","Mark of Pain","Vajra","Peace Pipe","Shovel","Replay:Multitool","REME_CardOfGreed","DollysMirror","ReplayTheSpireMod:TigerMarble","Orichalcum","Pantograph","Whetstone","Guide Book","Charon\u0027s Ashes","infinitespire:Bottled Soul","Brimstone","Bag of Preparation","Ooze Armor","infinitespire:EvilPickle","PreservedInsect","Potion Belt","Chameleon Ring","TheAbacus","Frozen Eye","infinitespire:Satchel","Happy Flower","Replay:Bottled Steam","REME_DuelDisc","ReplayTheSpireMod:EnergyBall","Mirror","infinitespire:Beetle Shell","ReplayTheSpireMod:Ninjato","Onion Ring","Cauldron","ReplayTheSpireMod:ShopPack","Lantern","Bronze Scales","White Beast Statue","Gremlin Horn","Bottled Flame","Lee\u0027s Waffle","Boot","Replay:Baseball","OrangePellets","Replay:Towering Pillar of Hats","Divine Protection"],"acts_visited":["Exordium","TheCity","TheBeyond","TheEnding"],"potions_floor_usage":[37,56,56,56,56,56,56,56,56,56,56,56,56,56,56,56,56,56,56,56,56,56,56,56,56,56,56,56,56,56,56,56,56,56,56,56,56,56,56,56,56,56,56,56,56,56,56,56,56,56,56,56,56,56,56,56,56,56,56,56,56,56,56,56,56,56,56,56,56,56,56,56,56,56,56,56,56,56,56,56],"damage_taken":[{"damage":9.0,"enemies":"2 Louse","floor":1.0,"turns":2.0},{"damage":0.0,"enemies":"Jaw Worm","floor":7.0,"turns":1.0},{"damage":23.0,"enemies":"Lagavulin","floor":10.0,"turns":3.0},{"damage":13.0,"enemies":"3 Sentries","floor":11.0,"turns":3.0},{"damage":0.0,"enemies":"Small Slimes","floor":14.0,"turns":1.0},{"damage":17.0,"enemies":"Fading Forest","floor":16.0,"turns":13.0},{"damage":0.0,"enemies":"Spheric Guardian","floor":18.0,"turns":2.0},{"damage":20,"enemies":"Slavers","floor":23,"turns":2},{"damage":14,"enemies":"2 Thieves","floor":24,"turns":2},{"damage":0,"enemies":"Replay:Snechameleon","floor":27,"turns":1},{"damage":0,"enemies":"Sentry and Sphere","floor":29,"turns":1},{"damage":41,"enemies":"Pondfish","floor":33,"turns":3},{"damage":7,"enemies":"3 Shapes","floor":35,"turns":1},{"damage":3,"enemies":"3 Darklings","floor":37,"turns":1},{"damage":3,"enemies":"R_Hoarder","floor":38,"turns":2},{"damage":0,"enemies":"Reptomancer","floor":40,"turns":1},{"damage":0,"enemies":"Spire Growth","floor":46,"turns":1},{"damage":18,"enemies":"Sphere and 2 Shapes","floor":47,"turns":1},{"damage":0,"enemies":"3 Darklings","floor":48,"turns":1},{"damage":0,"enemies":"Time Eater","floor":50,"turns":1},{"damage":24,"enemies":"infinitespire:MassOfShapes","floor":51,"turns":1},{"damage":0,"enemies":"Shield and Spear","floor":55,"turns":1},{"damage":49,"enemies":"The Heart","floor":56,"turns":4}],"seed_played":"-9174000667120976785","potions_obtained":[{"floor":7.0,"key":"blueLaboratory:BottleOfRum"},{"floor":16.0,"key":"blueLaboratory:Moonshine"},{"floor":18.0,"key":"Milkshake"},{"floor":40,"key":"Weak Potion"},{"floor":45,"key":"Ancient Potion"}],"is_trial":true,"path_per_floor":["M","?","?","?","$","R","M","R","T","E","E","R","T","M","R","B",null,"M","?","$","?","$","E","M","AVR","T","E","$","M","R","$","R","B",null,"M","?","M","E","$","E","AVR","R","T","R","$","M","M","M","R","B","B",null,"R","$","E","B",null],"character_chosen":"IRONCLAD","items_purchased":["Ancient Tea Set","Mind Blast","Flex","Havoc","Wild Strike","Forethought+1","REME_OnlineShoppingPlatform","Flex","Shovel","Replay:Multitool","REME_CardOfGreed","DollysMirror","ReplayTheSpireMod:TigerMarble","Orichalcum","Reckless Charge+1","Enlightenment","Metamorphosis","Perfected Strike","Burning Pact","Flex","Dark Embrace","Reckless Charge","Anger","True Grit","Armaments","Metallicize+1","Replay:Sssssssssstrike","REME_HeartOfCthun","Pantograph","Whetstone","Guide Book","Charon\u0027s Ashes","infinitespire:Bottled Soul","Brimstone","Potion Belt","Chameleon Ring","TheAbacus","Frozen Eye","infinitespire:Satchel","Happy Flower","Havoc+1","REME_Fury","Combust","Feed","Uppercut","Trip","Master of Strategy","ReplayTheSpireMod:Ninjato","Panache","Replay:BasicMightCard+1","Heavy Blade","Feed","Flex","Seeing Red","Corruption","Onion Ring","Cauldron","ReplayTheSpireMod:ShopPack","Lantern","Bronze Scales","Bottled Flame","ReplayTheSpireMod:Strike From Hell","Swift Strike","REME_BodyOfCthun","Perfected Strike+1","Intimidate","Seeing Red","Fire Breathing","Lee\u0027s Waffle","Boot","Replay:Baseball","OrangePellets","Replay:Towering Pillar of Hats"],"campfire_rested":1,"item_purchase_floors":[5,5,20,20,20,20,20,22,28,28,28,28,28,28,28,28,28,28,28,28,28,31,31,31,31,31,31,31,31,31,31,31,31,31,39,39,39,39,39,39,39,39,39,39,39,39,39,45,45,45,45,45,45,45,45,45,45,45,45,45,54,54,54,54,54,54,54,54,54,54,54,54,54],"current_hp_per_floor":[65,65,65,54,54,54,60,60,60,43,36,58,58,67,67,59,71,75,75,75,75,75,64,59,59,59,68,68,75,75,75,75,43,67,69,69,75,75,75,75,75,75,75,75,75,75,66,75,75,75,60,71,71,88,88,91],"gold":57161,"neow_bonus":"","is_daily":false,"chose_seed":false,"campfire_upgraded":2,"win_rate":0.0,"timestamp":1614123595,"path_taken":["M","?","?","?","$","R","?","R","T","E","?","R","?","M","R","BOSS","M","?","$","?","?","E","?","AVR","T","?","?","?","R","$","R","BOSS","M","?","?","?","$","E","AVR","R","T","R","$","?","?","?","R","BOSS","BOSS","R","$","E","BOSS"],"items_purchased_type":["Relic","Card","Card","Card","Card","Card","Relic","Card","Relic","Relic","Relic","Relic","Relic","Relic","Card","Card","Card","Card","Card","Card","Card","Card","Card","Card","Card","Card","Card","Card","Relic","Relic","Relic","Relic","Relic","Relic","Relic","Relic","Relic","Relic","Relic","Relic","Card","Card","Card","Card","Card","Card","Card","Relic","Card","Card","Card","Card","Card","Card","Card","Relic","Relic","Relic","Relic","Relic","Relic","Card","Card","Card","Card","Card","Card","Card","Relic","Relic","Relic","Relic","Relic"],"build_version":"2020-12-22","purchased_purges":1,"victory":true,"max_hp_per_floor":[75,75,75,75,75,75,75,75,75,75,75,75,75,75,75,75,75,75,75,75,75,75,75,75,75,75,75,75,75,75,75,75,75,75,75,75,75,75,75,75,75,75,75,75,75,75,75,75,75,75,75,75,75,88,88,91],"relic_stats":{"Darkstone Periapt":6,"Lee\u0027s Waffle":11,"Happy Flower":[3],"Gremlin Horn":[0,1],"counters":[23,49],"Magic Flower":[49],"Charon\u0027s Ashes":[110],"PreservedInsect":137,"Bag of Preparation":[24],"Whetstone":["Body Slam","Headbutt"],"War Paint":["Flex","Limit Break"],"Orichalcum":[54],"Boot":[0],"Burning Blood":137,"Peace Pipe":0,"OrangePellets":[10],"Shovel":4,"TheAbacus":[18],"Pantograph":0,"Bronze Scales":[48],"obtain_stats":[{"Divine Protection":55,"Gremlin Horn":53,"Vajra":26,"EVO:Axolotl":0,"Whetstone":31,"Boot":54,"DollysMirror":28,"REME_OnlineShoppingPlatform":20,"Replay:Bottled Steam":40,"Happy Flower":39,"Charon\u0027s Ashes":31,"infinitespire:Beetle Shell":43,"War Paint":4,"infinitespire:EvilPickle":34,"OrangePellets":54,"Bottled Flame":54,"Replay:Baseball":54,"Brimstone":31,"Ooze Armor":34,"Bronze Scales":45,"Onion Ring":45,"Mark of Pain":25,"ReplayTheSpireMod:TigerMarble":28,"Mirror":42,"Darkstone Periapt":23,"Lantern":45,"Magic Flower":11,"Blue Doll":3,"REME_DuelDisc":41,"Replay:Multitool":28,"Bag of Preparation":32,"Ancient Tea Set":5,"Burning Blood":0,"Replay:Rubber Ducky":16,"ReplayTheSpireMod:EnergyBall":41,"Frozen Eye":39,"Shovel":28,"Chameleon Ring":39,"TheAbacus":39,"infinitespire:Bottled Soul":31,"Pantograph":31,"Red Skull":13,"Potion Belt":39,"Lee\u0027s Waffle":54,"ReplayTheSpireMod:Ninjato":45,"Replay:Towering Pillar of Hats":54,"Guide Book":31,"PreservedInsect":38,"Orichalcum":25,"White Beast Statue":49,"Peace Pipe":27,"Cauldron":45,"infinitespire:Satchel":39,"Another Sword":0,"Coffee Dripper":17,"REME_CardOfGreed":28,"REME_PuzzleBoxRelic":10,"REME_ComplimentaryCards":0,"ReplayTheSpireMod:ShopPack":45},{"Divine Protection":22,"Gremlin Horn":21,"Vajra":9,"EVO:Axolotl":0,"Whetstone":11,"Boot":21,"DollysMirror":10,"REME_OnlineShoppingPlatform":7,"Replay:Bottled Steam":16,"Happy Flower":15,"Charon\u0027s Ashes":11,"infinitespire:Beetle Shell":16,"War Paint":1,"infinitespire:EvilPickle":12,"OrangePellets":21,"Bottled Flame":21,"Replay:Baseball":21,"Brimstone":11,"Ooze Armor":12,"Bronze Scales":16,"Onion Ring":16,"Mark of Pain":9,"ReplayTheSpireMod:TigerMarble":10,"Mirror":16,"Darkstone Periapt":8,"Lantern":16,"Magic Flower":4,"Blue Doll":1,"REME_DuelDisc":16,"Replay:Multitool":10,"Bag of Preparation":11,"Ancient Tea Set":1,"Burning Blood":0,"Replay:Rubber Ducky":6,"ReplayTheSpireMod:EnergyBall":16,"Frozen Eye":15,"Shovel":10,"Chameleon Ring":15,"TheAbacus":15,"infinitespire:Bottled Soul":11,"Pantograph":11,"Red Skull":4,"Potion Belt":15,"Lee\u0027s Waffle":21,"ReplayTheSpireMod:Ninjato":16,"Replay:Towering Pillar of Hats":21,"Guide Book":11,"PreservedInsect":15,"Orichalcum":9,"White Beast Statue":19,"Peace Pipe":10,"Cauldron":16,"infinitespire:Satchel":15,"Another Sword":0,"Coffee Dripper":6,"REME_CardOfGreed":10,"REME_PuzzleBoxRelic":3,"REME_ComplimentaryCards":0,"ReplayTheSpireMod:ShopPack":16},{"Divine Protection":45,"Gremlin Horn":44,"Vajra":29,"EVO:Axolotl":0,"Whetstone":31,"Boot":44,"DollysMirror":30,"REME_OnlineShoppingPlatform":25,"Replay:Bottled Steam":39,"Happy Flower":38,"Charon\u0027s Ashes":31,"infinitespire:Beetle Shell":39,"War Paint":2,"infinitespire:EvilPickle":34,"OrangePellets":44,"Bottled Flame":44,"Replay:Baseball":44,"Brimstone":31,"Ooze Armor":34,"Bronze Scales":39,"Onion Ring":39,"Mark of Pain":29,"ReplayTheSpireMod:TigerMarble":30,"Mirror":39,"Darkstone Periapt":27,"Lantern":39,"Magic Flower":9,"Blue Doll":2,"REME_DuelDisc":39,"Replay:Multitool":30,"Bag of Preparation":31,"Ancient Tea Set":2,"Burning Blood":0,"Replay:Rubber Ducky":20,"ReplayTheSpireMod:EnergyBall":39,"Frozen Eye":38,"Shovel":30,"Chameleon Ring":38,"TheAbacus":38,"infinitespire:Bottled Soul":31,"Pantograph":31,"Red Skull":9,"Potion Belt":38,"Lee\u0027s Waffle":44,"ReplayTheSpireMod:Ninjato":39,"Replay:Towering Pillar of Hats":44,"Guide Book":31,"PreservedInsect":38,"Orichalcum":29,"White Beast Statue":42,"Peace Pipe":30,"Cauldron":39,"infinitespire:Satchel":38,"Another Sword":0,"Coffee Dripper":23,"REME_CardOfGreed":30,"REME_PuzzleBoxRelic":6,"REME_ComplimentaryCards":0,"ReplayTheSpireMod:ShopPack":39}]},"card_choices":[{"not_picked":["True Grit","Flame Barrier","Sword Boomerang"],"picked":"SKIP","floor":1.0},{"not_picked":["Body Slam","ReplayTheSpireMod:Strike From Hell"],"picked":"Perfected Strike","floor":7.0},{"not_picked":["Offering","Demonic Infusion","REME_ACTH"],"picked":"SKIP","floor":10.0},{"not_picked":["Berserk","Offering"],"picked":"Impervious","floor":11.0},{"not_picked":["Clash","True Grit"],"picked":"Body Slam","floor":14.0},{"not_picked":["Barricade","Replay:Many Hands"],"picked":"Reaper","floor":16.0},{"not_picked":["Sever Soul","Feel No Pain"],"picked":"REME_FearOfPain","floor":18.0},{"not_picked":["Eclipse","Juggernaut"],"picked":"Berserk","floor":23},{"not_picked":["Cleave","Headbutt"],"picked":"Clash","floor":24},{"not_picked":["Exhume","Reaper"],"picked":"Demonic Infusion","floor":27},{"not_picked":["Iron Wave+1","Flex+1"],"picked":"Pommel Strike+1","floor":29},{"not_picked":["Clash+1","Heavy Blade+1"],"picked":"Armaments+1","floor":35},{"not_picked":["Combust","True Grit"],"picked":"Twin Strike+1","floor":37},{"not_picked":["Immolate","Hemogenesis"],"picked":"Limit Break","floor":38},{"not_picked":["Brutality","Impervious"],"picked":"REME_Fury","floor":40},{"not_picked":["REME_BodyOfCthun","REME_EyeOfCthun"],"picked":"Transmutation","floor":45},{"not_picked":["Replay:Parry","Mind Blast"],"picked":"Dramatic Entrance","floor":45},{"not_picked":["PanicButton","REME_FirmDetermination"],"picked":"ReplayTheSpireMod:Uncanny Aura","floor":45},{"not_picked":["Perfected Strike","Armaments"],"picked":"Exhume","floor":46},{"not_picked":["REME_Scribble","Evolve"],"picked":"Dark Embrace","floor":47},{"not_picked":["True Grit+1","Sword Boomerang"],"picked":"ReplayTheSpireMod:LeadingStrike+1","floor":48},{"not_picked":["Feed","Demon Form"],"picked":"Exhume","floor":55}],"player_experience":68136,"relics_obtained":[{"floor":3.0,"key":"Blue Doll"},{"floor":10.0,"key":"REME_PuzzleBoxRelic"},{"floor":11.0,"key":"Magic Flower"},{"floor":13.0,"key":"Red Skull"},{"floor":23,"key":"Darkstone Periapt"},{"floor":26,"key":"Vajra"},{"floor":27,"key":"Peace Pipe"},{"floor":32,"key":"Bag of Preparation"},{"floor":38,"key":"PreservedInsect"},{"floor":40,"key":"Replay:Bottled Steam"},{"floor":42,"key":"Mirror"},{"floor":43,"key":"infinitespire:Beetle Shell"},{"floor":49,"key":"White Beast Statue"},{"floor":53,"key":"Gremlin Horn"},{"floor":55,"key":"Divine Protection"}],"event_choices":[{"damage_healed":0.0,"max_hp_gain":0.0,"max_hp_loss":0.0,"gold_gain":150.0,"event_name":"betterThird:BetterSerpent","player_choice":"AGREE","floor":2.0,"gold_loss":0.0,"damage_taken":115.0},{"damage_healed":0.0,"max_hp_gain":0.0,"max_hp_loss":0.0,"gold_gain":0.0,"event_name":"betterThird:BetterScrap","player_choice":"Relic ","floor":4.0,"gold_loss":0.0,"damage_taken":11.0,"cards_obtained":["Replay:AllIn"]},{"damage_healed":0.0,"max_hp_gain":0.0,"max_hp_loss":0.0,"gold_gain":0.0,"event_name":"Drug Dealer","player_choice":"Obtain J.A.X.","floor":19.0,"gold_loss":0.0,"damage_taken":0.0,"cards_obtained":["J.A.X."]},{"damage_healed":0.0,"max_hp_gain":0.0,"max_hp_loss":0.0,"gold_gain":0.0,"event_name":"The Library","player_choice":"Read","floor":21.0,"gold_loss":0.0,"damage_taken":0.0,"cards_obtained":["Anger"]},{"damage_healed":0,"gold_gain":0,"player_choice":"Upgraded Two","damage_taken":0,"max_hp_gain":0,"max_hp_loss":0,"event_name":"Designer","floor":36,"gold_loss":50,"cards_upgraded":["Anger","infinitespire:FutureSight"]}],"is_beta":false,"boss_relics":[{"not_picked":["Philosopher\u0027s Stone","Sozu"],"picked":"Coffee Dripper"},{"not_picked":["Painkiller Herb","energizedSpire:RedRose"],"picked":"Ooze Armor"}],"items_purged_floors":[5],"is_endless":false,"potions_floor_spawned":[7,16,18,29,33,40,46,48,55],"ascension_level":20}}