{"host":"yy1cu9q9bsxhflzi","time":1614094921,"event":{"mods":["BaseMod","DeckTracker","Minty Spire (QoL Compilation)","Quick Restart","StSLib","SuperFastMode","everything is the same but u backflip on backflip"],"gold_per_floor":[114,114,129,139,139,172,172,196,196,196,196,239,253,293,293,386,386,411,411,18,34,55,55,73,96,123,163,187,240,283,283,283,378,378,391,450,236,255,278,322,336,370,422,456,476,511,534,484,484,484,484],"floor_reached":50,"language":"KOR","playtime":1412,"items_purged":["Eviscerate"],"score":1623,"play_id":"f0b37174-ba9c-44a8-b124-3ea5a6bab9a1","local_time":"20210224004201","is_ascension_mode":true,"campfire_choices":[{"floor":7.0,"key":"REST"},{"floor":10.0,"key":"REST"},{"data":"Neutralize","floor":15.0,"key":"SMITH"},{"data":"Well Laid Plans","floor":23,"key":"SMITH"},{"data":"Prepared","floor":32,"key":"SMITH"},{"floor":49,"key":"RECALL"}],"circlet_count":0,"master_deck":["AscendersBane","Survivor","Neutralize+1","Juggernaut+1","After Image","Crippling Poison","Backflip","Envenom+1","Acrobatics","Eviscerate","Blade Dance","Adrenaline","Deflect","Blade Dance","Masterful Stab","Phantasmal Killer","Dagger Throw","Dagger Spray","Expertise","Well Laid Plans+1","After Image","Prepared+1","Catalyst","Infinite Blades+1","Night Terror","Burst","Escape Plan+1","Finisher+1"],"relics":["Ring of the Snake","Golden Idol","Ancient Tea Set","Dream Catcher","Mummified Hand","Kunai","Pandora\u0027s Box","Nunchaku","Omamori","Strawberry","Vajra","Happy Flower","Smiling Mask","SlaversCollar","Girya","Snake Skull","Bronze Scales","Oddly Smooth Stone","Blood Vial","Regal Pillow"],"acts_visited":["Exordium","TheCity","TheBeyond"],"potions_floor_usage":[16,16,21,27,30,33,33,33,33,41,50],"damage_taken":[{"damage":1.0,"enemies":"Cultist","floor":1.0,"turns":4.0},{"damage":0.0,"enemies":"2 Louse","floor":3.0,"turns":3.0},{"damage":19.0,"enemies":"Small Slimes","floor":4.0,"turns":3.0},{"damage":25.0,"enemies":"3 Sentries","floor":6.0,"turns":6.0},{"damage":8.0,"enemies":"Exordium Wildlife","floor":8.0,"turns":4.0},{"damage":4.0,"enemies":"Gremlin Nob","floor":12.0,"turns":3.0},{"damage":0.0,"enemies":"2 Fungi Beasts","floor":13.0,"turns":2.0},{"damage":4.0,"enemies":"3 Sentries","floor":14.0,"turns":5.0},{"damage":6,"enemies":"The Guardian","floor":16,"turns":8},{"damage":0,"enemies":"2 Thieves","floor":18,"turns":2},{"damage":0,"enemies":"Chosen","floor":21,"turns":3},{"damage":14,"enemies":"Snake Plant","floor":22,"turns":2},{"damage":6,"enemies":"Chosen and Byrds","floor":24,"turns":5},{"damage":11,"enemies":"Shelled Parasite and Fungi","floor":25,"turns":2},{"damage":0,"enemies":"Slavers","floor":27,"turns":3},{"damage":0,"enemies":"Cultist and Chosen","floor":28,"turns":2},{"damage":0,"enemies":"Book of Stabbing","floor":30,"turns":2},{"damage":0,"enemies":"Collector","floor":33,"turns":3},{"damage":1,"enemies":"3 Shapes","floor":35,"turns":3},{"damage":19,"enemies":"2 Orb Walkers","floor":36,"turns":3},{"damage":0,"enemies":"3 Darklings","floor":38,"turns":3},{"damage":0,"enemies":"Transient","floor":39,"turns":6},{"damage":8,"enemies":"Nemesis","floor":40,"turns":3},{"damage":22,"enemies":"4 Shapes","floor":41,"turns":3},{"damage":0,"enemies":"Giant Head","floor":42,"turns":3},{"damage":0,"enemies":"Reptomancer","floor":44,"turns":3},{"damage":0,"enemies":"Jaw Worm Horde","floor":45,"turns":3},{"damage":1,"enemies":"Giant Head","floor":46,"turns":4},{"damage":0,"enemies":"Writhing Mass","floor":47,"turns":3},{"damage":6,"enemies":"Awakened One","floor":50,"turns":2}],"seed_played":"3337462336112476953","potions_obtained":[{"floor":1.0,"key":"Poison Potion"},{"floor":3.0,"key":"Poison Potion"},{"floor":8.0,"key":"ColorlessPotion"},{"floor":13.0,"key":"FearPotion"},{"floor":16,"key":"Energy Potion"},{"floor":18,"key":"Fruit Juice"},{"floor":21,"key":"ColorlessPotion"},{"floor":27,"key":"PowerPotion"},{"floor":28,"key":"EntropicBrew"},{"floor":30,"key":"ColorlessPotion"},{"floor":36,"key":"DistilledChaos"},{"floor":38,"key":"ColorlessPotion"},{"floor":42,"key":"SteroidPotion"}],"is_trial":true,"path_per_floor":["M","?","M","M","?","E","R","M","T","R","?","E","M","E","R","B",null,"M","?","$","M","M","R","M","M","T","E","M","T","E","?","R","B",null,"M","?","$","M","M","E","M","E","T","E","M","E","M","?","R","B"],"character_chosen":"THE_SILENT","items_purchased":["Nunchaku","Well Laid Plans","Omamori","Snake Skull"],"campfire_rested":2,"item_purchase_floors":[20,20,20,37],"current_hp_per_floor":[58,58,58,39,39,14,32,24,24,42,42,38,38,34,34,28,52,52,60,60,65,51,51,45,34,41,41,41,41,41,41,41,41,64,63,44,44,44,44,36,14,14,14,14,16,17,19,19,19,15,15],"gold":484,"neow_bonus":"","is_daily":false,"chose_seed":false,"campfire_upgraded":3,"win_rate":0.0,"timestamp":1614094921,"path_taken":["M","?","M","M","?","E","R","M","T","R","?","E","M","E","R","BOSS","M","?","$","M","?","R","M","M","T","E","M","?","E","?","R","BOSS","M","?","$","M","M","E","M","E","T","E","M","E","M","?","R","BOSS"],"items_purchased_type":["Relic","Card","Relic","Relic"],"build_version":"2020-12-22","purchased_purges":1,"victory":false,"max_hp_per_floor":[66,66,66,66,60,60,60,60,60,60,60,60,60,60,60,60,60,60,60,60,65,65,65,65,65,72,72,72,72,72,72,72,72,72,72,72,72,72,72,72,72,72,72,72,72,72,72,72,72,72,72],"card_choices":[{"not_picked":["Cloak And Dagger","Bane"],"picked":"Crippling Poison","floor":1.0},{"not_picked":["Predator","Doppelganger"],"picked":"Backflip","floor":3.0},{"not_picked":["Cloak And Dagger","Flying Knee","Flechettes"],"picked":"SKIP","floor":4.0},{"not_picked":["Riddle With Holes","Bouncing Flask","Outmaneuver"],"picked":"SKIP","floor":6.0},{"not_picked":["Quick Slash","All Out Attack","Poisoned Stab"],"picked":"SKIP","floor":8.0},{"not_picked":["Poisoned Stab","Backflip"],"picked":"Envenom","floor":10.0},{"not_picked":["Flying Knee","Riddle With Holes"],"picked":"Acrobatics","floor":12.0},{"not_picked":["Backflip","Finisher"],"picked":"Eviscerate","floor":13.0},{"not_picked":["Quick Slash","Outmaneuver"],"picked":"Blade Dance","floor":14.0},{"not_picked":["Night Terror","Glass Knife"],"picked":"Adrenaline","floor":16},{"not_picked":["Deadly Poison","Cloak And Dagger","Masterful Stab"],"picked":"SKIP","floor":18},{"not_picked":["Deflect","Distraction","PiercingWail"],"picked":"SKIP","floor":21},{"not_picked":["Slice+1","Cloak And Dagger"],"picked":"After Image","floor":22},{"not_picked":["Catalyst","Underhanded Strike"],"picked":"Prepared","floor":24},{"not_picked":["Bane","Deflect+1","Quick Slash"],"picked":"SKIP","floor":25},{"not_picked":["Deadly Poison","Catalyst","Sucker Punch+1"],"picked":"SKIP","floor":27},{"not_picked":["Deadly Poison","Sucker Punch+1"],"picked":"Catalyst","floor":27},{"not_picked":["Sucker Punch","Prepared","Dagger Spray"],"picked":"SKIP","floor":28},{"not_picked":["Deflect","Footwork"],"picked":"Infinite Blades+1","floor":30},{"not_picked":["Unload","After Image"],"picked":"Night Terror","floor":33},{"not_picked":["Dagger Spray","Riddle With Holes","Slice"],"picked":"SKIP","floor":35},{"not_picked":["Deflect+1","Flying Knee","Dodge and Roll"],"picked":"SKIP","floor":38},{"not_picked":["Poisoned Stab","Dagger Spray","Skewer"],"picked":"SKIP","floor":39},{"not_picked":["Terror+1","Venomology"],"picked":"Burst","floor":40},{"not_picked":["Backstab","Dodge and Roll+1","Expertise+1"],"picked":"SKIP","floor":41},{"not_picked":["PiercingWail","Flying Knee+1"],"picked":"Escape Plan","floor":42},{"not_picked":["Bullet Time","Flechettes"],"picked":"Finisher","floor":44},{"not_picked":["Backflip","Slice","Flechettes+1"],"picked":"SKIP","floor":45},{"not_picked":["Cloak And Dagger","Dodge and Roll","Acrobatics"],"picked":"SKIP","floor":46},{"not_picked":["Outmaneuver","Slice","Finisher"],"picked":"SKIP","floor":47}],"player_experience":3943075,"relics_obtained":[{"floor":6.0,"key":"Ancient Tea Set"},{"floor":9.0,"key":"Dream Catcher"},{"floor":12.0,"key":"Mummified Hand"},{"floor":14.0,"key":"Kunai"},{"floor":26,"key":"Strawberry"},{"floor":27,"key":"Vajra"},{"floor":29,"key":"Happy Flower"},{"floor":30,"key":"Smiling Mask"},{"floor":36,"key":"Girya"},{"floor":40,"key":"Bronze Scales"},{"floor":42,"key":"Oddly Smooth Stone"},{"floor":44,"key":"Blood Vial"},{"floor":46,"key":"Regal Pillow"}],"event_choices":[{"damage_healed":0.0,"max_hp_gain":0.0,"max_hp_loss":0.0,"gold_gain":0.0,"event_name":"Living Wall","player_choice":"Grow","floor":2.0,"gold_loss":0.0,"damage_taken":0.0,"cards_upgraded":["Juggernaut"]},{"damage_healed":0.0,"max_hp_gain":0.0,"max_hp_loss":6.0,"gold_gain":0.0,"event_name":"Golden Idol","player_choice":"Lose Max HP","floor":5.0,"gold_loss":0.0,"damage_taken":0.0,"relics_obtained":["Golden Idol"]},{"damage_healed":0.0,"max_hp_gain":0.0,"max_hp_loss":0.0,"gold_gain":0.0,"event_name":"Upgrade Shrine","player_choice":"Upgraded","floor":11.0,"gold_loss":0.0,"damage_taken":0.0,"cards_upgraded":["Envenom"]},{"damage_healed":8,"gold_gain":0,"player_choice":"Full Heal","damage_taken":0,"max_hp_gain":0,"max_hp_loss":0,"event_name":"Wheel of Change","floor":19,"gold_loss":0},{"damage_healed":0,"gold_gain":0,"player_choice":"Ignored","damage_taken":0,"max_hp_gain":0,"max_hp_loss":0,"event_name":"The Mausoleum","floor":31,"gold_loss":0},{"damage_healed":0,"gold_gain":0,"player_choice":"Fight","damage_taken":0,"max_hp_gain":0,"max_hp_loss":0,"event_name":"Mysterious Sphere","floor":36,"gold_loss":0},{"damage_healed":0,"gold_gain":0,"player_choice":"Upgraded Two","damage_taken":0,"max_hp_gain":0,"max_hp_loss":0,"event_name":"Designer","floor":48,"gold_loss":50,"cards_upgraded":["Escape Plan","Finisher"]}],"is_beta":false,"boss_relics":[{"not_picked":["Busted Crown","Tiny House"],"picked":"Pandora\u0027s Box"},{"not_picked":["Astrolabe","Runic Dome"],"picked":"SlaversCollar"}],"items_purged_floors":[37],"is_endless":false,"potions_floor_spawned":[1,3,8,13,16,18,21,25,27,28,30,36,38,39,42,44,46],"killed_by":"Awakened One","ascension_level":20}}