{"host":"k9djwzw02bmhn5cl","time":1614101141,"event":{"mods":["AchievementEnabler","BaseMod","Colored Map","Colored Powertips","Highlight Path","Minty Spire (QoL Compilation)","Quick Restart","Rare Cards Sparkle","StSLib","The Runesmith"],"gold_per_floor":[17,17,27,27,82,82,103,103,103],"floor_reached":8,"language":"JPN","playtime":398,"items_purged":[],"score":44,"play_id":"aa4d8514-f7f2-4f81-92d8-dc5ae85aaac7","local_time":"20210224022541","is_ascension_mode":false,"campfire_choices":[{"data":"Runesmith:Fortify","floor":6,"key":"SMITH"}],"circlet_count":0,"master_deck":["Runesmith:Strike_RS","Runesmith:Strike_RS","Runesmith:Strike_RS","Runesmith:Strike_RS","Runesmith:Defend_RS","Runesmith:Defend_RS","Runesmith:Defend_RS","Runesmith:Defend_RS","Runesmith:CraftFirestone","Runesmith:Fortify+1","Runesmith:CraftPrismatica+1","Runesmith:EarthShield","Runesmith:HeatedChisel","Regret","Runesmith:CraftMagma"],"relics":["Runesmith:BrokenRuby","Pantograph","Odd Mushroom"],"acts_visited":["Exordium"],"potions_floor_usage":[],"damage_taken":[{"damage":0,"enemies":"Small Slimes","floor":1,"turns":3},{"damage":0,"enemies":"2 Louse","floor":3,"turns":3},{"damage":21,"enemies":"The Mushroom Lair","floor":7,"turns":5},{"damage":50,"enemies":"Gremlin Nob","floor":8,"turns":5}],"seed_played":"-3503570305343872400","potions_obtained":[],"is_trial":false,"path_per_floor":["M","?","M","?","T","R","?","E"],"character_chosen":"RUNESMITH_CLASS","items_purchased":[],"campfire_rested":0,"item_purchase_floors":[],"current_hp_per_floor":[70,70,70,70,70,70,49,0,0],"gold":103,"neow_bonus":"THREE_RARE_CARDS","is_daily":false,"chose_seed":false,"campfire_upgraded":1,"win_rate":0.0,"timestamp":1614101141,"path_taken":["M","?","M","?","?","R","?","E"],"items_purchased_type":[],"build_version":"2020-12-22","purchased_purges":0,"victory":false,"max_hp_per_floor":[70,70,70,70,70,70,70,70,70],"card_choices":[{"not_picked":["Runesmith:MetallurgicalResearch","Runesmith:CreatorForm"],"picked":"Runesmith:CraftPrismatica","floor":0},{"not_picked":["Runesmith:UnstableHammer","Runesmith:EnergizedChisel"],"picked":"Runesmith:EarthShield","floor":1},{"not_picked":["Runesmith:ElementalConversion","Runesmith:Discharge"],"picked":"Runesmith:HeatedChisel","floor":3},{"not_picked":["Runesmith:EarthShield","Runesmith:MakeshiftArmor"],"picked":"Runesmith:CraftMagma","floor":7}],"player_experience":272181,"relics_obtained":[{"floor":7,"key":"Odd Mushroom"}],"event_choices":[{"damage_healed":0,"gold_gain":0,"player_choice":"Grow","damage_taken":0,"max_hp_gain":0,"max_hp_loss":0,"event_name":"Living Wall","floor":2,"gold_loss":0,"cards_upgraded":["Runesmith:CraftPrismatica"]},{"damage_healed":0,"gold_gain":0,"player_choice":"Box","damage_taken":0,"relics_obtained":["Pantograph"],"max_hp_gain":0,"max_hp_loss":0,"event_name":"Big Fish","floor":4,"gold_loss":0,"cards_obtained":["Regret"]},{"damage_healed":0,"gold_gain":0,"player_choice":"Fought Mushrooms","damage_taken":0,"max_hp_gain":0,"max_hp_loss":0,"event_name":"Mushrooms","floor":7,"gold_loss":0}],"is_beta":false,"boss_relics":[],"items_purged_floors":[],"is_endless":false,"potions_floor_spawned":[],"killed_by":"Gremlin Nob","ascension_level":0}}