{"host":"1bzbl1adcbkdzqlf","time":1614039877,"event":{"mods":["BaseMod","Minty Spire (QoL Compilation)","Slay the Relics Exporter"],"gold_per_floor":[116,128,128,138,288,288,318,55,55,68,68,103,113,113,113],"floor_reached":14,"language":"ENG","playtime":1091,"items_purged":[],"score":176,"play_id":"f39b7a33-c8aa-41e1-9f84-693276ce90d9","local_time":"20210222182437","is_ascension_mode":true,"campfire_choices":[{"data":"Armaments","floor":6,"key":"SMITH"}],"circlet_count":0,"master_deck":["AscendersBane","Strike_R","Strike_R","Strike_R","Strike_R","Defend_R","Defend_R","Defend_R","Defend_R","Bash","Armaments+1","Flex","Shrug It Off","Doubt","Carnage","Shockwave","Demon Form","Headbutt"],"relics":["Burning Blood","Mango","Odd Mushroom","Gremlin Horn","Lizard Tail","Lantern"],"acts_visited":["Exordium"],"potions_floor_usage":[12,14,14],"damage_taken":[{"damage":9,"enemies":"2 Louse","floor":1,"turns":3},{"damage":9,"enemies":"Jaw Worm","floor":2,"turns":3},{"damage":9,"enemies":"Cultist","floor":4,"turns":5},{"damage":47,"enemies":"The Mushroom Lair","floor":7,"turns":8},{"damage":13,"enemies":"3 Louse","floor":10,"turns":3},{"damage":37,"enemies":"Lagavulin","floor":12,"turns":9},{"damage":8,"enemies":"Looter","floor":13,"turns":2},{"damage":28,"enemies":"Gremlin Nob","floor":14,"turns":3}],"seed_played":"-4053693981656885971","potions_obtained":[{"floor":10,"key":"ElixirPotion"},{"floor":12,"key":"Swift Potion"},{"floor":13,"key":"LiquidMemories"}],"is_trial":false,"path_per_floor":["M","M","?","M","?","R","?","$","T","M","$","E","M","E"],"character_chosen":"IRONCLAD","items_purchased":["Gremlin Horn"],"campfire_rested":0,"item_purchase_floors":[8],"current_hp_per_floor":[61,58,51,48,48,48,7,7,7,50,50,19,17,0,0],"gold":113,"neow_bonus":"ONE_RARE_RELIC","is_daily":false,"chose_seed":false,"campfire_upgraded":1,"win_rate":0.0,"timestamp":1614039877,"path_taken":["M","M","?","M","?","R","?","$","T","M","$","E","?","E"],"items_purchased_type":["Relic"],"build_version":"2020-12-22","purchased_purges":0,"victory":false,"max_hp_per_floor":[89,89,89,89,89,89,89,89,89,89,89,89,89,89,89],"card_choices":[{"not_picked":["Sword Boomerang","Clash"],"picked":"Armaments","floor":1},{"not_picked":["Sentinel","Warcry"],"picked":"Flex","floor":2},{"not_picked":["Burning Pact","Blood for Blood"],"picked":"Shrug It Off","floor":4},{"not_picked":["Wild Strike","Spot Weakness"],"picked":"Carnage","floor":7},{"not_picked":["Rampage","Juggernaut"],"picked":"Shockwave","floor":10},{"not_picked":["Heavy Blade","Armaments"],"picked":"Demon Form","floor":12},{"not_picked":["Anger","Combust"],"picked":"Headbutt","floor":13}],"player_experience":501927,"relics_obtained":[{"floor":7,"key":"Odd Mushroom"},{"floor":9,"key":"Lizard Tail"},{"floor":12,"key":"Lantern"}],"event_choices":[{"cards_removed":["Strike_R"],"damage_healed":0,"gold_gain":0,"player_choice":"Card Removal","damage_taken":7,"max_hp_gain":0,"max_hp_loss":0,"event_name":"Golden Wing","floor":3,"gold_loss":0},{"damage_healed":0,"gold_gain":150,"player_choice":"AGREE","damage_taken":0,"max_hp_gain":0,"max_hp_loss":0,"event_name":"Liars Game","floor":5,"gold_loss":0,"cards_obtained":["Doubt"]},{"damage_healed":0,"gold_gain":0,"player_choice":"Fought Mushrooms","damage_taken":0,"max_hp_gain":0,"max_hp_loss":0,"event_name":"Mushrooms","floor":7,"gold_loss":0}],"is_beta":false,"boss_relics":[],"items_purged_floors":[],"is_endless":false,"potions_floor_spawned":[10,12,13],"killed_by":"Gremlin Nob","ascension_level":19}}