{"host":"j0v7rhnuiltzkmi5","time":1614114460,"event":{"mods":["BaseMod","Minty Spire (QoL Compilation)","Replay The Spire","Shop Mod","StSLib"],"gold_per_floor":[114,114,124,67,79,79,113,113,137,137,137,137,171,65,65,65,65],"floor_reached":16,"language":"ENG","playtime":389,"items_purged":[],"score":143,"play_id":"1855bc97-5a56-4634-a41d-2ed9fe27ed76","local_time":"20210223150740","is_ascension_mode":true,"campfire_choices":[{"data":"Eruption","floor":6,"key":"SMITH"},{"data":"Replay:LoomingThreat","floor":11,"key":"SMITH"},{"data":"Replay:ManipulateFuture","floor":15,"key":"SMITH"}],"circlet_count":0,"master_deck":["Strike_P","Strike_P","Strike_P","Strike_P","Defend_P","Defend_P","Defend_P","Defend_P","Eruption+1","Vigilance","LikeWater","Replay:AtTheReady","Fasting2","EmptyMind","FlurryOfBlows","Replay:LoomingThreat+1","Decay","Consecrate","Replay:ManipulateFuture+1"],"relics":["PureWater","NeowsBlessing","Replay:Wax Seal","MerchantsRug"],"acts_visited":["Exordium"],"potions_floor_usage":[7,13,16],"damage_taken":[{"damage":0,"enemies":"Cultist","floor":1,"turns":1},{"damage":0,"enemies":"2 Louse","floor":3,"turns":1},{"damage":0,"enemies":"Small Slimes","floor":5,"turns":1},{"damage":23,"enemies":"Replay:BlueRogue","floor":7,"turns":3},{"damage":30,"enemies":"Gremlin Nob","floor":13,"turns":4},{"damage":28,"enemies":"Slime Boss","floor":16,"turns":3}],"seed_played":"3782627005054993135","potions_obtained":[{"floor":1,"key":"Death Potion"},{"floor":3,"key":"Fire Potion"},{"floor":7,"key":"Ancient Potion"},{"floor":13,"key":"Block Potion"}],"is_trial":false,"path_per_floor":["M","$","M","$","M","R","E","?","T","$","R","?","E","$","R","B"],"character_chosen":"WATCHER","items_purchased":["Fasting2","MerchantsRug","Replay:ManipulateFuture"],"campfire_rested":0,"item_purchase_floors":[4,14,14],"current_hp_per_floor":[65,65,65,65,65,65,42,42,42,42,42,42,12,12,12,0,0],"gold":65,"neow_bonus":"THREE_ENEMY_KILL","is_daily":false,"chose_seed":false,"campfire_upgraded":3,"win_rate":0.0,"timestamp":1614114460,"path_taken":["M","$","M","$","M","R","E","?","T","?","R","?","E","$","R","BOSS"],"items_purchased_type":["Card","Relic","Card"],"build_version":"2020-12-22","purchased_purges":0,"victory":false,"max_hp_per_floor":[72,72,72,72,72,72,72,72,72,72,72,72,72,72,72,72,72],"card_choices":[{"not_picked":["Prostrate","Evaluate"],"picked":"LikeWater","floor":1},{"not_picked":["InnerPeace","EmptyFist"],"picked":"Replay:AtTheReady","floor":3},{"not_picked":["CrushJoints","ReachHeaven"],"picked":"EmptyMind","floor":5},{"not_picked":["SandsOfTime","Wireheading"],"picked":"FlurryOfBlows","floor":7},{"not_picked":["Replay:Vibes","Crescendo"],"picked":"Consecrate","floor":13}],"player_experience":837706,"relics_obtained":[{"floor":7,"key":"Replay:Wax Seal"},{"floor":9,"key":"Pet Ghost"},{"floor":13,"key":"Replay:Baseball"}],"event_choices":[{"damage_healed":0,"gold_gain":0,"cards_transformed":["Fasting2"],"player_choice":"Transformed","damage_taken":0,"max_hp_gain":0,"max_hp_loss":0,"event_name":"Transmorgrifier","floor":8,"gold_loss":0,"cards_obtained":["Replay:LoomingThreat"]},{"damage_healed":0,"gold_gain":0,"player_choice":"Cursed","damage_taken":0,"max_hp_gain":0,"max_hp_loss":0,"event_name":"Wheel of Change","floor":12,"gold_loss":0,"cards_obtained":["Decay"]}],"is_beta":false,"boss_relics":[],"items_purged_floors":[],"is_endless":false,"potions_floor_spawned":[1,3,7,13],"killed_by":"Slime Boss","ascension_level":7}}