{"host":"pku2ezd6xfz92yh2","time":1614049708,"event":{"mods":["AchievementEnabler","BaseMod","Colored Map","Colored Powertips","Minty Spire (QoL Compilation)","Uncapped"],"gold_per_floor":[13,32,52,62,62,62,94,94,94,94,124,136,4,4,4,108,108,122,21,33,51,51,51,64,64,87,97,109,109,34,34,34,130,130,144,144,160,172,172,184,184,204,282,38,52,70,70,70,70],"floor_reached":48,"language":"ENG","playtime":2638,"items_purged":["Bash"],"score":471,"play_id":"ae50b8fa-caad-41f7-9885-01bb9ff0e5d3","local_time":"20210222210828","is_ascension_mode":false,"campfire_choices":[{"data":"Perfected Strike","floor":6,"key":"SMITH"},{"data":"Perfected Strike","floor":8,"key":"SMITH"},{"floor":10,"key":"REST"},{"data":"Iron Wave","floor":15,"key":"SMITH"},{"data":"Perfected Strike","floor":23,"key":"SMITH"},{"data":"Ghostly Armor","floor":25,"key":"SMITH"},{"data":"Juggernaut","floor":29,"key":"SMITH"},{"floor":32,"key":"REST"},{"data":"Fiend Fire","floor":41,"key":"SMITH"},{"floor":47,"key":"REST"}],"circlet_count":0,"master_deck":["Strike_R","Strike_R","Strike_R","Strike_R","Defend_R","Defend_R","Defend_R","Defend_R","Perfected Strike+1","Perfected Strike+1","Iron Wave+1","Anger","Perfected Strike+1","Enlightenment+1","Juggernaut+1","Twin Strike","Flex","Iron Wave","Body Slam","Ghostly Armor+1","Intimidate+1","Ghostly Armor","Reaper","Armaments","Finesse","Discovery","Blind","Flex+1","Shrug It Off","Fiend Fire+1","Armaments","Flex","Rampage+1","Power Through+1"],"relics":["Black Blood","Thread and Needle","Question Card","White Beast Statue","Red Skull","Oddly Smooth Stone","Runic Pyramid","Sundial","MealTicket"],"acts_visited":["Exordium","TheCity","TheBeyond"],"potions_floor_usage":[11,11,11,16,20,28,33,33,33,37,38,40,42,45,46,46,48],"damage_taken":[{"damage":0,"enemies":"Cultist","floor":1,"turns":4},{"damage":4,"enemies":"Jaw Worm","floor":2,"turns":4},{"damage":0,"enemies":"2 Louse","floor":3,"turns":2},{"damage":7,"enemies":"Exordium Wildlife","floor":4,"turns":4},{"damage":30,"enemies":"3 Sentries","floor":7,"turns":7},{"damage":0,"enemies":"Lagavulin","floor":11,"turns":1},{"damage":0,"enemies":"Large Slime","floor":12,"turns":4},{"damage":32,"enemies":"Slime Boss","floor":16,"turns":9},{"damage":1,"enemies":"Spheric Guardian","floor":18,"turns":3},{"damage":13,"enemies":"3 Byrds","floor":20,"turns":5},{"damage":37,"enemies":"Shelled Parasite and Fungi","floor":21,"turns":5},{"damage":20,"enemies":"Cultist and Chosen","floor":24,"turns":7},{"damage":11,"enemies":"Snake Plant","floor":27,"turns":4},{"damage":11,"enemies":"3 Cultists","floor":28,"turns":5},{"damage":40,"enemies":"Champ","floor":33,"turns":11},{"damage":5,"enemies":"Orb Walker","floor":35,"turns":3},{"damage":13,"enemies":"3 Darklings","floor":37,"turns":7},{"damage":12,"enemies":"Sphere and 2 Shapes","floor":38,"turns":4},{"damage":31,"enemies":"Writhing Mass","floor":40,"turns":8},{"damage":45,"enemies":"3 Darklings","floor":42,"turns":7},{"damage":30,"enemies":"Transient","floor":45,"turns":5},{"damage":36,"enemies":"Jaw Worm Horde","floor":46,"turns":6},{"damage":57,"enemies":"Giant Head","floor":48,"turns":7}],"seed_played":"-9006698477886860888","potions_obtained":[{"floor":1,"key":"SneckoOil"},{"floor":4,"key":"ColorlessPotion"},{"floor":7,"key":"DistilledChaos"},{"floor":11,"key":"Block Potion"},{"floor":12,"key":"ColorlessPotion"},{"floor":16,"key":"BlessingOfTheForge"},{"floor":18,"key":"SteroidPotion"},{"floor":20,"key":"DistilledChaos"},{"floor":21,"key":"BlessingOfTheForge"},{"floor":28,"key":"GamblersBrew"},{"floor":33,"key":"LiquidBronze"},{"floor":35,"key":"Energy Potion"},{"floor":37,"key":"Energy Potion"},{"floor":38,"key":"AttackPotion"},{"floor":40,"key":"Dexterity Potion"},{"floor":42,"key":"AttackPotion"},{"floor":45,"key":"GamblersBrew"},{"floor":46,"key":"Explosive Potion"}],"is_trial":false,"path_per_floor":["M","M","M","M","?","R","E","R","T","R","E","M","$","?","R","B",null,"M","$","M","M","?","R","M","R","T","M","M","R","$","?","R","B",null,"M","?","M","M","?","M","R","M","T","$","M","M","R","E"],"character_chosen":"IRONCLAD","items_purchased":["Perfected Strike","Enlightenment","Flex","Ghostly Armor","Armaments","MealTicket","Flex"],"campfire_rested":3,"item_purchase_floors":[13,13,19,30,44,44,44],"current_hp_per_floor":[80,80,80,79,79,79,55,55,55,79,80,80,80,80,80,54,80,80,80,79,54,54,54,46,46,46,47,48,48,48,48,72,44,80,80,70,77,77,77,62,62,43,43,43,29,20,44,0,0],"gold":70,"neow_bonus":"ONE_RARE_RELIC","is_daily":false,"chose_seed":false,"campfire_upgraded":7,"win_rate":0.0,"timestamp":1614049708,"path_taken":["M","M","?","M","?","R","E","R","T","R","E","M","$","?","R","BOSS","M","$","M","M","?","R","M","R","T","M","M","R","$","?","R","BOSS","M","?","M","M","?","M","R","M","T","$","?","M","R","E"],"items_purchased_type":["Card","Card","Card","Card","Card","Relic","Card"],"build_version":"2020-12-22","purchased_purges":1,"victory":false,"max_hp_per_floor":[80,80,80,80,80,80,80,80,80,80,80,80,80,80,80,80,80,80,80,80,80,80,80,80,80,80,80,80,80,80,80,80,80,80,80,80,80,80,80,80,80,80,80,80,80,80,80,80,80],"card_choices":[{"not_picked":["Uppercut","Headbutt","Burning Pact"],"picked":"SKIP","floor":1},{"not_picked":["Dual Wield","Body Slam"],"picked":"Perfected Strike","floor":2},{"not_picked":["Shrug It Off","Heavy Blade"],"picked":"Perfected Strike","floor":3},{"not_picked":["True Grit","Fire Breathing","Dark Embrace"],"picked":"SKIP","floor":4},{"not_picked":["Rupture","Disarm"],"picked":"Iron Wave","floor":7},{"not_picked":["Bludgeon","Dark Embrace","Clothesline","True Grit"],"picked":"SKIP","floor":11},{"not_picked":["Body Slam","Heavy Blade","Clothesline"],"picked":"Anger","floor":12},{"not_picked":["Double Tap","Barricade","Impervious"],"picked":"Juggernaut","floor":16},{"not_picked":["Uppercut","Cleave","Iron Wave"],"picked":"Twin Strike","floor":18},{"not_picked":["Burning Pact","Warcry","Blood for Blood"],"picked":"Iron Wave","floor":20},{"not_picked":["Infernal Blade","Sword Boomerang","Shrug It Off"],"picked":"Body Slam","floor":21},{"not_picked":["Intimidate","Entrench","Anger"],"picked":"Ghostly Armor","floor":24},{"not_picked":["Shrug It Off","Fire Breathing","Cleave"],"picked":"Heavy Blade+1","floor":27},{"not_picked":["Uppercut","Pommel Strike+1","Clothesline+1"],"picked":"Intimidate+1","floor":28},{"not_picked":["Brutality","Double Tap","Bludgeon"],"picked":"Reaper","floor":33},{"not_picked":["Clothesline+1","Hemokinesis+1","Flex+1"],"picked":"Armaments","floor":35},{"not_picked":["Deep Breath","Madness","Sadistic Nature"],"picked":"Finesse","floor":36},{"not_picked":["Metamorphosis","Flash of Steel","Thinking Ahead"],"picked":"Discovery","floor":36},{"not_picked":["Dark Shackles","Purity","Thinking Ahead"],"picked":"Blind","floor":36},{"not_picked":["Heavy Blade+1","Pommel Strike","Blood for Blood"],"picked":"Flex+1","floor":37},{"not_picked":["Headbutt","Sword Boomerang","True Grit+1"],"picked":"Shrug It Off","floor":38},{"not_picked":["Cleave","Sword Boomerang","Twin Strike"],"picked":"Fiend Fire","floor":40},{"not_picked":["Dropkick+1","Headbutt","Sever Soul","Hemokinesis"],"picked":"SKIP","floor":42},{"not_picked":["Heavy Blade+1","Bloodletting","Battle Trance"],"picked":"Rampage+1","floor":45},{"not_picked":["Pommel Strike","Dark Embrace","Clash+1"],"picked":"Power Through+1","floor":46}],"player_experience":2454,"relics_obtained":[{"floor":7,"key":"Question Card"},{"floor":9,"key":"White Beast Statue"},{"floor":11,"key":"Red Skull"},{"floor":26,"key":"Oddly Smooth Stone"},{"floor":43,"key":"Sundial"}],"event_choices":[{"damage_healed":0,"gold_gain":0,"player_choice":"Ignored","damage_taken":0,"max_hp_gain":0,"max_hp_loss":0,"event_name":"Liars Game","floor":5,"gold_loss":0},{"damage_healed":0,"gold_gain":0,"player_choice":"Grow","damage_taken":0,"max_hp_gain":0,"max_hp_loss":0,"event_name":"Living Wall","floor":14,"gold_loss":0,"cards_upgraded":["Enlightenment"]},{"damage_healed":0,"gold_gain":0,"player_choice":"Ignored","damage_taken":0,"max_hp_gain":0,"max_hp_loss":0,"event_name":"Vampires","floor":22,"gold_loss":0},{"cards_removed":["Heavy Blade"],"damage_healed":0,"gold_gain":0,"player_choice":"Purged","damage_taken":0,"max_hp_gain":0,"max_hp_loss":0,"event_name":"Purifier","floor":31,"gold_loss":0},{"damage_healed":0,"gold_gain":0,"player_choice":"Memory 3","damage_taken":10,"max_hp_gain":0,"max_hp_loss":0,"event_name":"SensoryStone","floor":36,"gold_loss":0},{"cards_removed":["Strike_R"],"damage_healed":0,"gold_gain":0,"player_choice":"Removed Attack","damage_taken":0,"max_hp_gain":0,"max_hp_loss":0,"event_name":"Falling","floor":39,"gold_loss":0}],"is_beta":false,"boss_relics":[{"not_picked":["Coffee Dripper","Sozu"],"picked":"Black Blood"},{"not_picked":["Velvet Choker","Snecko Eye"],"picked":"Runic Pyramid"}],"items_purged_floors":[19],"is_endless":false,"potions_floor_spawned":[1,4,7,11,12,16,18,20,21,24,27,28,33,35,37,38,40,42,45,46],"killed_by":"Giant Head","ascension_level":0}}