{"host":"lv7etzzgwahaenh9","time":1614039605,"event":{"mods":["AchievementEnabler","BaseMod","Colored Map","Colored Powertips","Highlight Path","Minty Spire (QoL Compilation)","Permanent Neow","Quick Restart","Random Character Button","StSLib"],"gold_per_floor":[361,361,375,388,77,77,88,113,163,163,180,198,213,224,224,302,302,319,319,319,329,75,102,102,102,126,126,126,126,126],"floor_reached":29,"language":"ENG","playtime":897,"items_purged":["Strike_G"],"score":442,"play_id":"29aa85e6-4850-4613-a9ea-c8c7434ec500","local_time":"20210222162005","is_ascension_mode":true,"campfire_choices":[{"data":"Deadly Poison","floor":6,"key":"SMITH"},{"floor":15,"key":"REST"},{"data":"After Image","floor":24,"key":"SMITH"},{"data":"HandOfGreed","floor":28,"key":"SMITH"}],"circlet_count":0,"master_deck":["AscendersBane","Defend_G","Defend_G","Defend_G","Survivor","Neutralize+1","Sucker Punch","Deadly Poison","Deadly Poison+1","Caltrops","Poisoned Stab","Catalyst","Bouncing Flask","Backflip","After Image+1","Crippling Poison","Bite","Bite","Bite","Bite","Bite","PiercingWail+1","HandOfGreed+1","Deflect","Noxious Fumes","Phantasmal Killer","Reflex","Expertise"],"relics":["Ring of the Snake","Omamori","Gremlin Horn","Anchor","Bag of Preparation","Coffee Dripper","Necronomicon","WingedGreaves","Boot","Juzu Bracelet"],"acts_visited":["Exordium","TheCity"],"potions_floor_usage":[8,16,23],"damage_taken":[{"damage":0,"enemies":"2 Louse","floor":1,"turns":3},{"damage":0,"enemies":"Cultist","floor":3,"turns":4},{"damage":3,"enemies":"Small Slimes","floor":4,"turns":3},{"damage":6,"enemies":"2 Fungi Beasts","floor":7,"turns":4},{"damage":12,"enemies":"Lagavulin","floor":8,"turns":5},{"damage":0,"enemies":"Large Slime","floor":11,"turns":4},{"damage":0,"enemies":"Blue Slaver","floor":12,"turns":2},{"damage":1,"enemies":"Looter","floor":13,"turns":3},{"damage":0,"enemies":"3 Louse","floor":14,"turns":4},{"damage":19,"enemies":"The Guardian","floor":16,"turns":7},{"damage":0,"enemies":"Shell Parasite","floor":18,"turns":2},{"damage":6,"enemies":"Chosen","floor":21,"turns":5},{"damage":27,"enemies":"Gremlin Leader","floor":23,"turns":6},{"damage":25,"enemies":"Book of Stabbing","floor":29,"turns":4}],"seed_played":"-8274882054252495209","potions_obtained":[{"floor":1,"key":"PowerPotion"},{"floor":7,"key":"Energy Potion"},{"floor":11,"key":"SpeedPotion"},{"floor":16,"key":"GhostInAJar"},{"floor":18,"key":"SpeedPotion"}],"is_trial":false,"path_per_floor":["M","?","M","M","$","R","M","E","T","?","M","M","M","M","R","B",null,"M","?","?","M","$","E","R","?","T","?","R","E"],"character_chosen":"THE_SILENT","items_purchased":["Omamori","Caltrops","HandOfGreed","Deflect","Noxious Fumes"],"campfire_rested":1,"item_purchase_floors":[5,5,22,22,22],"current_hp_per_floor":[59,47,47,44,44,44,38,26,26,26,26,26,25,25,43,24,51,51,35,35,35,35,18,18,18,18,18,18,0,0],"gold":126,"neow_bonus":"TWO_FIFTY_GOLD","is_daily":false,"chose_seed":false,"campfire_upgraded":3,"win_rate":0.0,"timestamp":1614039605,"path_taken":["M","?","M","M","$","R","M","E","T","?","M","M","?","M","R","BOSS","M","?","?","M","$","E","R","?","T","?","R","E"],"items_purchased_type":["Relic","Card","Card","Card","Card"],"build_version":"2020-12-22","purchased_purges":1,"victory":false,"max_hp_per_floor":[60,60,60,60,60,60,60,60,60,60,60,60,60,60,60,60,60,60,60,42,42,42,42,42,42,42,42,42,42,42],"card_choices":[{"not_picked":["Expertise","Bane"],"picked":"Sucker Punch","floor":1},{"not_picked":["Poisoned Stab","Backflip"],"picked":"Deadly Poison","floor":3},{"not_picked":["Tactician","Heel Hook"],"picked":"Deadly Poison","floor":4},{"not_picked":["Skewer","Flechettes"],"picked":"Poisoned Stab","floor":7},{"not_picked":["All Out Attack","Tactician"],"picked":"Catalyst","floor":8},{"not_picked":["Acrobatics","Dagger Spray"],"picked":"Bouncing Flask","floor":11},{"not_picked":["Flying Knee","Quick Slash","Deadly Poison"],"picked":"SKIP","floor":12},{"not_picked":["Die Die Die","Tactician","Distraction"],"picked":"SKIP","floor":13},{"not_picked":["Blade Dance","Dodge and Roll"],"picked":"Backflip","floor":14},{"not_picked":["Venomology","Storm of Steel"],"picked":"After Image","floor":16},{"not_picked":["Quick Slash","Choke"],"picked":"Crippling Poison","floor":18},{"not_picked":["Backflip","Deadly Poison+1"],"picked":"PiercingWail+1","floor":21},{"not_picked":["Eviscerate","Bane"],"picked":"Phantasmal Killer","floor":23}],"player_experience":514178,"relics_obtained":[{"floor":8,"key":"Gremlin Horn"},{"floor":9,"key":"Anchor"},{"floor":19,"key":"Necronomicon"},{"floor":23,"key":"WingedGreaves"},{"floor":26,"key":"Boot"}],"event_choices":[{"damage_healed":0,"gold_gain":0,"player_choice":"Entered Light","damage_taken":12,"max_hp_gain":0,"max_hp_loss":0,"event_name":"Shining Light","floor":2,"gold_loss":0,"cards_upgraded":["Neutralize","Strike_G"]},{"damage_healed":0,"gold_gain":0,"player_choice":"Gave Potion","damage_taken":0,"relics_obtained":["Bag of Preparation"],"max_hp_gain":0,"max_hp_loss":0,"event_name":"WeMeetAgain","floor":10,"gold_loss":0},{"damage_healed":0,"gold_gain":0,"player_choice":"Obtained Book","damage_taken":16,"max_hp_gain":0,"max_hp_loss":0,"event_name":"Cursed Tome","floor":19,"gold_loss":0},{"damage_healed":0,"gold_gain":0,"player_choice":"Became a vampire","damage_taken":0,"max_hp_gain":0,"max_hp_loss":18,"event_name":"Vampires","floor":20,"gold_loss":0,"cards_obtained":["Bite","Bite","Bite","Bite","Bite"]},{"damage_healed":0,"gold_gain":0,"cards_transformed":["Defend_G","Defend_G"],"player_choice":"Became Test Subject","damage_taken":0,"max_hp_gain":0,"max_hp_loss":0,"event_name":"Drug Dealer","floor":25,"gold_loss":0,"cards_obtained":["Reflex","Expertise"]},{"damage_healed":0,"gold_gain":0,"player_choice":"Opened","damage_taken":0,"relics_obtained":["Juzu Bracelet"],"max_hp_gain":0,"max_hp_loss":0,"event_name":"The Mausoleum","floor":27,"gold_loss":0,"cards_obtained":["Writhe"]}],"is_beta":false,"boss_relics":[{"not_picked":["Sozu","Runic Pyramid"],"picked":"Coffee Dripper"}],"items_purged_floors":[5],"is_endless":false,"potions_floor_spawned":[1,7,11,16,18],"killed_by":"Book of Stabbing","ascension_level":14}}