{"host":"jt67skv49snb75sm","time":1614106424,"event":{"mods":["BaseMod","Bestiary","Minty Spire (QoL Compilation)","Relic Stats"],"gold_per_floor":[110,130,130,140,140,140,153,188,211,223,233,70,70,95,95,95,95],"floor_reached":16,"language":"ENG","playtime":571,"items_purged":[],"score":224,"play_id":"5b7849fc-4a8a-4f9e-9c4b-50673f4da854","local_time":"20210223195344","is_ascension_mode":true,"campfire_choices":[{"data":"Ball Lightning","floor":6.0,"key":"SMITH"},{"data":"Ball Lightning","floor":13.0,"key":"SMITH"},{"data":"Loop","floor":15.0,"key":"SMITH"}],"circlet_count":0,"master_deck":["AscendersBane","Strike_B","Strike_B","Strike_B","Defend_B","Defend_B","Defend_B","Defend_B","Zap","Dualcast","Cold Snap","Ball Lightning+1","Glacier","Compile Driver","Leap","Ball Lightning+1","Loop+1","Chill"],"relics":["Cracked Core","CultistMask","Oddly Smooth Stone","Pen Nib","Lantern","Tiny Chest"],"acts_visited":["Exordium"],"potions_floor_usage":[],"damage_taken":[{"damage":12.0,"enemies":"Jaw Worm","floor":1.0,"turns":3.0},{"damage":7.0,"enemies":"Small Slimes","floor":2.0,"turns":3.0},{"damage":0.0,"enemies":"Cultist","floor":4.0,"turns":3.0},{"damage":13.0,"enemies":"Exordium Wildlife","floor":7.0,"turns":5.0},{"damage":1.0,"enemies":"Lagavulin","floor":8.0,"turns":6.0},{"damage":0.0,"enemies":"Large Slime","floor":10.0,"turns":8.0},{"damage":10.0,"enemies":"Gremlin Gang","floor":11.0,"turns":4.0},{"damage":4.0,"enemies":"Gremlin Nob","floor":14.0,"turns":3.0},{"damage":0,"enemies":"Slime Boss","floor":16,"turns":3}],"seed_played":"-3531324495685601244","potions_obtained":[{"floor":2.0,"key":"PowerPotion"},{"floor":7.0,"key":"ColorlessPotion"},{"floor":8.0,"key":"FearPotion"}],"is_trial":false,"path_per_floor":["M","M","?","M","?","R","M","E","T","M","M","$","R","E","R","B"],"character_chosen":"DEFECT","items_purchased":["Lantern"],"campfire_rested":0,"item_purchase_floors":[12],"current_hp_per_floor":[59,52,45,45,45,45,32,31,31,31,21,21,21,17,17,17,17],"gold":95,"neow_bonus":"TEN_PERCENT_HP_BONUS","is_daily":false,"chose_seed":false,"campfire_upgraded":3,"win_rate":0.0,"timestamp":1614106424,"path_taken":["M","M","?","M","?","R","?","E","T","M","M","?","R","E","R","BOSS"],"items_purchased_type":["Relic"],"build_version":"2020-12-22","purchased_purges":0,"victory":false,"max_hp_per_floor":[78,78,78,78,78,78,78,78,78,78,78,78,78,78,78,78,78],"relic_stats":{"counters":[9,38],"Tiny Chest":0,"Pen Nib":[2],"obtain_stats":[{"Lantern":12,"Oddly Smooth Stone":8,"Tiny Chest":14,"CultistMask":5,"Pen Nib":9,"Cracked Core":0},{"Lantern":7,"Oddly Smooth Stone":5,"Tiny Chest":8,"CultistMask":3,"Pen Nib":5,"Cracked Core":0},{"Lantern":32,"Oddly Smooth Stone":20,"Tiny Chest":35,"CultistMask":9,"Pen Nib":20,"Cracked Core":0}]},"card_choices":[{"not_picked":["Leap","White Noise"],"picked":"Cold Snap","floor":1.0},{"not_picked":["Aggregate","Beam Cell"],"picked":"Ball Lightning","floor":2.0},{"not_picked":["Hologram","Skim"],"picked":"Glacier","floor":4.0},{"not_picked":["Barrage","Recycle"],"picked":"Compile Driver","floor":7.0},{"not_picked":["Skim","Go for the Eyes"],"picked":"Leap","floor":8.0},{"not_picked":["Tempest","Conserve Battery"],"picked":"Ball Lightning","floor":10.0},{"not_picked":["Steam","White Noise"],"picked":"Loop","floor":11.0},{"not_picked":["All For One","Rebound"],"picked":"Chill","floor":14.0}],"player_experience":882497,"relics_obtained":[{"floor":8.0,"key":"Oddly Smooth Stone"},{"floor":9.0,"key":"Pen Nib"},{"floor":14.0,"key":"Tiny Chest"}],"event_choices":[{"cards_removed":["Strike_B"],"damage_healed":0.0,"max_hp_gain":0.0,"max_hp_loss":0.0,"gold_gain":0.0,"event_name":"Golden Wing","player_choice":"Card Removal","floor":3.0,"gold_loss":0.0,"damage_taken":7.0},{"damage_healed":0.0,"max_hp_gain":0.0,"max_hp_loss":0.0,"gold_gain":0.0,"event_name":"FaceTrader","player_choice":"Trade","floor":5.0,"gold_loss":0.0,"damage_taken":0.0,"relics_obtained":["CultistMask"]}],"is_beta":false,"boss_relics":[],"items_purged_floors":[],"is_endless":false,"potions_floor_spawned":[2,7,8],"killed_by":"Slime Boss","ascension_level":20}}