{"host":"pletss163z7s8pvv","time":1614052041,"event":{"mods":["AchievementEnabler","Act Like it!","AlwaysNeverKeys","BaseMod","Better Altar","Better Match","Better Note","Better Sensory Stone","Better Skull","Better Third Choice","BetterRewards","Bossed Relics","CapriCore","ChefMod","Colored Map","Colored Powertips","Conspire","Dio Mod","Displayed Cursed Tome","Energized Spire","Evolution","Gensokyo","GifTheSpireLib","Hallownest","Hermit","Ironclad Rager","Jedi Mod","Marisa????????","Marked Mod","Minty Spire (QoL Compilation)","Reliquary","Replay The Spire","Retaliation","Ruina","Somnambulant","Spicy Shops","StS++","StSLib","The Administrix","The Alterego","The Animator","The Blue Laboratory","The Bug Knight","The Construct","The Cursed","The Disciple","The Forsaken","The Hierophant","The Necromancer","The Saiyan","The Vixen","The Wild Card","TheVacant","Transform Curses"],"gold_per_floor":[95,115,127,127,127,127,162,162,189,220,238,254,354,380,380,475,475,487,71,91,91,91,91,103,103,129,129,145,105,125,154,154,251,251,266,266,266,79,99,99,109,109,187,204,221,221,221,30,30,30,30,30,30,30,30],"floor_reached":54,"language":"ENG","playtime":3330,"items_purged":["Injury"],"score":765,"play_id":"e9ef6afa-c39d-40a0-bbbb-c321bda4494e","local_time":"20210222214721","is_ascension_mode":false,"campfire_choices":[{"data":"Saiyan:KaioKen","floor":6,"key":"SMITH"},{"floor":8,"key":"RECALL"},{"floor":15,"key":"REST"},{"floor":23,"key":"REST"},{"data":"Saiyan:MajinSeal","floor":25,"key":"SMITH"},{"floor":32,"key":"REST"},{"floor":40,"key":"REST"},{"floor":47,"key":"REST"},{"floor":49,"key":"REST"},{"data":"Saiyan:MindBoom","floor":52,"key":"SMITH"}],"circlet_count":0,"master_deck":["Saiyan:BackAttack","Saiyan:BackAttack","Saiyan:SAIYA_Strike","Saiyan:SAIYA_Defend","Saiyan:SAIYA_Defend","Saiyan:SAIYA_Defend","Saiyan:SAIYA_Defend","Saiyan:EnergyBlast","Saiyan:KaioKen+1","Saiyan:RuthlessBlow","Saiyan:Flurry","Saiyan:Quickening","Saiyan:ConcussiveBlow","Saiyan:KiExplosion","Saiyan:PowerUp","Saiyan:Scouter","Saiyan:PowerPole","Saiyan:MajinSeal+1","Saiyan:ReverberatingForce","Saiyan:ExpandingShockwave","Saiyan:TurtleShell","Saiyan:SuperSaiyanForm+1","jedi:cleanse+1","Saiyan:MeteorDash","Saiyan:SuperSaiyanForm+1","Saiyan:BigBangAttack","Saiyan:PowerUp","Saiyan:GhostAttack","Saiyan:CCCapsule+1","Saiyan:SenzuBean","Saiyan:Medicine","Saiyan:Medicine","Saiyan:DragonFist","Saiyan:Planning+1","Saiyan:KiExplosion","Saiyan:LastResort","Saiyan:MindBoom+1","Saiyan:CCCapsule","Saiyan:Planning","Saiyan:ExpandingShockwave"],"relics":["SaiyanSoul","SaiyanHeart","EVO:Axolotl","Centennial Puzzle","StSpp:XCola","reliquary:PorcupineQuills","Onion Ring","Vajra","SacredBark","TungstenRod","Bronze Scales","Orichalcum","HollowMod:PaleOreRelic","BargainBundle"],"acts_visited":["Exordium","Gensokyo:Gensokyo","Gensokyo:Gensokyoer","TheEnding"],"potions_floor_usage":[33,50,50,50],"damage_taken":[{"damage":0,"enemies":"Gensokyo:Python","floor":1,"turns":4},{"damage":2,"enemies":"Gensokyo:2_Kodama","floor":2,"turns":4},{"damage":0,"enemies":"Gensokyo:3_Fairies","floor":3,"turns":2},{"damage":0,"enemies":"Gensokyo:Mamizou","floor":7,"turns":8},{"damage":24,"enemies":"Gensokyo:Aya","floor":10,"turns":6},{"damage":14,"enemies":"Gensokyo:Python_and_Kodama","floor":11,"turns":5},{"damage":0,"enemies":"Gensokyo:Kitsune","floor":12,"turns":4},{"damage":14,"enemies":"Gensokyo:Kokoro","floor":16,"turns":12},{"damage":14,"enemies":"Gensokyo:CosmicMonolith","floor":18,"turns":5},{"damage":30,"enemies":"Gensokyo:Chomper","floor":20,"turns":7},{"damage":1,"enemies":"Gensokyo:Swordslinger","floor":24,"turns":8},{"damage":3,"enemies":"Gensokyo:Chomper_and_Gloop","floor":28,"turns":7},{"damage":29,"enemies":"Gensokyo:Slime_Group","floor":30,"turns":5},{"damage":16,"enemies":"Gensokyo:Reisen","floor":31,"turns":9},{"damage":34,"enemies":"Gensokyo:Kaguya","floor":33,"turns":12},{"damage":0,"enemies":"Gensokyo:3_Bats","floor":35,"turns":2},{"damage":18,"enemies":"Gensokyo:AncientGuardian","floor":39,"turns":10},{"damage":30,"enemies":"Gensokyo:3_Boulders","floor":41,"turns":7},{"damage":22,"enemies":"Gensokyo:Rafflesia","floor":44,"turns":9},{"damage":20,"enemies":"Gensokyo:AtlasGolem","floor":45,"turns":6},{"damage":19,"enemies":"Gensokyo:Yuyuko","floor":50,"turns":8},{"damage":153,"enemies":"Shield and Spear","floor":54,"turns":6}],"seed_played":"-8424760147586617255","potions_obtained":[{"floor":3,"key":"blueLaboratory:ArtificerPotion"},{"floor":10,"key":"blueLaboratory:PhilterOfMotion"},{"floor":16,"key":"blueLaboratory:AbyssPotion"},{"floor":35,"key":"Strength Potion"}],"is_trial":false,"path_per_floor":["M","M","M","COS","?","R","E","R","T","E","M","M","?","T","R","B",null,"M","$","M","?","?","R","M","R","T","?","M","?","M","E","R","B",null,"M","?","?","$","M","R","M","?","T","M","M","?","R","$","R","B",null,"R","$","E"],"character_chosen":"SAIYAJIN","items_purchased":["TungstenRod","Saiyan:ExpandingShockwave","Saiyan:TurtleShell","Death Potion","Saiyan:Medicine","Saiyan:DragonFist","BargainBundle","Weak Potion","Saiyan:CCCapsule","Saiyan:Planning","Saiyan:ExpandingShockwave"],"campfire_rested":6,"item_purchase_floors":[19,19,19,19,38,38,48,48,48,48,48],"current_hp_per_floor":[68,67,68,68,68,68,71,71,71,49,38,39,39,39,62,49,80,68,68,40,40,40,65,65,65,65,65,67,67,41,27,55,22,96,97,97,80,80,68,97,69,69,69,62,43,43,75,75,107,107,108,108,108,0,0],"gold":30,"neow_bonus":"TEN_PERCENT_HP_BONUS","is_daily":false,"chose_seed":false,"campfire_upgraded":3,"win_rate":0.0,"timestamp":1614052041,"path_taken":["M","M","M","COS","?","R","E","R","T","E","M","M","?","?","R","BOSS","M","$","M","?","?","R","M","R","T","?","?","?","M","E","R","BOSS","M","?","?","$","?","R","M","?","T","M","M","?","R","$","R","BOSS","R","$","E"],"items_purchased_type":["Relic","Card","Card","Potion","Card","Card","Relic","Potion","Card","Card","Card"],"build_version":"2020-12-22","purchased_purges":1,"victory":false,"max_hp_per_floor":[68,69,70,70,70,70,73,73,73,75,78,79,79,79,79,80,80,82,82,84,84,84,84,85,85,85,85,90,90,93,95,95,96,96,97,97,97,97,97,97,99,99,99,107,108,108,108,108,108,108,108,108,108,108,108],"card_choices":[{"not_picked":["Saiyan:SaiyanHubris","Saiyan:ReverberatingForce"],"picked":"Saiyan:Flurry","floor":1},{"not_picked":["Saiyan:Fly","Saiyan:PlotArmor"],"picked":"Saiyan:Quickening","floor":2},{"not_picked":["Saiyan:Quickening","Saiyan:TurtleShell"],"picked":"Saiyan:ConcussiveBlow","floor":3},{"not_picked":["Saiyan:RemoveWeights","Saiyan:CCCapsule"],"picked":"Saiyan:KiExplosion","floor":7},{"not_picked":["Saiyan:FingerParry","Saiyan:Medicine"],"picked":"Saiyan:PowerUp","floor":10},{"not_picked":["Saiyan:PlotArmor","Saiyan:Planning"],"picked":"Saiyan:Scouter","floor":11},{"not_picked":["Saiyan:Reset","Saiyan:Pacing"],"picked":"Saiyan:PowerPole","floor":12},{"not_picked":["Saiyan:MindBoom","Saiyan:SuperSaiyanThree"],"picked":"Saiyan:MajinSeal","floor":16},{"not_picked":["Saiyan:BigBangAttack","Saiyan:MeteorDash+1"],"picked":"Saiyan:ReverberatingForce","floor":18},{"not_picked":["Saiyan:Twize","Saiyan:Endure"],"picked":"Saiyan:SuperSaiyanForm+1","floor":20},{"not_picked":["Secret Technique+1","Panache+1"],"picked":"jedi:cleanse+1","floor":22},{"not_picked":["Saiyan:Scouter","Saiyan:ExpandingShockwave"],"picked":"Saiyan:MeteorDash","floor":24},{"not_picked":["Saiyan:Fly","Saiyan:Planning"],"picked":"Saiyan:SuperSaiyanForm","floor":28},{"not_picked":["Saiyan:KameHameHa","Saiyan:Pacing"],"picked":"Saiyan:BigBangAttack","floor":30},{"not_picked":["Saiyan:Endure","Saiyan:BigBangAttack"],"picked":"Saiyan:PowerUp","floor":31},{"not_picked":["Saiyan:TheBomb","Saiyan:SenzuBean"],"picked":"Saiyan:GhostAttack","floor":33},{"not_picked":["Saiyan:Planning","Saiyan:SaiyanHubris+1"],"picked":"Saiyan:CCCapsule+1","floor":35},{"not_picked":["Saiyan:Quickening","Saiyan:Expend"],"picked":"Saiyan:Planning+1","floor":39},{"not_picked":["Saiyan:Quickening","Saiyan:PlotArmor"],"picked":"Saiyan:KiExplosion","floor":41},{"not_picked":["Saiyan:BigBangAttack+1","Saiyan:CCCapsule"],"picked":"Saiyan:LastResort","floor":44},{"not_picked":["Saiyan:RemoveWeights","Saiyan:Pacing"],"picked":"Saiyan:MindBoom","floor":45}],"player_experience":541001,"relics_obtained":[{"floor":7,"key":"StSpp:XCola"},{"floor":9,"key":"reliquary:PorcupineQuills"},{"floor":10,"key":"Onion Ring"},{"floor":14,"key":"Vajra"},{"floor":26,"key":"Bronze Scales"},{"floor":31,"key":"Orichalcum"}],"event_choices":[{"damage_healed":0,"gold_gain":0,"player_choice":"2","damage_taken":0,"max_hp_gain":0,"max_hp_loss":0,"event_name":"betterMatch:BetterMatch","floor":22,"gold_loss":0,"cards_obtained":["betterMatch:ColorlessRareCard"]},{"damage_healed":0,"gold_gain":0,"player_choice":"RE ","damage_taken":21,"relics_obtained":["HollowMod:PaleOreRelic"],"max_hp_gain":0,"max_hp_loss":0,"event_name":"betterSkull:BetterSkull","floor":37,"gold_loss":0,"cards_upgraded":[]},{"damage_healed":0,"gold_gain":0,"player_choice":"Leave","damage_taken":0,"max_hp_gain":0,"max_hp_loss":0,"event_name":"conspire:Investor","floor":42,"gold_loss":0}],"is_beta":false,"boss_relics":[{"not_picked":["reliquary:RedPaperclip","conspire:RunicOctahedron"],"picked":"SacredBark"},{"not_picked":["theForsaken:PaleLantern","energizedSpire:RedRose","Runic Pyramid"]}],"items_purged_floors":[38],"is_endless":false,"potions_floor_spawned":[3,10,16,24,28,35,44],"killed_by":"Shield and Spear","ascension_level":0}}