{"host":"zwfzlkwql9nyrw94","time":1614118153,"event":{"mods":["AchievementEnabler","BaseMod","Colored Map","Filter the Spire","Grow up Mod","Highlight Path","Minty Spire (QoL Compilation)","Remove Card Discount Mod"],"gold_per_floor":[115,27,27,47,59,87,87,100,150,17,17,17],"floor_reached":11,"language":"ENG","playtime":554,"items_purged":["Strike_B","Strike_B","Defend_B","Strike_B","Defend_B","Defend_B","Strike_B"],"score":127,"play_id":"7b5c28e3-892f-424c-b9d2-50142303cb7d","local_time":"20210223160913","is_ascension_mode":true,"campfire_choices":[{"data":"Dualcast","floor":7,"key":"SMITH"}],"circlet_count":0,"master_deck":["Zap","Dualcast+1","Compile Driver","FTL","Beam Cell","Rebound","Redo","FTL","Turbo","Hello World"],"relics":["Nuclear Battery","Mercury Hourglass"],"acts_visited":["Exordium"],"potions_floor_usage":[],"damage_taken":[{"damage":1,"enemies":"Jaw Worm","floor":1,"turns":3},{"damage":0,"enemies":"Cultist","floor":4,"turns":2},{"damage":1,"enemies":"2 Louse","floor":5,"turns":2},{"damage":20,"enemies":"3 Sentries","floor":6,"turns":6},{"damage":0,"enemies":"2 Fungi Beasts","floor":8,"turns":2},{"damage":7,"enemies":"Gremlin Nob","floor":11,"turns":3}],"seed_played":"4724212871154638484","potions_obtained":[{"floor":4,"key":"Fire Potion"},{"floor":6,"key":"PowerPotion"},{"floor":8,"key":"SpeedPotion"}],"is_trial":false,"path_per_floor":["M","$","?","M","M","E","R","M","T","$","E"],"character_chosen":"DEFECT","items_purchased":["FTL","Beam Cell","Turbo","Hello World"],"campfire_rested":0,"item_purchase_floors":[2,2,10,10],"current_hp_per_floor":[94,104,114,124,133,123,133,143,153,163,156,156],"gold":17,"neow_bonus":"BOSS_RELIC","is_daily":false,"chose_seed":false,"campfire_upgraded":1,"win_rate":0.0,"timestamp":1614118153,"path_taken":["M","$","?","?","M","E","R","M","T","?","E"],"items_purchased_type":["Card","Card","Card","Card"],"build_version":"2020-12-22","purchased_purges":7,"victory":false,"max_hp_per_floor":[95,105,115,125,135,145,155,165,175,185,185,185],"card_choices":[{"not_picked":["Steam","Leap"],"picked":"Compile Driver","floor":1},{"not_picked":["Cold Snap","Turbo"],"picked":"Rebound","floor":4},{"not_picked":["Go for the Eyes","Hello World"],"picked":"Redo","floor":5},{"not_picked":["Electrodynamics","Static Discharge"],"picked":"FTL","floor":6},{"not_picked":["Leap","Undo","Cold Snap"],"picked":"SKIP","floor":8}],"player_experience":234945,"relics_obtained":[{"floor":6,"key":"Mercury Hourglass"}],"event_choices":[{"cards_removed":["Defend_B"],"damage_healed":0,"gold_gain":0,"player_choice":"Offered Basic","damage_taken":0,"max_hp_gain":0,"max_hp_loss":0,"event_name":"Bonfire Elementals","floor":3,"gold_loss":0}],"is_beta":false,"boss_relics":[],"items_purged_floors":[2,2,2,10,10,10,10],"is_endless":false,"potions_floor_spawned":[4,6,8],"killed_by":"Gremlin Nob","ascension_level":1}}