{"host":"8d3fefv2347kqkpz","time":1614072886,"event":{"mods":["AchievementEnabler","BaseMod","Better Vampires","BetterRewards","Colored Map","Colored Powertips","Downfall","Emptier Cage","Highlight Path","Marked Mod","Minty Spire (QoL Compilation)","Permanent Neow","Quick Restart","Rare Cards Sparkle","Relic Stats","Say the Spire","Spicy Shops","StSLib","Waifu the Spire"],"gold_per_floor":[118,128,146,164,164,193,205,242,277,309,339,382,417,444,456,567,579,609,634,646,675,6,6,34,50,132,132,32,32,46,76,76,181,181,192,67,0,55,55,55,73,73,73,104,118,130,162,173,173,173],"floor_reached":51,"language":"ZHS","playtime":1921,"items_purged":["Strike_R","Strike_R","Strike_R"],"score":881,"play_id":"c002b923-ed98-4f70-827f-8d6c602077e9","local_time":"20210223173446","is_ascension_mode":true,"campfire_choices":[{"data":"Ghostly Armor","floor":7,"key":"SMITH"},{"data":"Rage","floor":15,"key":"SMITH"},{"data":"Barricade","floor":23,"key":"SMITH"},{"floor":29,"key":"REST"},{"floor":32,"key":"REST"},{"data":"Feel No Pain","floor":40,"key":"SMITH"},{"data":"Blood for Blood","floor":42,"key":"SMITH"},{"floor":49,"key":"REST"}],"circlet_count":0,"master_deck":["Strike_R","Defend_R","Defend_R","Bash","Clash","Ghostly Armor+1","Feel No Pain+1","Inflame","Double Tap","Rage+1","Blood for Blood+1","Barricade+1","Warcry+1","Seeing Red","Corruption","Shockwave+1","Second Wind","The Bomb","Shrug It Off","Brutality+1","Dual Wield+1","Flame Barrier+1","Body Slam+1","Dual Wield+1","Parasite","Shrug It Off+1","Metallicize+1","Shrug It Off+1"],"relics":["Burning Blood","MawBank","Oddly Smooth Stone","Red Skull","Bronze Scales","Odd Mushroom","Black Star","StoneCalendar","Orrery","Pear","Kunai","Frozen Egg 2","Bottled Lightning","Bottled Flame","Potion Belt","Sozu","Red Mask","Shovel","Magic Flower","The Courier","Ice Cream","Shuriken"],"acts_visited":["Exordium","TheCity","TheBeyond"],"potions_floor_usage":[24,31],"damage_taken":[{"damage":5,"enemies":"2 Louse","floor":1,"turns":3},{"damage":3,"enemies":"Jaw Worm","floor":2,"turns":3},{"damage":5,"enemies":"Small Slimes","floor":3,"turns":3},{"damage":4,"enemies":"2 Fungi Beasts","floor":4,"turns":5},{"damage":7,"enemies":"3 Sentries","floor":6,"turns":12},{"damage":25,"enemies":"Gremlin Nob","floor":8,"turns":4},{"damage":10,"enemies":"Looter","floor":10,"turns":2},{"damage":0,"enemies":"Large Slime","floor":11,"turns":4},{"damage":18,"enemies":"Lagavulin","floor":12,"turns":6},{"damage":7,"enemies":"The Mushroom Lair","floor":13,"turns":5},{"damage":0,"enemies":"Lots of Slimes","floor":14,"turns":4},{"damage":25,"enemies":"Slime Boss","floor":16,"turns":11},{"damage":5,"enemies":"Spheric Guardian","floor":18,"turns":5},{"damage":1,"enemies":"3 Byrds","floor":19,"turns":3},{"damage":39,"enemies":"Snake Plant","floor":21,"turns":5},{"damage":39,"enemies":"Slavers","floor":24,"turns":4},{"damage":0,"enemies":"Centurion and Healer","floor":25,"turns":6},{"damage":20,"enemies":"Sentry and Sphere","floor":30,"turns":6},{"damage":22,"enemies":"Book of Stabbing","floor":31,"turns":5},{"damage":11,"enemies":"Champ","floor":33,"turns":8},{"damage":15,"enemies":"3 Shapes","floor":35,"turns":4},{"damage":55,"enemies":"2 Orb Walkers","floor":38,"turns":4},{"damage":1,"enemies":"Orb Walker","floor":41,"turns":2},{"damage":7,"enemies":"Giant Head","floor":44,"turns":8},{"damage":4,"enemies":"Spire Growth","floor":45,"turns":5},{"damage":61,"enemies":"Writhing Mass","floor":46,"turns":6},{"damage":44,"enemies":"Reptomancer","floor":47,"turns":4},{"damage":4,"enemies":"4 Shapes","floor":48,"turns":5},{"damage":19,"enemies":"Donu and Deca","floor":50,"turns":10}],"seed_played":"2267084164114527474","potions_obtained":[{"floor":3,"key":"Regen Potion"},{"floor":6,"key":"DistilledChaos"},{"floor":11,"key":"FairyPotion"},{"floor":12,"key":"SteroidPotion"},{"floor":19,"key":"AttackPotion"},{"floor":21,"key":"Block Potion"},{"floor":30,"key":"GamblersBrew"},{"floor":31,"key":"DuplicationPotion"}],"is_trial":false,"path_per_floor":["M","M","M","M","?","E","R","E","T","M","M","E","?","M","R","B",null,"M","M","?","M","$","R","E","M","T","?","$","R","M","E","R","B",null,"M","$","?","?","?","R","M","R","T","E","M","M","E","M","R","B",null],"character_chosen":"IRONCLAD","items_purchased":["Orrery","The Bomb","Pear"],"campfire_rested":3,"item_purchase_floors":[22,22,22],"current_hp_per_floor":[57,60,61,63,63,62,62,43,43,39,45,33,32,38,38,19,80,80,80,80,47,57,57,24,30,30,30,30,57,43,27,54,49,90,81,81,81,32,100,100,100,100,100,99,100,48,13,18,48,38],"gold":173,"neow_bonus":"REMOVE_TWO","is_daily":false,"chose_seed":false,"campfire_upgraded":5,"win_rate":0.0,"timestamp":1614072886,"path_taken":["M","M","M","M","?","E","R","E","T","M","M","E","?","M","R","BOSS","M","M","?","M","$","R","E","?","T","?","$","R","M","E","R","BOSS","M","$","?","?","?","R","M","R","T","E","?","M","E","?","R","BOSS"],"items_purchased_type":["Relic","Card","Relic"],"build_version":"2020-12-22","purchased_purges":3,"victory":true,"max_hp_per_floor":[80,80,80,80,80,80,80,80,80,80,80,80,80,80,80,80,80,80,80,80,80,90,90,90,90,90,90,90,90,90,90,90,90,90,90,90,90,90,100,100,100,100,100,100,100,100,100,100,100,100],"relic_stats":{"Sozu":3,"Shovel":0,"counters":[29,152],"Shuriken":[2],"Bronze Scales":[340],"Magic Flower":[12],"StoneCalendar":[198],"Black Star":4,"Kunai":[15],"MawBank":192,"obtain_stats":[{"Potion Belt":31,"Ice Cream":47,"Pear":22,"Oddly Smooth Stone":8,"Magic Flower":44,"StoneCalendar":20,"The Courier":44,"Odd Mushroom":13,"Frozen Egg 2":24,"MawBank":6,"Burning Blood":0,"Sozu":34,"Bottled Flame":31,"Shovel":38,"Shuriken":47,"Bronze Scales":12,"Orrery":22,"Black Star":17,"Red Mask":37,"Kunai":24,"Bottled Lightning":26,"Red Skull":9},{"Potion Belt":19,"Ice Cream":27,"Pear":15,"Oddly Smooth Stone":6,"Magic Flower":24,"StoneCalendar":14,"The Courier":24,"Odd Mushroom":10,"Frozen Egg 2":16,"MawBank":5,"Burning Blood":0,"Sozu":20,"Bottled Flame":19,"Shovel":22,"Shuriken":27,"Bronze Scales":9,"Orrery":15,"Black Star":12,"Red Mask":21,"Kunai":16,"Bottled Lightning":17,"Red Skull":6},{"Potion Belt":96,"Ice Cream":137,"Pear":75,"Oddly Smooth Stone":30,"Magic Flower":122,"StoneCalendar":70,"The Courier":122,"Odd Mushroom":47,"Frozen Egg 2":79,"MawBank":26,"Burning Blood":0,"Sozu":104,"Bottled Flame":96,"Shovel":112,"Shuriken":137,"Bronze Scales":42,"Orrery":75,"Black Star":62,"Red Mask":108,"Kunai":79,"Bottled Lightning":85,"Red Skull":30}],"Burning Blood":174},"card_choices":[{"not_picked":["Warcry","Sentinel"],"picked":"Clash","floor":1},{"not_picked":["Thunderclap","Shrug It Off","Havoc"],"picked":"SKIP","floor":2},{"not_picked":["Shrug It Off","Burning Pact"],"picked":"Ghostly Armor","floor":3},{"not_picked":["Heavy Blade","Burning Pact"],"picked":"Feel No Pain","floor":4},{"not_picked":["Infernal Blade","Heavy Blade","Bloodletting"],"picked":"SKIP","floor":6},{"not_picked":["Rupture","Heavy Blade"],"picked":"Inflame","floor":8},{"not_picked":["Havoc","Clothesline","Armaments"],"picked":"SKIP","floor":10},{"not_picked":["Flex","Dark Embrace","Sword Boomerang"],"picked":"SKIP","floor":11},{"not_picked":["Burning Pact","Bloodletting"],"picked":"Double Tap","floor":12},{"not_picked":["Second Wind","Ghostly Armor"],"picked":"Rage","floor":13},{"not_picked":["Wild Strike","Heavy Blade"],"picked":"Blood for Blood","floor":14},{"not_picked":["Reaper","Feed"],"picked":"Barricade","floor":16},{"not_picked":["Cleave","Seeing Red"],"picked":"Warcry+1","floor":18},{"not_picked":["Wild Strike","Armaments"],"picked":"Seeing Red","floor":19},{"not_picked":["Thunderclap+1","Carnage"],"picked":"Corruption","floor":21},{"not_picked":["Carnage","Thunderclap"],"picked":"Shockwave+1","floor":22},{"not_picked":["Infernal Blade","Thunderclap"],"picked":"Second Wind","floor":22},{"not_picked":["Berserk+1","Heavy Blade+1"],"picked":"Shrug It Off","floor":24},{"not_picked":["Shockwave","Clothesline"],"picked":"Brutality+1","floor":25},{"not_picked":["Twin Strike","Flex","Sever Soul+1"],"picked":"SKIP","floor":30},{"not_picked":["Spot Weakness","Intimidate","True Grit"],"picked":"SKIP","floor":31},{"not_picked":["Brutality+1","Barricade+1"],"picked":"Juggernaut+1","floor":33},{"not_picked":["Iron Wave+1","Reckless Charge"],"picked":"Dual Wield+1","floor":35},{"not_picked":["Iron Wave","Twin Strike+1"],"picked":"Flame Barrier+1","floor":38},{"not_picked":["True Grit","Headbutt","Bloodletting"],"picked":"SKIP","floor":41},{"not_picked":["Dual Wield","Warcry+1"],"picked":"Body Slam+1","floor":44},{"not_picked":["Reckless Charge+1","True Grit"],"picked":"Dual Wield+1","floor":45},{"not_picked":["Burning Pact","Cleave"],"picked":"Shrug It Off+1","floor":46},{"not_picked":["Flex","Clothesline"],"picked":"Metallicize+1","floor":47},{"not_picked":["Corruption+1","Seeing Red"],"picked":"Shrug It Off+1","floor":48}],"player_experience":515277,"relics_obtained":[{"floor":6,"key":"MawBank"},{"floor":8,"key":"Oddly Smooth Stone"},{"floor":9,"key":"Red Skull"},{"floor":12,"key":"Bronze Scales"},{"floor":13,"key":"Odd Mushroom"},{"floor":24,"key":"Kunai"},{"floor":24,"key":"Frozen Egg 2"},{"floor":26,"key":"Bottled Lightning"},{"floor":31,"key":"Bottled Flame"},{"floor":31,"key":"Potion Belt"},{"floor":38,"key":"Shovel"},{"floor":44,"key":"Magic Flower"},{"floor":44,"key":"The Courier"},{"floor":47,"key":"Ice Cream"},{"floor":47,"key":"Shuriken"}],"event_choices":[{"cards_removed":["Defend_R"],"damage_healed":0,"gold_gain":0,"player_choice":"Forget","damage_taken":0,"max_hp_gain":0,"max_hp_loss":0,"event_name":"Living Wall","floor":5,"gold_loss":0},{"damage_healed":0,"gold_gain":0,"player_choice":"Fought Mushrooms","damage_taken":0,"max_hp_gain":0,"max_hp_loss":0,"event_name":"Mushrooms","floor":13,"gold_loss":0},{"damage_healed":0,"gold_gain":0,"player_choice":"Gave Potion","damage_taken":0,"relics_obtained":["StoneCalendar"],"max_hp_gain":0,"max_hp_loss":0,"event_name":"WeMeetAgain","floor":20,"gold_loss":0},{"damage_healed":0,"gold_gain":0,"player_choice":"Ignored","damage_taken":0,"max_hp_gain":0,"max_hp_loss":0,"event_name":"Vampires","floor":27,"gold_loss":0},{"damage_healed":0,"gold_gain":0,"player_choice":"Paid","damage_taken":0,"relics_obtained":["Red Mask"],"max_hp_gain":0,"max_hp_loss":0,"event_name":"Tomb of Lord Red Mask","floor":37,"gold_loss":67},{"damage_healed":0,"gold_gain":0,"player_choice":"Fight","damage_taken":0,"max_hp_gain":0,"max_hp_loss":0,"event_name":"Mysterious Sphere","floor":38,"gold_loss":0},{"cards_removed":["Juggernaut"],"damage_healed":58,"gold_gain":0,"player_choice":"Offered Rare","damage_taken":0,"max_hp_gain":10,"max_hp_loss":0,"event_name":"Bonfire Elementals","floor":39,"gold_loss":0}],"is_beta":false,"boss_relics":[{"not_picked":["Fusion Hammer","Velvet Choker"],"picked":"Black Star"},{"not_picked":["Black Blood","Calling Bell"],"picked":"Sozu"}],"items_purged_floors":[22,28,36],"is_endless":false,"potions_floor_spawned":[3,6,11,12,14,19,21,30,31,41,47,48],"ascension_level":1}}