{"host":"v4nyfngrgywi7zc6","time":1614062365,"event":{"mods":["2.2 Compatiblity","Act Like it!","BaseMod","Custom Start","Friendly Minions","Minty Spire (QoL Compilation)","Reliquary","Ruina","Shade Mod","Shop Mod","StSLib","The Cursed","The Judge","The Jungle","The Marked","The Mystic","The Necromancer","The Saiyan"],"gold_per_floor":[119,138,138,138,138,138,138,151,151,177,177,206,221,234,234,331,331,341,341,266,279,279,309,309,309,309,323,323,340,373,385,385,483,483,483,494,494,258,258,283,295,295,295,309,309,309],"floor_reached":45,"language":"ENG","playtime":2824,"items_purged":["theMarked:Indomitable+1","theMarked:PowerFlow+1"],"score":493,"play_id":"e3e6c37b-ed80-44cb-92dc-e04a5494a909","local_time":"20210223003925","is_ascension_mode":false,"campfire_choices":[{"floor":6.0,"key":"REST"},{"data":"theMarked:SoldierOfQuellstein","floor":11.0,"key":"SMITH"},{"floor":15.0,"key":"REST"},{"floor":24.0,"key":"REST"},{"floor":28.0,"key":"REST"},{"floor":32.0,"key":"REST"}],"circlet_count":0,"master_deck":["theMarked:Strike+1","theMarked:Defend","theMarked:Defend+1","theMarked:Defend","theMarked:Defend","theMarked:SoldierOfQuellstein+1","theMarked:EmpowerWeapon","theMarked:SwordAndMagic","theMarked:ComboAttacks","theMarked:SwordAndMagic","theMarked:Vacuum","theMarked:BanishingStrike","theMarked:Panic+1","theMarked:BanishingStrike","theMarked:Toughness","theMarked:Heritage","theMarked:ComboAttacks+1"],"relics":["Velvet Choker","Gremlin Horn","reliquary:QuartzCube","Kunai","Bottled Lightning","Astrolabe","InkBottle","Pantograph","reliquary:SharkskinSheath","reliquary:ThirdArm","Letter Opener","reliquary:Sideboard"],"acts_visited":["Exordium","Exordium","TheBeyond"],"potions_floor_usage":[35,40],"damage_taken":[{"damage":0.0,"enemies":"2 Louse","floor":1.0,"turns":3.0},{"damage":5.0,"enemies":"Small Slimes","floor":2.0,"turns":2.0},{"damage":0.0,"enemies":"Jaw Worm","floor":8.0,"turns":3.0},{"damage":16.0,"enemies":"Gremlin Nob","floor":10.0,"turns":3.0},{"damage":1.0,"enemies":"3 Sentries","floor":12.0,"turns":4.0},{"damage":0.0,"enemies":"Blue Slaver","floor":13.0,"turns":3.0},{"damage":0.0,"enemies":"Looter","floor":14.0,"turns":2.0},{"damage":40.0,"enemies":"The Guardian","floor":16.0,"turns":7.0},{"damage":9.0,"enemies":"ruina:BadWolf","floor":18.0,"turns":3.0},{"damage":3.0,"enemies":"ruina:Nosferatu","floor":21.0,"turns":3.0},{"damage":29.0,"enemies":"ruina:Mountain","floor":23.0,"turns":6.0},{"damage":23.0,"enemies":"ruina:KnightOfDespair","floor":27.0,"turns":4.0},{"damage":7.0,"enemies":"ruina:Nos_and_Bat","floor":29.0,"turns":4.0},{"damage":19.0,"enemies":"ruina:RoadHome","floor":30.0,"turns":3.0},{"damage":13.0,"enemies":"ruina:Woodsman","floor":31.0,"turns":3.0},{"damage":44,"enemies":"ruina:Red_and_Wolf","floor":33,"turns":9},{"damage":0,"enemies":"3 Shapes","floor":35,"turns":4},{"damage":5,"enemies":"3 Darklings","floor":36,"turns":5},{"damage":55,"enemies":"Nemesis","floor":40,"turns":11},{"damage":24,"enemies":"Maw","floor":41,"turns":6},{"damage":5,"enemies":"Transient","floor":44,"turns":5},{"damage":20,"enemies":"Reptomancer","floor":45,"turns":2}],"seed_played":"3961864687807223279","potions_obtained":[{"floor":2.0,"key":"BlessingOfTheForge"},{"floor":12.0,"key":"SpeedPotion"},{"floor":13.0,"key":"ColorlessPotion"},{"floor":23.0,"key":"theMarked:HoverShot"},{"floor":27.0,"key":"Block Potion"},{"floor":31.0,"key":"SmokeBomb"},{"floor":44,"key":"Ancient Potion"}],"is_trial":false,"path_per_floor":["M","M","?","?","?","R","T","M","T","E","R","E","M","M","R","B",null,"M","?","$","M","?","E","R","?","T","M","R","M","E","M","R","B",null,"M","M","?","$","?","E","M","?","T","M","E"],"character_chosen":"THE_DEFAULT","items_purchased":["theMarked:Heritage","FairyPotion"],"campfire_rested":5,"item_purchase_floors":[38,38],"current_hp_per_floor":[70,65,58,44,37,58,58,58,58,42,42,41,41,41,62,22,70,61,61,61,58,58,29,50,50,50,27,48,41,22,9,30,11,70,70,65,65,65,65,10,18,18,18,13,0,0],"gold":309,"neow_bonus":"BOSS_RELIC","is_daily":false,"chose_seed":false,"campfire_upgraded":1,"win_rate":0.0,"timestamp":1614062365,"path_taken":["M","M","?","?","?","R","?","M","T","E","R","E","M","M","R","BOSS","M","?","?","M","?","E","R","?","T","M","R","?","E","M","R","BOSS","M","M","?","$","?","E","M","?","T","M","E"],"items_purchased_type":["Card","Potion"],"build_version":"2020-12-22","purchased_purges":2,"victory":false,"max_hp_per_floor":[70,70,70,70,70,70,70,70,70,70,70,70,70,70,70,70,70,70,70,70,70,70,70,70,70,70,70,70,70,70,70,70,70,70,70,70,70,70,70,70,70,70,70,70,70,70],"card_choices":[{"not_picked":["theMarked:Frustration","theMarked:Parkour"],"picked":"theMarked:EmpowerWeapon","floor":1.0},{"not_picked":["theMarked:Electrocute","theMarked:Snap","theMarked:TakeCover"],"picked":"SKIP","floor":2.0},{"not_picked":["theMarked:Polarize","theMarked:Determination"],"picked":"theMarked:SwordAndMagic","floor":8.0},{"not_picked":["theMarked:LightningStrikesTwice","theMarked:Frustration","theMarked:RepellingDischarge"],"picked":"SKIP","floor":10.0},{"not_picked":["theMarked:Panic","theMarked:AttractMetal"],"picked":"theMarked:ComboAttacks","floor":12.0},{"not_picked":["theMarked:Parkour","theMarked:WastefulAttack","theMarked:ContemptForTheProud"],"picked":"SKIP","floor":13.0},{"not_picked":["theMarked:Frustration","theMarked:BanishingStrike"],"picked":"theMarked:SwordAndMagic","floor":14.0},{"not_picked":["theMarked:BiggerThanFate","theMarked:MagusForm"],"picked":"theMarked:Vacuum","floor":16.0},{"not_picked":["theMarked:ShockingTouch","theMarked:TakeCover"],"picked":"theMarked:BanishingStrike","floor":18.0},{"not_picked":["theMarked:BanishingStrike","theMarked:Electrocute"],"picked":"theMarked:Panic+1","floor":21.0},{"not_picked":["theMarked:ContemptForTheProud","theMarked:ChainLightning"],"picked":"theMarked:BanishingStrike","floor":23.0},{"not_picked":["theMarked:ElectricStrings","theMarked:ChainLightning+1","theMarked:BanishingStrike+1"],"picked":"SKIP","floor":27.0},{"not_picked":["theMarked:WastefulAttack","theMarked:Parkour","theMarked:TwofoldDefense"],"picked":"SKIP","floor":29.0},{"not_picked":["theMarked:ChainLightning","theMarked:RepellingDischarge","theMarked:ThrowWeapon"],"picked":"SKIP","floor":30.0},{"not_picked":["theMarked:SwordAndMagic","theMarked:Friction"],"picked":"theMarked:Improvise","floor":31.0},{"not_picked":["theMarked:BiggerThanFate","theMarked:DispelDoubt"],"picked":"theMarked:Toughness","floor":33},{"not_picked":["theMarked:EmpowerWeapon","theMarked:RepellingDischarge+1","theMarked:ContemptForTheProud+1"],"picked":"SKIP","floor":36},{"not_picked":["theMarked:Memento+1","theMarked:Aftermath"],"picked":"theMarked:ComboAttacks+1","floor":40},{"not_picked":["theMarked:HeightenedSenses+1","theMarked:RepellingDischarge+1","theMarked:EmpowerWeapon+1"],"picked":"SKIP","floor":41},{"not_picked":["theMarked:Overthink+1","theMarked:CreepingChasm+1","theMarked:Frustration+1"],"picked":"SKIP","floor":44}],"player_experience":294030,"relics_obtained":[{"floor":9.0,"key":"reliquary:QuartzCube"},{"floor":10.0,"key":"Kunai"},{"floor":12.0,"key":"Bottled Lightning"},{"floor":23.0,"key":"InkBottle"},{"floor":26.0,"key":"Pantograph"},{"floor":30.0,"key":"reliquary:SharkskinSheath"},{"floor":40,"key":"Letter Opener"},{"floor":43,"key":"reliquary:Sideboard"}],"event_choices":[{"damage_healed":0.0,"max_hp_gain":0.0,"max_hp_loss":0.0,"gold_gain":0.0,"event_name":"Scrap Ooze","player_choice":"Success","floor":3.0,"gold_loss":0.0,"damage_taken":7.0,"relics_obtained":["Gremlin Horn"]},{"damage_healed":0.0,"max_hp_gain":0.0,"max_hp_loss":0.0,"gold_gain":0.0,"event_name":"Shining Light","player_choice":"Entered Light","floor":4.0,"gold_loss":0.0,"damage_taken":14.0,"cards_upgraded":["theMarked:Defend","theMarked:Strike"]},{"cards_removed":["theMarked:Strike"],"damage_healed":0.0,"max_hp_gain":0.0,"max_hp_loss":0.0,"gold_gain":0.0,"event_name":"Golden Wing","player_choice":"Card Removal","floor":5.0,"gold_loss":0.0,"damage_taken":7.0},{"cards_removed":["theMarked:Improvise"],"damage_healed":0,"gold_gain":0,"player_choice":"Removed Skill","damage_taken":0,"max_hp_gain":0,"max_hp_loss":0,"event_name":"Falling","floor":37,"gold_loss":0},{"damage_healed":0,"gold_gain":0,"player_choice":"Ignored","damage_taken":0,"max_hp_gain":0,"max_hp_loss":0,"event_name":"Tomb of Lord Red Mask","floor":39,"gold_loss":0},{"damage_healed":0,"gold_gain":0,"player_choice":"Ignored","damage_taken":0,"max_hp_gain":0,"max_hp_loss":0,"event_name":"Mysterious Sphere","floor":42,"gold_loss":0}],"is_beta":false,"boss_relics":[{"not_picked":["reliquary:Ember","reliquary:RedPaperclip"],"picked":"Astrolabe"},{"not_picked":["Snecko Eye","Cursed Key"],"picked":"reliquary:ThirdArm"}],"items_purged_floors":[20,38],"is_endless":false,"potions_floor_spawned":[2,12,13,23,27,31,44],"killed_by":"Reptomancer","ascension_level":0}}