{"host":"nsc6ozq3atyrdr3m","time":1614106341,"event":{"mods":["BaseMod","Colored Map","Minty Spire (QoL Compilation)"],"gold_per_floor":[114,77,91,91,10,10,36,36,86,98,123,142,112,127,127,228,228,245,231,5,5,5,33,33,47,74,99,99,124,142,57,57,162,162,176,192,212,212,226,259,310,323,323,323,323],"floor_reached":44,"language":"FRA","playtime":1325,"items_purged":[],"score":771,"play_id":"a4145272-de39-46ca-b73d-96a3455c8ca0","local_time":"20210223195221","is_ascension_mode":true,"campfire_choices":[{"data":"Storm","floor":6,"key":"SMITH"},{"data":"Sunder","floor":8,"key":"SMITH"},{"data":"Defragment","floor":15,"key":"SMITH"},{"data":"Creative AI","floor":24,"key":"SMITH"},{"data":"Defragment","floor":28,"key":"SMITH"},{"floor":32,"key":"REST"}],"circlet_count":0,"master_deck":["Strike_B","Strike_B","Strike_B","Strike_B","Defend_B","Defend_B","Defend_B","Defend_B","Zap","Dualcast","Sunder+1","Storm+1","Hologram","Self Repair","Leap","Skim","Double Energy","Defragment+1","Creative AI+1","CurseOfTheBell","Conserve Battery","Biased Cognition","Hello World","Hello World","Defragment+1","Turbo","Self Repair+1","Leap+1","Auto Shields+1"],"relics":["Cracked Core","NeowsBlessing","DataDisk","Mummified Hand","PreservedInsect","Potion Belt","Calling Bell","Regal Pillow","Kunai","CaptainsWheel","Toy Ornithopter","Oddly Smooth Stone","Akabeko","Pen Nib","Dream Catcher","Strawberry","Philosopher\u0027s Stone","Nunchaku","Incense Burner","Anchor"],"acts_visited":["Exordium","TheCity","TheBeyond"],"potions_floor_usage":[19,27,27,35,35,37,42,44],"damage_taken":[{"damage":0,"enemies":"Small Slimes","floor":1,"turns":1},{"damage":0,"enemies":"2 Louse","floor":3,"turns":1},{"damage":0,"enemies":"Lagavulin","floor":7,"turns":1},{"damage":1,"enemies":"Cultist","floor":10,"turns":3},{"damage":5,"enemies":"3 Sentries","floor":11,"turns":4},{"damage":3,"enemies":"Blue Slaver","floor":12,"turns":3},{"damage":0,"enemies":"Looter","floor":14,"turns":2},{"damage":27,"enemies":"Slime Boss","floor":16,"turns":6},{"damage":2,"enemies":"Chosen","floor":18,"turns":4},{"damage":12,"enemies":"2 Thieves","floor":19,"turns":4},{"damage":20,"enemies":"Book of Stabbing","floor":23,"turns":4},{"damage":10,"enemies":"Centurion and Healer","floor":25,"turns":4},{"damage":2,"enemies":"Gremlin Leader","floor":27,"turns":4},{"damage":15,"enemies":"Slavers","floor":29,"turns":3},{"damage":8,"enemies":"Cultist and Chosen","floor":30,"turns":5},{"damage":13,"enemies":"Champ","floor":33,"turns":7},{"damage":38,"enemies":"3 Darklings","floor":35,"turns":4},{"damage":9,"enemies":"Orb Walker","floor":36,"turns":2},{"damage":1,"enemies":"Transient","floor":37,"turns":5},{"damage":17,"enemies":"Maw","floor":39,"turns":5},{"damage":18,"enemies":"Nemesis","floor":40,"turns":5},{"damage":55,"enemies":"2 Orb Walkers","floor":41,"turns":3},{"damage":22,"enemies":"4 Shapes","floor":42,"turns":5},{"damage":41,"enemies":"Reptomancer","floor":44,"turns":3}],"seed_played":"-3314122739431314091","potions_obtained":[{"floor":10,"key":"SteroidPotion"},{"floor":12,"key":"ColorlessPotion"},{"floor":13,"key":"BlessingOfTheForge"},{"floor":13,"key":"EssenceOfSteel"},{"floor":14,"key":"FearPotion"},{"floor":18,"key":"Strength Potion"},{"floor":19,"key":"Explosive Potion"},{"floor":29,"key":"EssenceOfSteel"},{"floor":33,"key":"Strength Potion"},{"floor":35,"key":"GamblersBrew"},{"floor":37,"key":"Fruit Juice"},{"floor":40,"key":"SteroidPotion"},{"floor":42,"key":"Fire Potion"}],"is_trial":false,"path_per_floor":["M","$","M","?","$","R","E","R","T","M","E","M","?","M","R","B",null,"M","M","$","?","?","E","R","M","T","E","R","E","M","?","R","B",null,"M","M","M","?","M","E","?","M","T","E"],"character_chosen":"DEFECT","items_purchased":["Storm","Self Repair","Hello World","Toy Ornithopter"],"campfire_rested":1,"item_purchase_floors":[2,5,20,20],"current_hp_per_floor":[68,68,68,50,50,50,50,50,50,56,58,62,62,69,69,49,69,74,72,72,58,58,45,45,35,35,50,50,42,41,48,87,87,87,66,64,90,90,90,89,41,31,31,0,0],"gold":323,"neow_bonus":"THREE_ENEMY_KILL","is_daily":false,"chose_seed":false,"campfire_upgraded":5,"win_rate":0.0,"timestamp":1614106341,"path_taken":["M","$","M","?","$","R","E","R","T","M","E","M","?","M","R","BOSS","M","?","$","?","?","E","R","M","T","E","R","E","M","?","R","BOSS","M","M","M","?","M","E","?","M","T","E"],"items_purchased_type":["Card","Card","Card","Relic"],"build_version":"2020-12-22","purchased_purges":0,"victory":false,"max_hp_per_floor":[75,75,75,75,75,75,75,75,75,75,75,75,75,75,75,75,75,75,75,75,80,80,80,80,80,80,80,80,80,80,87,87,87,87,87,87,92,92,92,92,92,92,92,92,92],"card_choices":[{"not_picked":["Go for the Eyes","Sweeping Beam"],"picked":"Sunder","floor":1},{"not_picked":["Steam","Turbo"],"picked":"Hologram","floor":3},{"not_picked":["Doom and Gloom","Barrage"],"picked":"Leap","floor":7},{"not_picked":["Barrage","Chill"],"picked":"Skim","floor":10},{"not_picked":["Compile Driver","Darkness"],"picked":"Double Energy","floor":11},{"not_picked":["Steam","Lockon"],"picked":"Defragment","floor":12},{"not_picked":["Double Energy","Melter","Sunder"],"picked":"SKIP","floor":14},{"not_picked":["Echo Form","Fission"],"picked":"Creative AI","floor":16},{"not_picked":["Coolheaded+1","Cold Snap"],"picked":"Conserve Battery","floor":18},{"not_picked":["Go for the Eyes","Gash"],"picked":"Biased Cognition","floor":19},{"not_picked":["Cold Snap","FTL"],"picked":"Hello World","floor":23},{"not_picked":["Sunder+1","Streamline+1","Redo"],"picked":"SKIP","floor":25},{"not_picked":["Ball Lightning","Streamline"],"picked":"Defragment","floor":27},{"not_picked":["Go for the Eyes","Redo+1","Compile Driver"],"picked":"SKIP","floor":29},{"not_picked":["Sunder","Melter"],"picked":"Turbo","floor":30},{"not_picked":["Sweeping Beam+1","Gash"],"picked":"Self Repair+1","floor":32},{"not_picked":["Rip and Tear","Redo+1","Cold Snap"],"picked":"SKIP","floor":35},{"not_picked":["Gash+1","Double Energy","Hologram+1"],"picked":"SKIP","floor":36},{"not_picked":["Steam+1","Hologram","FTL+1"],"picked":"SKIP","floor":37},{"not_picked":["Compile Driver+1","Go for the Eyes","Stack"],"picked":"SKIP","floor":39},{"not_picked":["Beam Cell+1","Steam+1","Turbo+1"],"picked":"SKIP","floor":40},{"not_picked":["Go for the Eyes","Multi-Cast"],"picked":"Leap+1","floor":41},{"not_picked":["Compile Driver+1","Fusion"],"picked":"Auto Shields+1","floor":42}],"player_experience":444020,"relics_obtained":[{"floor":7,"key":"Mummified Hand"},{"floor":9,"key":"PreservedInsect"},{"floor":11,"key":"Potion Belt"},{"floor":17,"key":"Regal Pillow"},{"floor":17,"key":"Kunai"},{"floor":17,"key":"CaptainsWheel"},{"floor":23,"key":"Oddly Smooth Stone"},{"floor":26,"key":"Akabeko"},{"floor":27,"key":"Pen Nib"},{"floor":29,"key":"Dream Catcher"},{"floor":40,"key":"Nunchaku"},{"floor":41,"key":"Incense Burner"},{"floor":43,"key":"Anchor"}],"event_choices":[{"damage_healed":0,"gold_gain":0,"player_choice":"Success","damage_taken":18,"relics_obtained":["DataDisk"],"max_hp_gain":0,"max_hp_loss":0,"event_name":"Scrap Ooze","floor":4,"gold_loss":0},{"damage_healed":0,"gold_gain":0,"player_choice":"Bought 2 Potions","damage_taken":0,"max_hp_gain":0,"max_hp_loss":0,"event_name":"The Woman in Blue","floor":13,"gold_loss":0},{"damage_healed":0,"gold_gain":0,"player_choice":"Shed Blood","damage_taken":19,"max_hp_gain":5,"max_hp_loss":0,"event_name":"Forgotten Altar","floor":21,"gold_loss":0},{"damage_healed":0,"gold_gain":0,"player_choice":"Ignored","damage_taken":0,"max_hp_gain":0,"max_hp_loss":0,"event_name":"Ghosts","floor":22,"gold_loss":0},{"damage_healed":0,"gold_gain":0,"player_choice":"Obtained Relic","damage_taken":0,"relics_obtained":["Strawberry"],"max_hp_gain":0,"max_hp_loss":0,"event_name":"Addict","floor":31,"gold_loss":85},{"damage_healed":0,"gold_gain":0,"player_choice":"Memory 1","damage_taken":0,"max_hp_gain":0,"max_hp_loss":0,"event_name":"SensoryStone","floor":38,"gold_loss":0},{"damage_healed":0,"gold_gain":0,"player_choice":"Fight","damage_taken":0,"max_hp_gain":0,"max_hp_loss":0,"event_name":"Mysterious Sphere","floor":41,"gold_loss":0}],"is_beta":false,"boss_relics":[{"not_picked":["Runic Pyramid","Cursed Key"],"picked":"Calling Bell"},{"not_picked":["Runic Dome","Fusion Hammer"],"picked":"Philosopher\u0027s Stone"}],"items_purged_floors":[],"is_endless":false,"potions_floor_spawned":[10,12,14,18,19,29,33,35,37,40,42],"killed_by":"Reptomancer","ascension_level":8}}