{"host":"f76kcizrccta30ww","time":1614063745,"event":{"mods":["Act Like it!","Aspiration","BaseMod","Gensokyo","Marisa（F雨　魔理沙）","Minty Spire (QoL Compilation)","Pale of the Ancients","Replay The Spire","Shop Mod","StSLib","TestMod"],"gold_per_floor":[113,322,722,34,54,87,87,122,204,228,241,269,281,315,490,593,593,603,603,623,671,324,356,372,405,405,439,439,471,487,515,515,620,620,632,339,339,339,358,406,353,353,376,417,417,6,58,79,138,152,152,152,114,142,174],"floor_reached":56,"language":"ZHS","playtime":2262,"items_purged":["Strike_B","Doubt","Doubt"],"score":1874,"play_id":"899439ae-2f1c-4b0b-9482-efba018e1b98","local_time":"20210223150225","is_ascension_mode":true,"campfire_choices":[{"data":"Zap","floor":7,"key":"SMITH"},{"floor":28,"key":"RECALL"},{"data":"Buffer","floor":32,"key":"SMITH"},{"data":"Double Energy","floor":42,"key":"SMITH"},{"data":"Storm","floor":52,"key":"SMITH"}],"circlet_count":0,"master_deck":["Defend_B","Defend_B+1","Defend_B","Defend_B","Zap+1","Dualcast","Sweeping Beam","Beam Cell","FIFO Queue","BasicCrystalCard","Rebound","FTL","testmod-TaurusBlackCat+1","Skim","Buffer+1","Steam","Leap","Tempest","Cold Snap","Capacitor","Machine Learning","Steam+1","ReplayTheSpireMod:GoodbyeWorld+1","Coolheaded+1","Capacitor+1","Rebound+1","Sweeping Beam+1","Chaos+1","Gash","Chaos+1","Rip and Tear+1","Storm+1","Glacier","Go for the Eyes+1","Self Repair+1","Double Energy+1","Reboot","Redo+1","Capacitor","Buffer","Barrage","Hologram+1","Self Repair","Capacitor+1","Ball Lightning","Skim+1","Barrage+1","BasicCrystalCard+1","testmod-ShutDown+1","testmod-ShutDown+1","Barrage+1"],"relics":["Cracked Core","testmod-Brilliant","PureWater","BargainBundle","Letter Opener","MerchantsRug","Centennial Puzzle","Sundial","ReplayTheSpireMod:Ninjato","Replay:Rubber Ducky","Iron Hammer","Orichalcum","MutagenicStrength","Blue Doll","Gremlin Food","Chemical X","Mummified Hand","aspiration:Stabinomicon","aspiration:Lifesprig","Blood Vial","Replay:Bottled Steam","testmod-SaigiyounoYou","Replay:Bandana","ReplayTheSpireMod:Ring of Collecting","Ring of Fury","Prayer Wheel","Prayer Wheel","testmod-Justice","Anchor","PreservedInsect","ClockworkSouvenir","Frozen Egg 2","aspiration:FaultyCoupler","CatCart","ReplayTheSpireMod:CursedCoin","Toy Ornithopter"],"acts_visited":["Exordium","TheCity","TheBeyond","TheEnding"],"potions_floor_usage":[6,50],"damage_taken":[{"damage":0,"enemies":"Small Slimes","floor":1,"turns":1},{"damage":1,"enemies":"Jaw Worm","floor":5,"turns":2},{"damage":8,"enemies":"Gremlin Nob","floor":6,"turns":3},{"damage":18,"enemies":"Lagavulin","floor":8,"turns":3},{"damage":0,"enemies":"2 Louse","floor":11,"turns":1},{"damage":1,"enemies":"3 Sentries","floor":12,"turns":2},{"damage":0,"enemies":"2 Fungi Beasts","floor":13,"turns":1},{"damage":0,"enemies":"Lagavulin","floor":14,"turns":2},{"damage":0,"enemies":"Slime Boss","floor":16,"turns":6},{"damage":0,"enemies":"3 Byrds","floor":18,"turns":1},{"damage":0,"enemies":"2 Thieves","floor":20,"turns":1},{"damage":13,"enemies":"Slavers","floor":23,"turns":4},{"damage":0,"enemies":"Centurion and Healer","floor":24,"turns":2},{"damage":0,"enemies":"Book of Stabbing","floor":25,"turns":5},{"damage":0,"enemies":"Gremlin Leader","floor":27,"turns":3},{"damage":0,"enemies":"Book of Stabbing","floor":29,"turns":3},{"damage":0,"enemies":"Shelled Parasite and Fungi","floor":30,"turns":1},{"damage":0,"enemies":"Gremlin Leader","floor":31,"turns":1},{"damage":0,"enemies":"Collector","floor":33,"turns":3},{"damage":0,"enemies":"3 Shapes","floor":35,"turns":1},{"damage":0,"enemies":"Orb Walker","floor":39,"turns":4},{"damage":0,"enemies":"Nemesis","floor":40,"turns":5},{"damage":0,"enemies":"Giant Head","floor":44,"turns":6},{"damage":0,"enemies":"R_Hoarder","floor":47,"turns":3},{"damage":0,"enemies":"4 Shapes","floor":48,"turns":2},{"damage":0,"enemies":"Orin","floor":49,"turns":3},{"damage":6,"enemies":"Donu and Deca","floor":50,"turns":4},{"damage":5,"enemies":"Shield and Spear","floor":54,"turns":4},{"damage":35,"enemies":"The Heart","floor":55,"turns":4}],"seed_played":"6990667934128216216","potions_obtained":[{"floor":1,"key":"testmod-EscapePotion"},{"floor":12,"key":"BlessingOfTheForge"},{"floor":16,"key":"AttackPotion"},{"floor":25,"key":"testmod-TestPotion"},{"floor":29,"key":"Dexterity Potion"},{"floor":30,"key":"Block Potion"},{"floor":39,"key":"PotionOfCapacity"},{"floor":40,"key":"BlessingOfTheForge"},{"floor":49,"key":"testmod-SpacePotion"}],"is_trial":false,"path_per_floor":["M","?","?","$","M","E","R","E","T","T","M","E","M","E","R","B",null,"M","?","M","T","$","E","M","E","T","E","R","E","M","E","R","B",null,"M","$","?","?","M","E","$","R","T","E","?","$","E","M","R","B",null,"R","$","E","B",null],"character_chosen":"DEFECT","items_purchased":["BargainBundle","Letter Opener","FIFO Queue","BasicCrystalCard","Rebound","FTL","testmod-TaurusBlackCat","Explosive Potion","MerchantsRug","PowerPotion","Gremlin Food","Chemical X","Self Repair+1","Replay:Bandana","Double Energy","War Paint","Hologram+1","Self Repair","ClockworkSouvenir","Frozen Egg 2","ReplayTheSpireMod:CursedCoin","testmod-ShutDown+1"],"campfire_rested":0,"item_purchase_floors":[4,4,4,4,4,4,4,4,4,4,22,22,36,36,36,36,41,41,46,46,53,53],"current_hp_per_floor":[75,57,57,57,56,48,48,30,30,30,30,29,29,29,29,29,75,75,75,75,75,75,62,62,62,62,62,62,62,64,66,66,68,75,75,75,75,75,75,75,75,75,75,75,75,75,75,75,75,75,75,75,75,75,64],"gold":174,"neow_bonus":"NOSTALGIA","is_daily":false,"chose_seed":false,"campfire_upgraded":4,"win_rate":0.0,"timestamp":1614063745,"path_taken":["M","?","?","$","M","E","R","E","T","?","M","E","M","E","R","BOSS","M","?","M","?","$","E","M","E","T","E","R","E","M","E","R","BOSS","M","$","?","?","?","E","$","R","T","E","?","$","E","?","R","BOSS","R","$","E","BOSS"],"items_purchased_type":["Relic","Relic","Card","Card","Card","Card","Card","Potion","Relic","Potion","Relic","Relic","Card","Relic","Card","Relic","Card","Card","Relic","Relic","Relic","Card"],"build_version":"2020-12-22","purchased_purges":3,"victory":true,"max_hp_per_floor":[75,75,75,75,75,75,75,75,75,75,75,75,75,75,75,75,75,75,75,75,75,75,75,75,75,75,75,75,75,75,75,75,75,75,75,75,75,75,75,75,75,75,75,75,75,75,75,75,75,75,75,75,75,75,75],"card_choices":[{"not_picked":["ReplayGash","Chaos"],"picked":"Sweeping Beam","floor":1},{"not_picked":["ReplayTheSpireMod:Calculation Training","Barrage"],"picked":"Beam Cell","floor":2},{"not_picked":["Beam Cell","Go for the Eyes"],"picked":"Skim","floor":5},{"not_picked":["Barrage","Sweeping Beam"],"picked":"Buffer","floor":6},{"not_picked":["ReplayTheSpireMod:Calculation Training","Redo"],"picked":"Steam","floor":8},{"not_picked":["Sweeping Beam","ReplayGash"],"picked":"Leap","floor":11},{"not_picked":["Steam","Panic Button"],"picked":"Tempest","floor":12},{"not_picked":["ReplayTheSpireMod:Reroute Power","Rebound"],"picked":"Cold Snap","floor":13},{"not_picked":["ReplayGash","Hello World"],"picked":"Capacitor","floor":14},{"not_picked":["Amplify","Mirror Shield"],"picked":"Machine Learning","floor":16},{"not_picked":["Sweeping Beam","Compile Driver+1"],"picked":"Capacitor+1","floor":18},{"not_picked":["BasicCrystalCard","Stack"],"picked":"Rebound+1","floor":20},{"not_picked":["Redo","Rebound"],"picked":"Sweeping Beam+1","floor":23},{"not_picked":["Panic Button","Barrage+1"],"picked":"Chaos+1","floor":24},{"not_picked":["ReplayRNGCard","Coolheaded"],"picked":"Gash","floor":25},{"not_picked":["Turbo","Sweeping Beam"],"picked":"Chaos+1","floor":27},{"not_picked":["Crystallizer","ReplayTheSpireMod:Reroute Power+1"],"picked":"Rip and Tear+1","floor":29},{"not_picked":["Barrage","BasicCrystalCard"],"picked":"Storm","floor":30},{"not_picked":["Doom and Gloom","Turbo"],"picked":"Glacier","floor":31},{"not_picked":["Seek","Multi-Cast"],"picked":"ReplayTheSpireMod:Fabricate Wheel","floor":33},{"not_picked":["BasicCrystalCard+1","Hologram"],"picked":"Go for the Eyes+1","floor":35},{"not_picked":["Coolheaded+1","Stack+1"],"picked":"Redo+1","floor":39},{"not_picked":["Panic Button+1","ReplayTheSpireMod:Omega Cannon"],"picked":"Capacitor","floor":39},{"not_picked":["ReplayTheSpireMod:System Scan","FTL+1"],"picked":"Barrage","floor":40},{"not_picked":["Reprogram","Recycle"],"picked":"Capacitor+1","floor":44},{"not_picked":["Turbo","Beam Cell+1"],"picked":"Ball Lightning","floor":47},{"not_picked":["Hologram+1","Panic Button+1"],"picked":"Skim+1","floor":48},{"not_picked":["Rebound","Panic Button"],"picked":"Barrage+1","floor":48},{"not_picked":["Hyperbeam","Rebound","Darkness+1"],"picked":"SKIP","floor":48},{"not_picked":["Rebound","Sweeping Beam"],"picked":"BasicCrystalCard+1","floor":49},{"not_picked":["Steam+1","Tempest+1"],"picked":"Barrage+1","floor":54}],"player_experience":53186,"relics_obtained":[{"floor":6,"key":"Centennial Puzzle"},{"floor":8,"key":"Sundial"},{"floor":9,"key":"ReplayTheSpireMod:Ninjato"},{"floor":10,"key":"Replay:Rubber Ducky"},{"floor":12,"key":"Iron Hammer"},{"floor":14,"key":"Orichalcum"},{"floor":21,"key":"Blue Doll"},{"floor":23,"key":"Mummified Hand"},{"floor":25,"key":"aspiration:Stabinomicon"},{"floor":27,"key":"aspiration:Lifesprig"},{"floor":29,"key":"Blood Vial"},{"floor":31,"key":"Replay:Bottled Steam"},{"floor":37,"key":"ReplayTheSpireMod:Ring of Collecting"},{"floor":37,"key":"Ring of Fury"},{"floor":40,"key":"testmod-Justice"},{"floor":43,"key":"Anchor"},{"floor":44,"key":"aspiration:SeaSaltIceCream"},{"floor":47,"key":"aspiration:FaultyCoupler"},{"floor":49,"key":"CatCart"},{"floor":54,"key":"Toy Ornithopter"}],"event_choices":[{"damage_healed":0,"gold_gain":400,"player_choice":"Sell","damage_taken":0,"max_hp_gain":0,"max_hp_loss":0,"event_name":"恩洛斯的盘子","floor":3,"relics_lost":["testmod-TestBox"],"gold_loss":0},{"damage_healed":0,"gold_gain":175,"player_choice":"AGREE","damage_taken":0,"max_hp_gain":0,"max_hp_loss":0,"event_name":"Liars Game","floor":15,"gold_loss":0,"cards_obtained":["Doubt"]},{"damage_healed":0,"gold_gain":0,"player_choice":"Inject Mutagens","damage_taken":0,"relics_obtained":["MutagenicStrength"],"max_hp_gain":0,"max_hp_loss":0,"event_name":"Drug Dealer","floor":19,"gold_loss":0},{"damage_healed":0,"gold_gain":0,"player_choice":"Copied","damage_taken":0,"max_hp_gain":0,"max_hp_loss":0,"event_name":"Duplicator","floor":38,"gold_loss":0,"cards_obtained":["ReplayTheSpireMod:Fabricate Wheel"]},{"damage_healed":0,"gold_gain":0,"player_choice":"Forge","damage_taken":0,"max_hp_gain":0,"max_hp_loss":0,"event_name":"Accursed Blacksmith","floor":45,"gold_loss":0,"cards_upgraded":["testmod-TaurusBlackCat"]},{"damage_healed":0,"gold_gain":0,"player_choice":"Fight","damage_taken":0,"max_hp_gain":0,"max_hp_loss":0,"event_name":"OrinTheCat","floor":49,"gold_loss":0}],"is_beta":false,"boss_relics":[{"not_picked":["aspiration:BursterCore","testmod-Recursion"],"picked":"Astrolabe"},{"not_picked":["Replay:Ancient Bell","FrozenCore"],"picked":"testmod-SaigiyounoYou"}],"items_purged_floors":[4,22,53],"is_endless":false,"potions_floor_spawned":[1,12,13,16,25,29,30,35,39,40,49],"ascension_level":1}}