{"host":"ec3b6qygjurkg9iw","time":1614069640,"event":{"mods":["AchievementEnabler","Act Like it!","BaseMod","BetterRewards","Bossed Relics","Colored Map","Dio Mod","Downfall","Extra Virgin Snecko Oil","GifTheSpireLib","Good Game Mod","Hermit","Highlight Path","Hubris","Infinite Spire","Lobotomy","Minty Spire (QoL Compilation)","Pale of the Ancients","Reliquary","Replay The Spire","Small Relic Pack","Spicy Shops","StSLib","Stuff the Spire","The Blue Laboratory","The Exalted","The Runesmith","Thieving Mod","UnlockEverythingMod"],"gold_per_floor":[116,130,149,163,175,192,210,239,265,265,284,284,300,333,333,435,435,454,232,232,244,254,284,284,304,379,379,379],"floor_reached":27,"language":"ENG","playtime":3816,"items_purged":["BeautyBeast"],"score":276,"play_id":"17ac2f17-c0fd-44a3-8b53-f94be7ad8299","local_time":"20210223034040","is_ascension_mode":false,"campfire_choices":[{"data":"Guardian:HyperBeam_Guardian","floor":10,"key":"SMITH"},{"data":"Flex","floor":12,"key":"SMITH"},{"floor":15,"key":"REST"},{"data":"Spot Weakness","floor":24,"key":"SMITH"}],"circlet_count":0,"master_deck":["Strike_R","Strike_R","Strike_R","Strike_R","Strike_R","Defend_R","Defend_R","Defend_R","Defend_R","Bash","Guardian:HyperBeam_Guardian+1","ReplayTheSpireMod:Stacked","BlueStar","Heavy Blade","ShyLook","MHz","Flex+1","DreamingCurrent","CrumblingArmor","Variant","Perfected Strike","CherryBlossoms","FairyFestival","GalaxyChild","Spot Weakness+1","Barricade","Murderer","infinitespire:OneForAll+1","QueenOfHatred","Scorched","Inflame+1","Funeral","Scarecrow"],"relics":["Burning Blood","REME:ComplimentaryCards","CogitoBucket","Sundial","reliquary:ExpiredCoupon","Astrolabe","SkinProphecy","Brimstone","reliquary:Knoch","reliquary:BoilingFlask","relicPack:DarknessArmor"],"acts_visited":["Exordium","TheCity"],"potions_floor_usage":[8,14,16,27],"damage_taken":[{"damage":6,"enemies":"Jaw Worm","floor":1,"turns":4},{"damage":2,"enemies":"Cultist","floor":2,"turns":2},{"damage":0,"enemies":"2 Louse","floor":3,"turns":1},{"damage":0,"enemies":"Gremlin Gang","floor":4,"turns":1},{"damage":5,"enemies":"Looter","floor":5,"turns":2},{"damage":16,"enemies":"2 Fungi Beasts","floor":6,"turns":2},{"damage":43,"enemies":"Exordium Thugs","floor":7,"turns":5},{"damage":36,"enemies":"Lagavulin","floor":8,"turns":7},{"damage":14,"enemies":"Looter","floor":11,"turns":3},{"damage":20,"enemies":"3 Louse","floor":13,"turns":2},{"damage":54,"enemies":"Gremlin Nob","floor":14,"turns":4},{"damage":62,"enemies":"Fading Forest","floor":16,"turns":11},{"damage":45,"enemies":"Shell Parasite","floor":18,"turns":5},{"damage":13,"enemies":"2 Thieves","floor":21,"turns":2},{"damage":28,"enemies":"Centurion and Healer","floor":22,"turns":3},{"damage":39,"enemies":"Gremlin Leader","floor":23,"turns":5},{"damage":22,"enemies":"Chosen and Byrds","floor":25,"turns":4},{"damage":77,"enemies":"Snake Plant","floor":27,"turns":6}],"seed_played":"-6404370314379690755","potions_obtained":[{"floor":3,"key":"Swift Potion"},{"floor":5,"key":"blueLaboratory:LouseDecoction"},{"floor":7,"key":"blueLaboratory:HorrorPotion"},{"floor":8,"key":"blueLaboratory:BubblePotion"},{"floor":14,"key":"blueLaboratory:LimitlessPotion"},{"floor":16,"key":"blueLaboratory:StoneskinPotion"},{"floor":18,"key":"blueLaboratory:LouseDecoction"}],"is_trial":false,"path_per_floor":["M","M","M","M","M","M","M","E","T","R","M","R","M","E","R","B",null,"M","$","?","M","M","E","R","M","T","M"],"character_chosen":"IRONCLAD","items_purchased":["Brimstone"],"campfire_rested":1,"item_purchase_floors":[19],"current_hp_per_floor":[80,80,80,80,80,74,49,55,55,55,65,65,52,17,41,21,80,65,65,65,60,58,57,57,55,55,0,0],"gold":379,"neow_bonus":"","is_daily":false,"chose_seed":false,"campfire_upgraded":3,"win_rate":0.0,"timestamp":1614069640,"path_taken":["M","M","M","M","M","M","M","E","T","R","M","R","M","E","R","BOSS","M","$","?","M","M","E","R","M","T","?"],"items_purchased_type":["Relic"],"build_version":"2020-12-22","purchased_purges":1,"victory":false,"max_hp_per_floor":[80,80,80,80,80,80,80,80,80,80,80,80,80,80,80,80,80,80,80,80,82,84,86,86,88,88,92,92],"card_choices":[{"not_picked":["Anger","Body Slam"],"picked":"ReplayTheSpireMod:Stacked","floor":1},{"not_picked":["Bloodbath","DespairKnight"],"picked":"BlueStar","floor":1},{"not_picked":["ReplayTheSpireMod:Limb From Limb","Second Wind"],"picked":"Heavy Blade","floor":2},{"not_picked":["BigBird","Porccubus"],"picked":"ShyLook","floor":2},{"not_picked":["NakedNest","OSAHOGD"],"picked":"MHz","floor":3},{"not_picked":["Anger","Feel No Pain","Body Slam"],"picked":"SKIP","floor":3},{"not_picked":["Body Slam","ReplayReversal"],"picked":"Flex","floor":4},{"not_picked":["Scorched","CherryBlossoms"],"picked":"DreamingCurrent","floor":4},{"not_picked":["OSAHOGD","MeatLantern"],"picked":"BeautyBeast","floor":5},{"not_picked":["Rage","Sword Boomerang","True Grit"],"picked":"SKIP","floor":5},{"not_picked":["Rage","Sword Boomerang","True Grit"],"picked":"SKIP","floor":5},{"not_picked":["SingingMachine","FairyFestival"],"picked":"CrumblingArmor","floor":6},{"not_picked":["Dropkick","Sword Boomerang","Metallicize"],"picked":"SKIP","floor":6},{"not_picked":["Dropkick","Sword Boomerang","Metallicize"],"picked":"SKIP","floor":6},{"not_picked":["LittleHelper","Woodsman"],"picked":"Variant","floor":7},{"not_picked":["Dark Embrace","hubris:ReadiedAction","Seeing Red"],"picked":"SKIP","floor":7},{"not_picked":["Defy Death","Corruption"],"picked":"Perfected Strike","floor":8},{"not_picked":["Funeral","PunishingBird"],"picked":"CherryBlossoms","floor":8},{"not_picked":["OSAHOGD","WallGazer"],"picked":"FairyFestival","floor":11},{"not_picked":["Entrench","Armaments","Rampage"],"picked":"SKIP","floor":11},{"not_picked":["Entrench","Armaments","Rampage"],"picked":"SKIP","floor":11},{"not_picked":["RedShoes","WallGazer"],"picked":"GalaxyChild","floor":13},{"not_picked":["Replay:Undeath\u0027s Touch","Body Slam","Wild Strike"],"picked":"SKIP","floor":13},{"not_picked":["ReplayTheSpireMod:Corrosion Curse","Dual Wield"],"picked":"Spot Weakness","floor":14},{"not_picked":["Demonic Infusion","Hemogenesis"],"picked":"Barricade","floor":16},{"not_picked":["DespairKnight","WallGazer"],"picked":"Murderer","floor":16},{"not_picked":["StuffTheSpire:RagingBull","Clash"],"picked":"infinitespire:OneForAll+1","floor":18},{"not_picked":["Laetitia","WallGazer"],"picked":"QueenOfHatred","floor":18},{"not_picked":["Shrug It Off+1","Seeing Red","StuffTheSpire:RockThrow"],"picked":"SKIP","floor":21},{"not_picked":["Shrug It Off+1","Seeing Red","StuffTheSpire:RockThrow"],"picked":"SKIP","floor":21},{"not_picked":["OSAHOGD","DespairKnight"],"picked":"Scorched","floor":22},{"not_picked":["StuffTheSpire:Incineration","Iron Wave","Clash"],"picked":"SKIP","floor":22},{"not_picked":["Replay:Undeath\u0027s Touch","Replay:Many Hands"],"picked":"Inflame+1","floor":23},{"not_picked":["SpiderBud","OldLady"],"picked":"Funeral","floor":23},{"not_picked":["BlackSwan","PunishingBird"],"picked":"Scarecrow","floor":25},{"not_picked":["Fire Breathing","Armaments+1","Perfected Strike"],"picked":"SKIP","floor":25}],"player_experience":91170,"relics_obtained":[{"floor":8,"key":"Sundial"},{"floor":14,"key":"reliquary:ExpiredCoupon"},{"floor":23,"key":"reliquary:BoilingFlask"},{"floor":26,"key":"relicPack:DarknessArmor"}],"event_choices":[{"damage_healed":0,"gold_gain":0,"player_choice":"Gave Potion","damage_taken":0,"relics_obtained":["reliquary:Knoch"],"max_hp_gain":0,"max_hp_loss":0,"event_name":"WeMeetAgain","floor":20,"gold_loss":0}],"is_beta":false,"boss_relics":[{"not_picked":["Replay:Ancient Bell","Abe\u0027s Treasure"],"picked":"Astrolabe"}],"items_purged_floors":[19],"is_endless":false,"potions_floor_spawned":[3,5,7,8,13,14,16,18],"killed_by":"Snake Plant","ascension_level":0}}