{"host":"7nm1ow5v9mg4ehcw","time":1614117092,"event":{"mods":["BaseMod","Minty Spire (QoL Compilation)","Relic Stats","StSLib"],"gold_per_floor":[111,111,131,131,2,37,37,37,37,37,110,125,125,156,156,156,156],"floor_reached":16,"language":"ENG","playtime":648,"items_purged":["Injury"],"score":196,"play_id":"81faee4d-c9ff-4b5c-9199-973060a8cec0","local_time":"20210223225132","is_ascension_mode":true,"campfire_choices":[{"floor":7,"key":"REST"},{"floor":10,"key":"REST"},{"floor":15,"key":"REST"}],"circlet_count":0,"master_deck":["AscendersBane","Strike_G","Strike_G","Strike_G","Strike_G","Strike_G","Defend_G","Defend_G","Defend_G","Defend_G","Defend_G","Survivor","Neutralize","Sucker Punch","Quick Slash","Blade Dance","Leg Sweep","Burst","Crippling Poison"],"relics":["Ring of the Snake","Bag of Preparation","Golden Idol","Ornamental Fan","Orichalcum","Bronze Scales","Snake Skull","Ninja Scroll"],"acts_visited":["Exordium"],"potions_floor_usage":[6,11,15],"damage_taken":[{"damage":0,"enemies":"2 Louse","floor":1,"turns":3},{"damage":6,"enemies":"Jaw Worm","floor":3,"turns":7},{"damage":44,"enemies":"Lagavulin","floor":6,"turns":9},{"damage":37,"enemies":"Lagavulin Event","floor":11,"turns":8},{"damage":0,"enemies":"Cultist","floor":12,"turns":3},{"damage":8,"enemies":"Gremlin Nob","floor":14,"turns":4},{"damage":28,"enemies":"Slime Boss","floor":16,"turns":8}],"seed_played":"-4833246473712006187","potions_obtained":[{"floor":3,"key":"Block Potion"},{"floor":6,"key":"AttackPotion"},{"floor":14,"key":"Fruit Juice"}],"is_trial":false,"path_per_floor":["M","?","M","?","$","E","R","$","T","R","?","M","T","E","R","B"],"character_chosen":"THE_SILENT","items_purchased":["Quick Slash"],"campfire_rested":3,"item_purchase_floors":[5],"current_hp_per_floor":[59,59,53,53,53,9,28,28,28,47,10,10,10,2,28,0,0],"gold":156,"neow_bonus":"RANDOM_COMMON_RELIC","is_daily":false,"chose_seed":false,"campfire_upgraded":0,"win_rate":0.0,"timestamp":1614117092,"path_taken":["M","?","M","?","?","E","R","$","T","R","?","M","?","E","R","BOSS"],"items_purchased_type":["Card"],"build_version":"2020-12-22","purchased_purges":1,"victory":false,"max_hp_per_floor":[66,66,66,66,66,66,66,66,66,66,66,66,66,66,71,71,71],"relic_stats":{"counters":[7,42],"Golden Idol":42,"Ornamental Fan":[72],"Bronze Scales":[18],"Snake Skull":[1],"Bag of Preparation":[12],"Orichalcum":[36],"obtain_stats":[{"Golden Idol":2,"Ornamental Fan":6,"Ninja Scroll":14,"Bronze Scales":11,"Snake Skull":13,"Bag of Preparation":0,"Orichalcum":9,"Ring of the Snake":0},{"Golden Idol":1,"Ornamental Fan":3,"Ninja Scroll":6,"Bronze Scales":4,"Snake Skull":5,"Bag of Preparation":0,"Orichalcum":3,"Ring of the Snake":0},{"Golden Idol":3,"Ornamental Fan":19,"Ninja Scroll":34,"Bronze Scales":27,"Snake Skull":30,"Bag of Preparation":0,"Orichalcum":19,"Ring of the Snake":0}],"Ring of the Snake":[14]},"card_choices":[{"not_picked":["Slice","Tactician","Acrobatics"],"picked":"SKIP","floor":1},{"not_picked":["Infinite Blades","Backflip"],"picked":"Sucker Punch","floor":3},{"not_picked":["Crippling Poison","Sucker Punch"],"picked":"Blade Dance","floor":6},{"not_picked":["Cloak And Dagger","Poisoned Stab"],"picked":"Leg Sweep","floor":11},{"not_picked":["Prepared","Dodge and Roll"],"picked":"Burst","floor":12},{"not_picked":["Prepared","Deflect"],"picked":"Crippling Poison","floor":14}],"player_experience":409498,"relics_obtained":[{"floor":6,"key":"Ornamental Fan"},{"floor":9,"key":"Orichalcum"},{"floor":11,"key":"Bronze Scales"},{"floor":13,"key":"Snake Skull"},{"floor":14,"key":"Ninja Scroll"}],"event_choices":[{"damage_healed":0,"gold_gain":0,"player_choice":"Take Wound","damage_taken":0,"relics_obtained":["Golden Idol"],"max_hp_gain":0,"max_hp_loss":0,"event_name":"Golden Idol","floor":2,"gold_loss":0,"cards_obtained":["Injury"]},{"damage_healed":0,"gold_gain":0,"player_choice":"Ignored","damage_taken":0,"max_hp_gain":0,"max_hp_loss":0,"event_name":"Liars Game","floor":4,"gold_loss":0},{"damage_healed":0,"gold_gain":0,"player_choice":"Searched \u00271\u0027 times","damage_taken":0,"max_hp_gain":0,"max_hp_loss":0,"event_name":"Dead Adventurer","floor":11,"gold_loss":0}],"is_beta":false,"boss_relics":[],"items_purged_floors":[5],"is_endless":false,"potions_floor_spawned":[3,6,14],"killed_by":"Slime Boss","ascension_level":17}}