{"host":"klgyc9hk2vke70pr","time":1614121318,"event":{"mods":["2.2 Compatiblity","AchievementEnabler","BaseMod","Bestiary","Block Reminder","Colored Map","Colored Powertips","Curses Come First","Highlight Path","Minty Spire (QoL Compilation)","Rare Cards Sparkle","Relic Stats","Slay the Relics Exporter","Smile Girya","StSLib","UnlockEverythingMod","Waifu the Spire","everything is the same but u backflip on backflip"],"gold_per_floor":[111,261,261,281,41,41,41],"floor_reached":6,"language":"ENG","playtime":277,"items_purged":["Doubt"],"score":68,"play_id":"202b303d-df70-4031-8304-66f22f5d7595","local_time":"20210223170158","is_ascension_mode":true,"campfire_choices":[],"circlet_count":0,"master_deck":["AscendersBane","Strike_G","Strike_G","Strike_G","Strike_G","Defend_G","Defend_G","Defend_G","Defend_G","Survivor","Neutralize","Predator","Dagger Spray"],"relics":["Ring of the Snake","Meat on the Bone","OrangePellets"],"acts_visited":["Exordium"],"potions_floor_usage":[6],"damage_taken":[{"damage":0,"enemies":"2 Louse","floor":1,"turns":5},{"damage":4,"enemies":"Small Slimes","floor":4,"turns":3},{"damage":41,"enemies":"3 Sentries","floor":6,"turns":9}],"seed_played":"-7368043805606155968","potions_obtained":[{"floor":1,"key":"SpeedPotion"}],"is_trial":false,"path_per_floor":["M","?","?","M","$","E"],"character_chosen":"THE_SILENT","items_purchased":["OrangePellets"],"campfire_rested":0,"item_purchase_floors":[5],"current_hp_per_floor":[44,44,33,41,41,0,0],"gold":41,"neow_bonus":"REMOVE_TWO","is_daily":false,"chose_seed":false,"campfire_upgraded":0,"win_rate":0.0,"timestamp":1614121318,"path_taken":["M","?","?","M","$","E"],"items_purchased_type":["Relic"],"build_version":"2020-12-22","purchased_purges":1,"victory":false,"max_hp_per_floor":[66,66,66,66,66,66,66],"relic_stats":{"OrangePellets":[0],"counters":[3,17],"obtain_stats":[{"OrangePellets":5,"Ring of the Snake":0,"Meat on the Bone":3},{"OrangePellets":2,"Ring of the Snake":0,"Meat on the Bone":1},{"OrangePellets":8,"Ring of the Snake":0,"Meat on the Bone":5}],"Ring of the Snake":[6],"Meat on the Bone":12},"card_choices":[{"not_picked":["Catalyst","Leg Sweep"],"picked":"Predator","floor":1},{"not_picked":["Backflip","Slice"],"picked":"Dagger Spray","floor":4}],"player_experience":1181496,"relics_obtained":[],"event_choices":[{"damage_healed":0,"gold_gain":150,"player_choice":"AGREE","damage_taken":0,"max_hp_gain":0,"max_hp_loss":0,"event_name":"Liars Game","floor":2,"gold_loss":0,"cards_obtained":["Doubt"]},{"damage_healed":0,"gold_gain":0,"player_choice":"Success","damage_taken":11,"relics_obtained":["Meat on the Bone"],"max_hp_gain":0,"max_hp_loss":0,"event_name":"Scrap Ooze","floor":3,"gold_loss":0}],"is_beta":false,"boss_relics":[],"items_purged_floors":[5],"is_endless":false,"potions_floor_spawned":[1],"killed_by":"3 Sentries","ascension_level":20}}