{"host":"27wa8ufp4ryspt1p","time":1614040507,"event":{"mods":["2.2 Compatiblity","A Penny For Your Troubles","Abigail Mod","Act Like it!","Aspiration","BaseMod","Better Altar","Better Match","Better Note","Better Skull","Better Third Choice","Colored Map","Conspire","Curses Come First","Dota2Spire","Downfall-Rebalance","Elementarium","Energized Spire","Fox Events","Friendly Minions","Gensokyo","GifTheSpireLib","Gold Saver","Halation","Hallownest","HololiveMod","Hubris","Humility","Infinite Spire","Keyboard Shortcuts","Menagerie","Mimic Mod","Minty Spire (QoL Compilation)","Pale of the Ancients","Poor People Problems","Quarter Circle Forward PUNCH!","Reimu??????","Relic Filter Mod","Relic Sorter","Relic Stats","Reliquary","Replay The Spire","Reworked Bosses","Ruina","Shop Mod","Spicy Shops","Spikes Relics","Spire Arcade","StSLib","Stuff the Spire","SuperFastMode","The Cursed","The Exalted","The Judge","The Necromancer","Trackpad","Waifu the Spire","Wandering Minibosses","[IsaacMod]????","??????REMEMod","????"],"gold_per_floor":[179,179,252,162,435,469,469,495,525,564,564,28,44,595,595,171,287,304,80,284,298,298,298,815,815,845,845,845],"floor_reached":27,"language":"SPA","playtime":1144,"items_purged":[],"score":720,"play_id":"52b7ad93-68c7-41a7-86c0-f1d8cab2457a","local_time":"20210222183507","daily_mods":["SealedDeck","Colorless Cards","Heirloom","Elite Swarm","Lethality"],"is_ascension_mode":true,"campfire_choices":[{"data":"expansioncontent:CaCaw","floor":7,"key":"SMITH"},{"floor":11,"key":"RECALL"},{"data":"Gensokyo:LittleGreenMen","floor":15,"key":"SMITH"},{"data":"Bone_Armory","floor":23,"key":"SMITH"},{"data":"DoctorFetus","floor":25,"key":"SMITH"}],"circlet_count":0,"master_deck":["AscendersBane","Mayhem","Death_March_Dance","Plague_Bolt","Death_March_Dance","expansioncontent:DecasProtection","Negative_Energy_Sphere","Dramatic Entrance","expansioncontent:CaCaw+1","Bone_Bullets","Vampiric_Strike","expansioncontent:Flail","REME_SelfUpgrade","REME_WheelOfFate","REME_EyeOfCthun","REME_PuzzleBox","Gensokyo:LittleGreenMen+1","Gensokyo:MonkeysPaw","expansioncontent:DashGenerateEvil","Blood_Curse","Bone_Armory+1","DoctorFetus+1","hubris:NaturalOne"],"relics":["Vampire_Amulet","HushsDoor","REME_ComplimentaryCards","PunchingBag","hubris:Towel","MerchantsRug","hubris:CrystalStatue","Dota2Spire:PhaseBoots","Hololive_LightStick","Dota2Spire:BladeMail","StuffTheSpire:ForceGauntlet","Replay:Wax Seal","Replay:Wanted Poster","wanderingMiniBosses:Inkheart","hubris:Icosahedron","D6","infinitespire:WardingShard","ReplayTheSpireMod:Shallot"],"acts_visited":["Gensokyo:Gensokyo","ruina:Briah"],"potions_floor_usage":[19,24],"damage_taken":[{"damage":1,"enemies":"Gensokyo:Mamizou","floor":6,"turns":5},{"damage":2,"enemies":"Gensokyo:Aya","floor":8,"turns":4},{"damage":1,"enemies":"Gensokyo:Gryphon","floor":9,"turns":4},{"damage":0,"enemies":"Gensokyo:Mamizou","floor":10,"turns":5},{"damage":0,"enemies":"Gensokyo:Gryphon","floor":13,"turns":1},{"damage":4,"enemies":"Gensokyo:Reimu","floor":16,"turns":5},{"damage":0,"enemies":"ruina:2_Scarecrows","floor":18,"turns":2},{"damage":77,"enemies":"ruina:3_Bats","floor":20,"turns":9},{"damage":0,"enemies":"ruina:KnightOfDespair","floor":21,"turns":2},{"damage":14,"enemies":"ruina:3_Scarecrows","floor":24,"turns":3},{"damage":6,"enemies":"ruina:QueenOfHate","floor":26,"turns":4},{"damage":28,"enemies":"ruina:ServantOfWrath","floor":27,"turns":2}],"seed_played":"6871868363625927337","potions_obtained":[{"floor":10,"key":"ColorlessPotion"},{"floor":13,"key":"Fire Potion"},{"floor":16,"key":"PowerPotion"},{"floor":21,"key":"EssenceOfSteel"}],"is_trial":true,"path_per_floor":["?","?","?","$","?","E","R","E","MIM","E","R","COS","M","$","R_BF","B",null,"M","$","M","M","?","R","M","R","MIM","E"],"character_chosen":"NECROMANCER","items_purchased":["MerchantsRug","Replay:Wax Seal","Lee\u0027s Waffle","Bone_Armory","Fruit Juice"],"campfire_rested":0,"item_purchase_floors":[4,14,14,19,19],"current_hp_per_floor":[64,64,49,49,22,27,27,28,29,33,33,33,35,78,78,78,78,78,83,26,33,33,33,25,25,21,0,0],"gold":845,"neow_bonus":"","is_daily":false,"chose_seed":false,"campfire_upgraded":4,"win_rate":0.0,"timestamp":1614040507,"path_taken":["?","?","?","?","?","E","R","E","MIM","E","R","COS","M","$","R_BF","BOSS","M","$","M","M","?","R","?","R","MIM","E"],"items_purchased_type":["Relic","Relic","Relic","Card","Potion"],"build_version":"2020-12-22","purchased_purges":0,"victory":false,"max_hp_per_floor":[71,71,71,71,71,71,71,71,71,71,71,71,71,78,78,78,78,78,83,83,83,83,83,83,83,83,83,83],"relic_stats":{"counters":[12,46],"obtain_stats":[{"KeepersGift":0,"MerchantsRug":4,"Lee\u0027s Waffle":14,"PunchingBag":0,"hubris:CrystalStatue":6,"StuffTheSpire:ForceGauntlet":10,"hubris:Towel":2,"Replay:Wanted Poster":17,"Frozen Eye":18,"conspire:GiftBox":0,"Replay:Baseball":8,"Hololive_LightStick":9,"D6":24,"hubris:Icosahedron":22,"infinitespire:WardingShard":26,"ReplayTheSpireMod:Shallot":26,"Dota2Spire:BladeMail":9,"Vampire_Amulet":0,"Replay:Wax Seal":14,"HushsDoor":0,"wanderingMiniBosses:Inkheart":20,"REME_ComplimentaryCards":0,"Dota2Spire:PhaseBoots":8},{"KeepersGift":0,"MerchantsRug":0,"Lee\u0027s Waffle":5,"PunchingBag":0,"hubris:CrystalStatue":1,"StuffTheSpire:ForceGauntlet":4,"hubris:Towel":0,"Replay:Wanted Poster":6,"Frozen Eye":6,"conspire:GiftBox":0,"Replay:Baseball":2,"Hololive_LightStick":3,"D6":10,"hubris:Icosahedron":9,"infinitespire:WardingShard":11,"ReplayTheSpireMod:Shallot":11,"Dota2Spire:BladeMail":3,"Vampire_Amulet":0,"Replay:Wax Seal":5,"HushsDoor":0,"wanderingMiniBosses:Inkheart":8,"REME_ComplimentaryCards":0,"Dota2Spire:PhaseBoots":2},{"KeepersGift":0,"MerchantsRug":0,"Lee\u0027s Waffle":19,"PunchingBag":0,"hubris:CrystalStatue":5,"StuffTheSpire:ForceGauntlet":18,"hubris:Towel":0,"Replay:Wanted Poster":24,"Frozen Eye":24,"conspire:GiftBox":0,"Replay:Baseball":7,"Hololive_LightStick":13,"D6":39,"hubris:Icosahedron":37,"infinitespire:WardingShard":44,"ReplayTheSpireMod:Shallot":44,"Dota2Spire:BladeMail":13,"Vampire_Amulet":0,"Replay:Wax Seal":19,"HushsDoor":0,"wanderingMiniBosses:Inkheart":35,"REME_ComplimentaryCards":0,"Dota2Spire:PhaseBoots":9}]},"card_choices":[{"not_picked":["DoctorFetus","Reap_The_Weak"],"picked":"Mayhem","floor":0},{"not_picked":["REME_BattleFury","Midas Touch","The Bomb"],"picked":"REME_WheelOfFate","floor":6},{"not_picked":["ReplayUltimateDefense","ReplayTheSpireMod:Necrogeddon","REME_BuildACard"],"picked":"REME_EyeOfCthun","floor":8},{"not_picked":["REME_WheelOfFate","Blood_Wake","Hellfire"],"picked":"REME_PuzzleBox","floor":10},{"not_picked":["Shackles_Of_Pain","Degenerate","Blood_Whip"],"picked":"SKIP","floor":13},{"not_picked":["Hellfire","ReplayTheSpireMod:Necrogeddon"],"picked":"expansioncontent:DashGenerateEvil","floor":16},{"not_picked":["Chill_Blood","Bones_to_Steel","expansioncontent:ChargeUp"],"picked":"Blood_Curse","floor":18},{"not_picked":["Blood_Whip","Replay:Sssssssssshield+1","Degenerate","expansioncontent:PrepareCrush"],"picked":"SKIP","floor":20},{"not_picked":["REME_FirmDetermination","expansioncontent:Hexaburn"],"picked":"DoctorFetus","floor":21},{"not_picked":["REME_ShortnessOfBreath","Epidemic","Negative_Energy_Shield+1","Bone_Armor"],"picked":"SKIP","floor":24}],"player_experience":4052071,"relics_obtained":[{"floor":6,"key":"hubris:CrystalStatue"},{"floor":8,"key":"Dota2Spire:PhaseBoots"},{"floor":9,"key":"Hololive_LightStick"},{"floor":9,"key":"Dota2Spire:BladeMail"},{"floor":10,"key":"StuffTheSpire:ForceGauntlet"},{"floor":20,"key":"wanderingMiniBosses:Inkheart"},{"floor":26,"key":"infinitespire:WardingShard"},{"floor":26,"key":"ReplayTheSpireMod:Shallot"}],"event_choices":[{"damage_healed":0,"gold_gain":273,"player_choice":"GO GO GO ","damage_taken":30,"relics_obtained":[],"max_hp_gain":0,"max_hp_loss":0,"event_name":"betterSkull:BetterSkull","floor":5,"gold_loss":0,"cards_upgraded":[]}],"is_beta":false,"boss_relics":[{"not_picked":["conspire:SpecialSausage","ReplayTheSpireMod:SealedPack"],"picked":"Replay:Wanted Poster"},{"not_picked":[]}],"items_purged_floors":[],"is_endless":false,"potions_floor_spawned":[10,13,16,21],"killed_by":"ruina:ServantOfWrath","ascension_level":20,"is_humility":true}}