{"host":"kda2p2afd6bvz6qo","time":1614122013,"event":{"mods":["BaseMod","Colored Map","Minty Spire (QoL Compilation)","Relic Stats"],"gold_per_floor":[113,113,113,113,113,113,140,140,140,157,182,182,211,226,226,326,326,339,357,369,294,294,294,306,306,306,339,339,20,39,56,56,160,210,225,240,252,352,372,407,407,339,365,395,395,424,424,435,435,435,435,435,21,49,49,49],"floor_reached":55,"language":"ENG","playtime":4681,"items_purged":["Strike_B"],"score":1292,"play_id":"79ef74fc-b931-4e7a-896a-33cd384e06a4","local_time":"20210223231333","is_ascension_mode":true,"campfire_choices":[{"data":"Doom and Gloom","floor":6.0,"key":"SMITH"},{"data":"Dualcast","floor":8.0,"key":"SMITH"},{"floor":12.0,"key":"REST"},{"data":"Fission","floor":15.0,"key":"SMITH"},{"data":"Defragment","floor":23.0,"key":"SMITH"},{"data":"Buffer","floor":25.0,"key":"SMITH"},{"floor":32.0,"key":"REST"},{"data":"Darkness","floor":41,"key":"SMITH"},{"floor":49,"key":"RECALL"},{"data":"Loop","floor":52,"key":"SMITH"}],"circlet_count":0,"master_deck":["AscendersBane","Strike_B+1","Strike_B","Defend_B","Defend_B+1","Defend_B+1","Defend_B+1","Zap+1","Dualcast+1","Doom and Gloom+1","Defragment+1","Fission+1","Conserve Battery","Buffer+1","Ball Lightning+1","Cold Snap","Turbo","Tempest","Go for the Eyes+1","Capacitor","Cold Snap","Melter","Conserve Battery+1","Hologram","Self Repair+1","Seek","Compile Driver","Cold Snap+1","Cold Snap+1","Meteor Strike","Darkness+1","Consume","Loop+1","Force Field","Stack","Coolheaded"],"relics":["Runic Pyramid","War Paint","Lantern","Gremlin Horn","Boot","Dream Catcher","Nuclear Battery","Toy Ornithopter","Shuriken","Nilry\u0027s Codex","Tiny House","Juzu Bracelet","Art of War","Potion Belt","Lizard Tail","Mango"],"acts_visited":["Exordium","TheCity","TheBeyond","TheEnding"],"potions_floor_usage":[50,54,54,54,55],"damage_taken":[{"damage":4.0,"enemies":"2 Louse","floor":1.0,"turns":2.0},{"damage":7.0,"enemies":"Small Slimes","floor":10.0,"turns":2.0},{"damage":20.0,"enemies":"Gremlin Nob","floor":11.0,"turns":4.0},{"damage":2.0,"enemies":"Lagavulin","floor":13.0,"turns":5.0},{"damage":0.0,"enemies":"Cultist","floor":14.0,"turns":3.0},{"damage":12.0,"enemies":"Hexaghost","floor":16.0,"turns":8.0},{"damage":12.0,"enemies":"2 Thieves","floor":18.0,"turns":3.0},{"damage":2.0,"enemies":"Shell Parasite","floor":19.0,"turns":5.0},{"damage":4.0,"enemies":"Centurion and Healer","floor":20.0,"turns":6.0},{"damage":0.0,"enemies":"3 Cultists","floor":24.0,"turns":4.0},{"damage":27.0,"enemies":"Slavers","floor":27.0,"turns":4.0},{"damage":6.0,"enemies":"Chosen and Byrds","floor":30.0,"turns":3.0},{"damage":0.0,"enemies":"Snecko","floor":31.0,"turns":6.0},{"damage":15.0,"enemies":"Champ","floor":33.0,"turns":11.0},{"damage":22,"enemies":"3 Darklings","floor":35,"turns":5},{"damage":1,"enemies":"Orb Walker","floor":36,"turns":3},{"damage":0,"enemies":"Maw","floor":37,"turns":6},{"damage":50,"enemies":"Jaw Worm Horde","floor":39,"turns":5},{"damage":0,"enemies":"Reptomancer","floor":40,"turns":5},{"damage":18,"enemies":"Nemesis","floor":44,"turns":7},{"damage":0,"enemies":"Giant Head","floor":46,"turns":6},{"damage":0,"enemies":"Sphere and 2 Shapes","floor":47,"turns":7},{"damage":15,"enemies":"Transient","floor":48,"turns":5},{"damage":81,"enemies":"Time Eater","floor":50,"turns":10},{"damage":103,"enemies":"Shield and Spear","floor":54,"turns":7},{"damage":69,"enemies":"The Heart","floor":55,"turns":6}],"seed_played":"8963300772349338980","potions_obtained":[{"floor":10.0,"key":"BlessingOfTheForge"},{"floor":11.0,"key":"DistilledChaos"},{"floor":16.0,"key":"Energy Potion"},{"floor":18.0,"key":"GamblersBrew"},{"floor":20.0,"key":"Explosive Potion"},{"floor":31.0,"key":"EssenceOfDarkness"},{"floor":33.0,"key":"Ancient Potion"},{"floor":44,"key":"PowerPotion"},{"floor":46,"key":"FocusPotion"},{"floor":48,"key":"EssenceOfSteel"}],"is_trial":false,"path_per_floor":["M","?","?","?","?","R","T","R","T","M","E","R","E","M","R","B",null,"M","M","M","?","?","R","M","R","T","E","?","$","M","M","R","B",null,"M","M","M","?","M","E","R","$","T","E","?","E","M","M","R","B",null,"R","$","E","B"],"character_chosen":"DEFECT","items_purchased":["Capacitor","Regen Potion","Cold Snap","Melter","Consume","Lizard Tail","SkillPotion","Stack"],"campfire_rested":2,"item_purchase_floors":[29,29,29,29,42,53,53,53],"current_hp_per_floor":[64,61,46,46,51,51,51,51,51,44,24,48,46,46,46,34,69,57,55,51,51,51,51,51,51,51,29,13,13,21,21,45,40,75,63,72,82,82,42,52,52,52,52,54,54,64,84,79,79,13,67,67,67,64,0,0],"gold":49,"neow_bonus":"BOSS_RELIC","is_daily":false,"chose_seed":false,"campfire_upgraded":7,"win_rate":0.0,"timestamp":1614122013,"path_taken":["M","?","?","?","?","R","?","R","T","M","E","R","E","?","R","BOSS","M","M","M","?","?","R","M","R","T","E","?","$","M","M","R","BOSS","M","M","M","?","M","E","R","$","T","E","?","E","M","M","R","BOSS","R","$","E","BOSS"],"items_purchased_type":["Card","Potion","Card","Card","Card","Relic","Potion","Card"],"build_version":"2020-12-22","purchased_purges":1,"victory":false,"max_hp_per_floor":[75,75,75,75,80,80,80,80,80,80,80,80,80,80,80,80,80,80,80,80,80,80,80,80,80,80,80,80,80,80,80,80,80,85,85,85,85,85,85,85,85,85,85,85,85,85,85,85,85,85,85,85,85,99,99,99],"relic_stats":{"Dream Catcher":1,"Lizard Tail":42,"Gremlin Horn":[19,19],"counters":[26,138],"Shuriken":[27],"Juzu Bracelet":1,"Art of War":[9],"War Paint":["Defend_B","Zap"],"Boot":[67],"obtain_stats":[{"Potion Belt":46,"Lantern":7,"Tiny House":34,"Gremlin Horn":9,"Nilry\u0027s Codex":28,"Mango":54,"Juzu Bracelet":40,"War Paint":2,"Boot":11,"Nuclear Battery":17,"Dream Catcher":13,"Lizard Tail":53,"Shuriken":27,"Art of War":44,"Cracked Core":0,"Toy Ornithopter":26,"Runic Pyramid":0},{"Potion Belt":21,"Lantern":1,"Tiny House":14,"Gremlin Horn":1,"Nilry\u0027s Codex":11,"Mango":25,"Juzu Bracelet":19,"War Paint":1,"Boot":3,"Nuclear Battery":6,"Dream Catcher":4,"Lizard Tail":24,"Shuriken":11,"Art of War":20,"Cracked Core":0,"Toy Ornithopter":10,"Runic Pyramid":0},{"Potion Belt":103,"Lantern":2,"Tiny House":66,"Gremlin Horn":2,"Nilry\u0027s Codex":46,"Mango":132,"Juzu Bracelet":90,"War Paint":2,"Boot":8,"Nuclear Battery":24,"Dream Catcher":13,"Lizard Tail":125,"Shuriken":46,"Art of War":97,"Cracked Core":0,"Toy Ornithopter":42,"Runic Pyramid":0}],"Toy Ornithopter":35},"card_choices":[{"not_picked":["Sweeping Beam","Go for the Eyes"],"picked":"Doom and Gloom","floor":1.0},{"not_picked":["Sunder","Self Repair"],"picked":"Defragment","floor":10.0},{"not_picked":["Doom and Gloom","Self Repair","Steam"],"picked":"SKIP","floor":11.0},{"not_picked":["Lockon","Tempest"],"picked":"Fission","floor":13.0},{"not_picked":["Barrage","BootSequence"],"picked":"Conserve Battery","floor":14.0},{"not_picked":["Rainbow","Seek"],"picked":"Buffer","floor":16.0},{"not_picked":["Streamline+1","Gash"],"picked":"Ball Lightning+1","floor":18.0},{"not_picked":["Turbo","Go for the Eyes"],"picked":"Cold Snap","floor":19.0},{"not_picked":["Compile Driver+1","Steam Power"],"picked":"Turbo","floor":20.0},{"not_picked":["Steam","Beam Cell+1"],"picked":"Tempest","floor":24.0},{"not_picked":["Force Field+1","Redo+1"],"picked":"Go for the Eyes+1","floor":27.0},{"not_picked":["Core Surge","Gash"],"picked":"Conserve Battery+1","floor":30.0},{"not_picked":["Ball Lightning+1","Turbo"],"picked":"Hologram","floor":31.0},{"not_picked":["Turbo","Compile Driver"],"picked":"Self Repair+1","floor":32.0},{"not_picked":["Electrodynamics","Rainbow"],"picked":"Seek","floor":33.0},{"not_picked":["Recycle","Streamline"],"picked":"Compile Driver","floor":34},{"not_picked":["Conserve Battery","Undo+1","Self Repair+1"],"picked":"SKIP","floor":35},{"not_picked":["Gash+1","Hologram+1"],"picked":"Cold Snap+1","floor":36},{"not_picked":["Steam+1","Gash"],"picked":"Cold Snap+1","floor":37},{"not_picked":["Leap","Steam"],"picked":"Meteor Strike","floor":39},{"not_picked":["Aggregate","Leap"],"picked":"Darkness","floor":40},{"not_picked":["Melter+1","Blizzard+1","Ball Lightning+1"],"picked":"SKIP","floor":44},{"not_picked":["Leap+1","Hologram+1"],"picked":"Loop","floor":46},{"not_picked":["Leap","Coolheaded+1","Stack"],"picked":"SKIP","floor":47},{"not_picked":["White Noise","Stack"],"picked":"Force Field","floor":48},{"not_picked":["Chill+1","Fusion"],"picked":"Coolheaded","floor":54}],"player_experience":304899,"relics_obtained":[{"floor":7.0,"key":"Lantern"},{"floor":9.0,"key":"Gremlin Horn"},{"floor":11.0,"key":"Boot"},{"floor":13.0,"key":"Dream Catcher"},{"floor":26.0,"key":"Toy Ornithopter"},{"floor":27.0,"key":"Shuriken"},{"floor":28.0,"key":"Nilry\u0027s Codex"},{"floor":40,"key":"Juzu Bracelet"},{"floor":44,"key":"Art of War"},{"floor":46,"key":"Potion Belt"},{"floor":54,"key":"Mango"}],"event_choices":[{"damage_healed":0.0,"max_hp_gain":0.0,"max_hp_loss":0.0,"gold_gain":0.0,"event_name":"Scrap Ooze","player_choice":"Success","floor":2.0,"gold_loss":0.0,"damage_taken":3.0,"relics_obtained":["War Paint"]},{"damage_healed":0.0,"max_hp_gain":0.0,"max_hp_loss":0.0,"gold_gain":0.0,"event_name":"Shining Light","player_choice":"Entered Light","floor":3.0,"gold_loss":0.0,"damage_taken":15.0,"cards_upgraded":["Defend_B","Strike_B"]},{"damage_healed":0.0,"max_hp_gain":0.0,"max_hp_loss":0.0,"gold_gain":0.0,"event_name":"Liars Game","player_choice":"Ignored","floor":4.0,"gold_loss":0.0,"damage_taken":0.0},{"damage_healed":0.0,"max_hp_gain":5.0,"max_hp_loss":0.0,"gold_gain":0.0,"event_name":"Big Fish","player_choice":"Donut","floor":5.0,"gold_loss":0.0,"damage_taken":0.0},{"cards_removed":["Strike_B"],"damage_healed":0.0,"max_hp_gain":0.0,"max_hp_loss":0.0,"gold_gain":0.0,"event_name":"Beggar","player_choice":"Gave Gold","floor":21.0,"gold_loss":75.0,"damage_taken":0.0},{"damage_healed":0.0,"max_hp_gain":0.0,"max_hp_loss":0.0,"gold_gain":0.0,"event_name":"Ghosts","player_choice":"Ignored","floor":22.0,"gold_loss":0.0,"damage_taken":0.0},{"damage_healed":0.0,"max_hp_gain":0.0,"max_hp_loss":0.0,"gold_gain":0.0,"event_name":"Cursed Tome","player_choice":"Obtained Book","floor":28.0,"gold_loss":0.0,"damage_taken":16.0},{"damage_healed":0,"gold_gain":100,"player_choice":"Pray","damage_taken":0,"max_hp_gain":0,"max_hp_loss":0,"event_name":"Golden Shrine","floor":38,"gold_loss":0},{"damage_healed":0,"gold_gain":0,"player_choice":"Ignored","damage_taken":0,"max_hp_gain":0,"max_hp_loss":0,"event_name":"Tomb of Lord Red Mask","floor":45,"gold_loss":0}],"is_beta":false,"boss_relics":[{"not_picked":["SlaversCollar","Ectoplasm"],"picked":"Nuclear Battery"},{"not_picked":["Pandora\u0027s Box","Runic Dome"],"picked":"Tiny House"}],"items_purged_floors":[29],"is_endless":false,"potions_floor_spawned":[10,11,13,16,18,20,31,33,39,44,46,48],"killed_by":"The Heart","ascension_level":11}}