{"host":"vfjw5z5u57sxa51v","time":1614101762,"event":{"mods":["AchievementEnabler","Act Like it!","Aspiration","BaseMod","Bestiary","Better Altar","Better Match","Better Note","Better Sensory Stone","Better Skull","Better Synergies","Better Third Choice","BetterRewards","CCEM2","Colored Map","Conspire","Dota2Spire","Downfall","GifTheSpireLib","GungeonMod","Halation","Highlight Path","Hubris","Infinite Spire","Jedi Mod","Minty Spire (QoL Compilation)","Permanent Neow","Reliquary","Replay The Spire","Shop Mod","Spicy Shops","StSLib","Stuff the Spire","The Cursed","The Disciple","The Gatherer","Unceasing Turn Reminder","everything is the same but u backflip on backflip"],"gold_per_floor":[99,119,133,133,152,152,152,152,172,79,79,79,79,79,79,79,79,79,79,79,79,79,79,79,79,79,79,79,79,79],"floor_reached":28,"language":"DEU","playtime":1863,"items_purged":[],"score":270,"play_id":"1a4a73fa-6ee1-4577-8928-d0cba81d2222","local_time":"20210223183602","is_ascension_mode":false,"campfire_choices":[{"data":"bronze:Goto","floor":1,"key":"SMITH"},{"data":"bronze:Repulsor","floor":6,"key":"SMITH"},{"data":"bronze:SpaghettiCode","floor":18,"key":"SMITH"},{"data":"bronze:AlphaBuild","floor":26,"key":"SMITH"}],"circlet_count":0,"master_deck":["conspire:GhostlyStrike","conspire:GhostlyStrike","conspire:GhostlyStrike","conspire:GhostlyStrike","conspire:GhostlyDefend","conspire:GhostlyDefend","conspire:GhostlyDefend","conspire:GhostlyDefend","bronze:Replicate","bronze:Goto+1","bronze:ChosenStrike","bronze:Repair","bronze:Repulsor+1","bronze:ChosenStrike","bronze:DelayedSlice","bronze:Branch","bronze:BuggyMess","bronze:Repair","bronze:BronzeOrb","bronze:SpaghettiCode+1","bronze:ChildClass","bronze:HardenedForm","bronze:Philosophize+1","bronze:Allocate","bronze:AlphaBuild+1","bronze:FineTuning+1","bronze:ClassDefault"],"relics":["bronze:BronzeCore","Bag of Marbles","aspiration:TomeofQuesting","jedi:ominousloannote","StuffTheSpire:DarkSteelAnvil","DemoMod:GnawedKey","Odd Mushroom","SlaversCollar","reliquary:RosewoodLute","DemoMod:GlassGuonStoneRelic"],"acts_visited":["Exordium","TheCity"],"potions_floor_usage":[],"damage_taken":[{"damage":0,"enemies":"2 Louse","floor":2,"turns":2},{"damage":4,"enemies":"Small Slimes","floor":3,"turns":2},{"damage":11,"enemies":"Jaw Worm","floor":5,"turns":2},{"damage":17,"enemies":"Exordium Thugs","floor":9,"turns":4},{"damage":6,"enemies":"downfall:FleeingMerchant","floor":10,"turns":4},{"damage":0,"enemies":"downfall:LooterAlt","floor":11,"turns":1},{"damage":0,"enemies":"Lots of Slimes","floor":12,"turns":2},{"damage":3,"enemies":"The Mushroom Lair","floor":13,"turns":3},{"damage":0,"enemies":"Exordium Wildlife","floor":14,"turns":3},{"damage":0,"enemies":"Gremlin Gang","floor":15,"turns":3},{"damage":12,"enemies":"SI_SHIV_ARCHETYPE","floor":16,"turns":6},{"damage":1,"enemies":"downfall:LooterAlt2","floor":19,"turns":3},{"damage":26,"enemies":"conspire:FuzzyDice","floor":20,"turns":5},{"damage":8,"enemies":"Snecko","floor":21,"turns":4},{"damage":0,"enemies":"Snake Plant","floor":22,"turns":1},{"damage":1,"enemies":"Centurion and Healer","floor":23,"turns":4},{"damage":0,"enemies":"Shelled Parasite and Fungi","floor":25,"turns":3},{"damage":50,"enemies":"Cultist and Chosen","floor":27,"turns":10},{"damage":14,"enemies":"Snake Plant","floor":28,"turns":1}],"seed_played":"9001123433308291529","potions_obtained":[{"floor":2,"key":"DuplicationPotion"},{"floor":5,"key":"sneckomod:MuddlingPotion"},{"floor":11,"key":"Ancient Potion"}],"is_trial":false,"path_per_floor":["R_BF","M","M","?","M","R","T","?","M","$","M","M","?","M","M","B",null,"R_BF","M","M","M","M","M","T","M","R","M","M"],"character_chosen":"THE_AUTOMATON","items_purchased":["jedi:ominousloannote","StuffTheSpire:DarkSteelAnvil","bronze:Branch","DemoMod:GnawedKey"],"campfire_rested":0,"item_purchase_floors":[10,10,10,10],"current_hp_per_floor":[70,70,66,66,62,62,62,62,52,53,53,60,70,70,70,65,70,70,69,46,38,38,51,51,51,51,9,0,0,0],"gold":79,"neow_bonus":"RANDOM_COMMON_RELIC","is_daily":false,"chose_seed":false,"campfire_upgraded":4,"win_rate":0.0,"timestamp":1614101762,"path_taken":["R_BF","M","M","?","M","R","T","?","M","$","M","M","?","M","M","BOSS","R_BF","M","M","M","M","M","T","M","R","M","M"],"items_purchased_type":["Relic","Relic","Card","Relic"],"build_version":"2020-12-22","purchased_purges":0,"victory":false,"max_hp_per_floor":[70,70,70,70,70,70,70,70,70,70,70,70,70,70,70,70,70,70,70,70,70,70,70,70,70,70,70,70,70,70],"card_choices":[{"not_picked":["bronze:OilSpill","bronze:Shield"],"picked":"bronze:ChosenStrike","floor":2},{"not_picked":["bronze:Turbo","bronze:Deprecate"],"picked":"bronze:Repair","floor":3},{"not_picked":["bronze:Overheat","bronze:DelayedGuard"],"picked":"bronze:Repulsor","floor":5},{"not_picked":["bronze:BugBarrage","bronze:BitShift"],"picked":"bronze:ChosenStrike","floor":9},{"not_picked":["bronze:Safeguard","bronze:BitShift"],"picked":"bronze:DelayedSlice","floor":10},{"not_picked":["bronze:FineTuning","bronze:Branch"],"picked":"bronze:BuggyMess","floor":11},{"not_picked":["bronze:Overheat","bronze:Deprecate"],"picked":"bronze:Repair","floor":12},{"not_picked":["bronze:Branch","bronze:DarkDash"],"picked":"bronze:BronzeOrb","floor":13},{"not_picked":["bronze:DelayedSlice","bronze:OilSpill"],"picked":"bronze:SpaghettiCode","floor":14},{"not_picked":["bronze:Branch","bronze:Shield"],"picked":"bronze:ChildClass","floor":15},{"not_picked":["bronze:Assembly","bronze:ThunderWave"],"picked":"bronze:HardenedForm","floor":16},{"not_picked":["bronze:Backtrace","bronze:ChosenStrike","bronze:BuggyMess"],"picked":"SKIP","floor":19},{"not_picked":["bronze:FineTuning","bronze:FollowUp"],"picked":"bronze:Philosophize+1","floor":20},{"not_picked":["bronze:BronzeArmor","bronze:Mutator"],"picked":"bronze:Allocate","floor":21},{"not_picked":["bronze:WildBeam","bronze:Frontload","bronze:Repair"],"picked":"SKIP","floor":22},{"not_picked":["bronze:Shell","bronze:Overload"],"picked":"bronze:AlphaBuild","floor":23},{"not_picked":["bronze:WildBeam","bronze:Invalidate"],"picked":"bronze:FineTuning+1","floor":25},{"not_picked":["bronze:OilSpill+1","bronze:CloningBeam"],"picked":"bronze:ClassDefault","floor":27}],"player_experience":45855,"relics_obtained":[{"floor":8,"key":"aspiration:TomeofQuesting"},{"floor":13,"key":"Odd Mushroom"},{"floor":24,"key":"reliquary:RosewoodLute"}],"event_choices":[{"damage_healed":0,"gold_gain":0,"player_choice":"Agree","damage_taken":0,"max_hp_gain":0,"max_hp_loss":0,"event_name":"conspire:LoneGhost","floor":4,"gold_loss":0},{"damage_healed":0,"gold_gain":0,"player_choice":"Fought Mushrooms","damage_taken":0,"max_hp_gain":0,"max_hp_loss":0,"event_name":"Mushrooms","floor":13,"gold_loss":0}],"is_beta":false,"boss_relics":[{"not_picked":["aspiration:DefectSkillbook","conspire:SpecialSausage"],"picked":"SlaversCollar"}],"items_purged_floors":[],"is_endless":false,"potions_floor_spawned":[2,5,11,14,15,20,21,25,27],"killed_by":"Snake Plant","ascension_level":0}}