{"host":"tjq6rykv202u6iqx","time":1614065855,"event":{"mods":["AchievementEnabler","BaseMod","Minty Spire (QoL Compilation)","Rare Cards Sparkle","Relic Stats"],"gold_per_floor":[110,385,399,414,39,64,64,81,81,99,130,130,150,163,163,238,238,249,249,263,313,332,360,370,47,47,47,73,73,92,127,127,201,201,218,230,130,177,177,202,34,64,64,74,74,101,117,130,130,130,130,130,130,104,132,132,132],"floor_reached":56,"language":"ENG","playtime":4903,"items_purged":["Regret","Strike_R+1"],"score":2118,"play_id":"267dd30a-0ca6-4a02-a3fa-636695b71a1e","local_time":"20210223013735","is_ascension_mode":true,"campfire_choices":[{"data":"Uppercut","floor":7.0,"key":"SMITH"},{"data":"1","floor":12.0,"key":"LIFT"},{"data":"2","floor":15.0,"key":"LIFT"},{"floor":27.0,"key":"REST"},{"data":"3","floor":29.0,"key":"LIFT"},{"data":"Disarm","floor":32.0,"key":"SMITH"},{"floor":45.0,"key":"RECALL"},{"floor":49.0,"key":"REST"},{"data":"Burning Pact","floor":53.0,"key":"SMITH"}],"circlet_count":0,"master_deck":["AscendersBane","Strike_R+1","Strike_R+1","Strike_R+1","Strike_R+1","Defend_R+1","Defend_R+1","Defend_R+1","Defend_R+1","Bash+1","Twin Strike+1","Armaments+1","Uppercut+1","Pommel Strike+1","Dropkick+1","Carnage+1","Feed+1","Headbutt+1","Blood for Blood+1","Reaper+1","Carnage+1","Cleave+1","Thunderclap+1","Feed+1","Disarm+1","Barricade","Uppercut+1","Entrench+1","Shrug It Off","Burning Pact+1","Ghostly Armor","Metallicize","Sword Boomerang+1","True Grit","Burning Pact+1"],"relics":["Burning Blood","Dream Catcher","Bag of Preparation","Molten Egg 2","TungstenRod","Girya","Sozu","Mummified Hand","Pocketwatch","War Paint","HornCleat","Runic Dome","Ginger","Oddly Smooth Stone","Toolbox","Blue Candle","Sundial","Anchor","Whetstone"],"acts_visited":["Exordium","TheCity","TheBeyond","TheEnding"],"potions_floor_usage":[56,56],"damage_taken":[{"damage":6.0,"enemies":"Cultist","floor":1.0,"turns":3.0},{"damage":12.0,"enemies":"Small Slimes","floor":3.0,"turns":4.0},{"damage":9.0,"enemies":"2 Louse","floor":4.0,"turns":5.0},{"damage":35.0,"enemies":"Gremlin Nob","floor":6.0,"turns":4.0},{"damage":11.0,"enemies":"Exordium Thugs","floor":8.0,"turns":4.0},{"damage":1.0,"enemies":"Exordium Wildlife","floor":10.0,"turns":4.0},{"damage":8.0,"enemies":"3 Sentries","floor":11.0,"turns":4.0},{"damage":5.0,"enemies":"3 Louse","floor":13.0,"turns":3.0},{"damage":3.0,"enemies":"2 Fungi Beasts","floor":14.0,"turns":3.0},{"damage":14.0,"enemies":"Hexaghost","floor":16.0,"turns":8.0},{"damage":18.0,"enemies":"Shell Parasite","floor":18.0,"turns":4.0},{"damage":11.0,"enemies":"Spheric Guardian","floor":20.0,"turns":4.0},{"damage":14.0,"enemies":"Snake Plant","floor":22.0,"turns":3.0},{"damage":40.0,"enemies":"Book of Stabbing","floor":23.0,"turns":4.0},{"damage":0.0,"enemies":"Snecko","floor":24.0,"turns":3.0},{"damage":7.0,"enemies":"Gremlin Leader","floor":28.0,"turns":4.0},{"damage":20.0,"enemies":"Cultist and Chosen","floor":30.0,"turns":5.0},{"damage":32.0,"enemies":"Slavers","floor":31.0,"turns":4.0},{"damage":92.0,"enemies":"Collector","floor":33.0,"turns":9.0},{"damage":27.0,"enemies":"Orb Walker","floor":35.0,"turns":4.0},{"damage":0.0,"enemies":"3 Shapes","floor":36.0,"turns":8.0},{"damage":29.0,"enemies":"2 Orb Walkers","floor":38.0,"turns":4.0},{"damage":57.0,"enemies":"Nemesis","floor":40.0,"turns":10.0},{"damage":16.0,"enemies":"Reptomancer","floor":42.0,"turns":6.0},{"damage":1.0,"enemies":"Transient","floor":44.0,"turns":6.0},{"damage":0.0,"enemies":"Nemesis","floor":46.0,"turns":11.0},{"damage":38.0,"enemies":"Spire Growth","floor":47.0,"turns":7.0},{"damage":16.0,"enemies":"Writhing Mass","floor":48.0,"turns":6.0},{"damage":16.0,"enemies":"Awakened One","floor":50.0,"turns":21.0},{"damage":90.0,"enemies":"Donu and Deca","floor":51.0,"turns":12.0},{"damage":113.0,"enemies":"Shield and Spear","floor":55.0,"turns":23.0},{"damage":62,"enemies":"The Heart","floor":56,"turns":6}],"seed_played":"-5697010728008483173","potions_obtained":[{"floor":8.0,"key":"ElixirPotion"},{"floor":10.0,"key":"Fire Potion"},{"floor":11.0,"key":"Energy Potion"},{"floor":13.0,"key":"HeartOfIron"},{"floor":14.0,"key":"EntropicBrew"}],"is_trial":false,"path_per_floor":["M","?","M","M","$","E","R","M","T","M","E","R","M","M","R","B",null,"M","?","M","?","M","E","M","$","T","R","E","R","M","E","R","B",null,"M","M","$","?","?","E","$","E","T","M","R","E","M","M","R","B","B",null,"R","$","E","B"],"character_chosen":"IRONCLAD","items_purchased":["Bag of Preparation","Fire Breathing","PowerPotion","Pocketwatch","Toolbox","True Grit"],"campfire_rested":2,"item_purchase_floors":[5,5,5,25,41,54],"current_hp_per_floor":[68,68,62,59,59,30,30,25,25,30,28,28,33,40,40,36,74,72,72,67,60,57,27,37,37,37,65,90,90,96,90,90,23,95,90,116,116,105,105,59,59,88,88,105,105,127,99,105,150,159,99,147,147,147,48,0,0],"gold":132,"neow_bonus":"RANDOM_COMMON_RELIC","is_daily":false,"chose_seed":false,"campfire_upgraded":3,"win_rate":0.0,"timestamp":1614065855,"path_taken":["M","?","M","M","$","E","R","M","T","?","E","R","M","M","R","BOSS","M","?","M","?","M","E","M","$","T","R","E","R","?","E","R","BOSS","M","M","$","?","?","E","?","E","T","M","R","E","M","M","R","BOSS","BOSS","R","$","E","BOSS"],"items_purchased_type":["Relic","Card","Potion","Relic","Relic","Card"],"build_version":"2020-12-22","purchased_purges":2,"victory":false,"max_hp_per_floor":[75,75,75,75,75,75,75,75,75,75,75,75,79,83,83,87,87,87,87,87,87,87,91,95,95,95,95,99,99,107,115,115,119,119,123,131,131,131,131,135,135,139,139,139,139,143,147,151,151,159,163,163,163,163,167,167,167],"relic_stats":{"counters":[32,206],"Blue Candle":[0],"Bag of Preparation":[58],"Ginger":[7],"Whetstone":["Bash","Twin Strike"],"War Paint":["Armaments"],"Burning Blood":185,"Sozu":6,"Dream Catcher":2,"Mummified Hand":[18],"Sundial":[14],"obtain_stats":[{"Girya":11,"Blue Candle":42,"Oddly Smooth Stone":40,"Bag of Preparation":5,"Ginger":38,"Whetstone":55,"War Paint":28,"Burning Blood":0,"Sozu":17,"Runic Dome":34,"Dream Catcher":0,"Anchor":46,"HornCleat":31,"Mummified Hand":23,"Sundial":43,"Toolbox":41,"Molten Egg 2":6,"TungstenRod":9,"Pocketwatch":25},{"Girya":7,"Blue Candle":24,"Oddly Smooth Stone":23,"Bag of Preparation":3,"Ginger":22,"Whetstone":31,"War Paint":16,"Burning Blood":0,"Sozu":10,"Runic Dome":19,"Dream Catcher":0,"Anchor":26,"HornCleat":18,"Mummified Hand":14,"Sundial":24,"Toolbox":23,"Molten Egg 2":4,"TungstenRod":5,"Pocketwatch":15},{"Girya":28,"Blue Candle":114,"Oddly Smooth Stone":108,"Bag of Preparation":12,"Ginger":98,"Whetstone":200,"War Paint":64,"Burning Blood":0,"Sozu":42,"Runic Dome":82,"Dream Catcher":0,"Anchor":131,"HornCleat":73,"Mummified Hand":57,"Sundial":114,"Toolbox":108,"Molten Egg 2":16,"TungstenRod":20,"Pocketwatch":60}],"TungstenRod":102,"Pocketwatch":[249]},"card_choices":[{"not_picked":["True Grit","Sword Boomerang"],"picked":"Twin Strike","floor":1.0},{"not_picked":["Flex","Berserk"],"picked":"Armaments","floor":3.0},{"not_picked":["Clash","Twin Strike"],"picked":"Uppercut","floor":4.0},{"not_picked":["Rupture","Ghostly Armor"],"picked":"Pommel Strike+1","floor":6.0},{"not_picked":["Burning Pact","Havoc"],"picked":"Dropkick+1","floor":8.0},{"not_picked":["Perfected Strike+1","Battle Trance"],"picked":"Carnage+1","floor":10.0},{"not_picked":["Cleave+1","Body Slam+1"],"picked":"Feed+1","floor":11.0},{"not_picked":["Anger+1","Twin Strike+1"],"picked":"Headbutt+1","floor":13.0},{"not_picked":["Second Wind","Pommel Strike+1"],"picked":"Blood for Blood+1","floor":14.0},{"not_picked":["Demon Form","Bludgeon+1"],"picked":"Reaper+1","floor":16.0},{"not_picked":["Clash+1","Anger+1"],"picked":"Carnage+1","floor":18.0},{"not_picked":["Body Slam+1","Flex","Juggernaut"],"picked":"SKIP","floor":20.0},{"not_picked":["Wild Strike+1","Flex"],"picked":"Cleave+1","floor":22.0},{"not_picked":["Wild Strike+1","Sever Soul+1"],"picked":"Thunderclap+1","floor":23.0},{"not_picked":["Clash+1","Havoc+1","Body Slam+1"],"picked":"SKIP","floor":24.0},{"not_picked":["Headbutt+1","Sword Boomerang+1"],"picked":"Feed+1","floor":28.0},{"not_picked":["Rampage+1","Armaments"],"picked":"Disarm","floor":30.0},{"not_picked":["Thunderclap+1","Juggernaut","Heavy Blade+1"],"picked":"SKIP","floor":31.0},{"not_picked":["Corruption","Immolate+1"],"picked":"Barricade","floor":33.0},{"not_picked":["Rampage+1","Heavy Blade+1","Hemokinesis+1"],"picked":"SKIP","floor":35.0},{"not_picked":["Infernal Blade","Armaments"],"picked":"Uppercut+1","floor":36.0},{"not_picked":["Pommel Strike+1","Reckless Charge+1"],"picked":"Entrench+1","floor":40.0},{"not_picked":["Seeing Red+1","Warcry","Headbutt+1"],"picked":"SKIP","floor":42.0},{"not_picked":["Twin Strike+1","Rupture"],"picked":"Shrug It Off","floor":44.0},{"not_picked":["Body Slam+1","Headbutt+1"],"picked":"Burning Pact","floor":46.0},{"not_picked":["Armaments","Warcry+1"],"picked":"Ghostly Armor","floor":47.0},{"not_picked":["Heavy Blade+1","Rage"],"picked":"Metallicize","floor":48.0},{"not_picked":["Clash+1","Armaments"],"picked":"Sword Boomerang+1","floor":49.0},{"not_picked":["Warcry","Dropkick+1"],"picked":"Burning Pact+1","floor":55.0}],"player_experience":995681,"relics_obtained":[{"floor":6.0,"key":"Molten Egg 2"},{"floor":9.0,"key":"TungstenRod"},{"floor":11.0,"key":"Girya"},{"floor":23.0,"key":"Mummified Hand"},{"floor":28.0,"key":"War Paint"},{"floor":31.0,"key":"HornCleat"},{"floor":38.0,"key":"Ginger"},{"floor":40.0,"key":"Oddly Smooth Stone"},{"floor":42.0,"key":"Blue Candle"},{"floor":43.0,"key":"Sundial"},{"floor":46.0,"key":"Anchor"},{"floor":55.0,"key":"Whetstone"}],"event_choices":[{"damage_healed":0.0,"max_hp_gain":0.0,"max_hp_loss":0.0,"gold_gain":275.0,"event_name":"Golden Shrine","player_choice":"Desecrate","floor":2.0,"gold_loss":0.0,"damage_taken":0.0,"cards_obtained":["Regret"]},{"damage_healed":0.0,"max_hp_gain":0.0,"max_hp_loss":0.0,"gold_gain":0.0,"event_name":"Back to Basics","player_choice":"Simplicity","floor":19.0,"gold_loss":0.0,"damage_taken":0.0,"cards_upgraded":["Strike_R","Strike_R","Strike_R","Strike_R","Strike_R","Defend_R","Defend_R","Defend_R","Defend_R"]},{"damage_healed":0.0,"max_hp_gain":0.0,"max_hp_loss":0.0,"gold_gain":50.0,"event_name":"FaceTrader","player_choice":"Touch","floor":21.0,"gold_loss":0.0,"damage_taken":8.0},{"damage_healed":0.0,"max_hp_gain":0.0,"max_hp_loss":0.0,"gold_gain":0.0,"event_name":"Mysterious Sphere","player_choice":"Fight","floor":38.0,"gold_loss":0.0,"damage_taken":0.0},{"cards_removed":["Fire Breathing"],"damage_healed":0.0,"max_hp_gain":0.0,"max_hp_loss":0.0,"gold_gain":0.0,"event_name":"Falling","player_choice":"Removed Power","floor":39.0,"gold_loss":0.0,"damage_taken":0.0}],"is_beta":false,"boss_relics":[{"not_picked":["SacredBark","Astrolabe"],"picked":"Sozu"},{"not_picked":["Black Blood","Runic Pyramid"],"picked":"Runic Dome"}],"items_purged_floors":[5,37],"is_endless":false,"potions_floor_spawned":[8,10,11,13,14,18,20,22,30,31,42,44,47,48],"killed_by":"The Heart","ascension_level":20}}