{"host":"rfvxwqmjnimh09wr","time":1614109576,"event":{"mods":["BaseMod","Colored Map","Minty Spire (QoL Compilation)","StSLib"],"gold_per_floor":[112,122,137,137,152,152,175,201,201,34,68,87,12,12,12,107,107,119,119,133,54,54,72,118,137,137,147,7,25,37,56,56,56,56],"floor_reached":33,"language":"ENG","playtime":1753,"items_purged":["Strike_R","Strike_R"],"score":286,"play_id":"e4a9138d-bab7-4ebd-aa75-bbcb9e86abf2","local_time":"20210223144616","is_ascension_mode":false,"campfire_choices":[{"data":"Armaments","floor":6,"key":"SMITH"},{"data":"Armaments","floor":15,"key":"SMITH"},{"floor":32,"key":"REST"}],"circlet_count":0,"master_deck":["Strike_R","Strike_R","Strike_R","Defend_R","Defend_R","Defend_R","Defend_R","Bash","Corruption","Carnage","Armaments+1","Spot Weakness","Armaments+1","Anger","Reaper","Flex","Havoc","Heavy Blade","Immolate","Pommel Strike+1","Ghostly","Ghostly","Ghostly","Ghostly","Ghostly","Havoc+1","Fire Breathing","Dark Embrace","Impervious","Feel No Pain","Carnage","Reckless Charge"],"relics":["Burning Blood","Tiny Chest","Gremlin Horn","Ancient Tea Set","Centennial Puzzle","Sozu","Boot","Toy Ornithopter","Bottled Flame"],"acts_visited":["Exordium","TheCity"],"potions_floor_usage":[8,11,16],"damage_taken":[{"damage":15,"enemies":"Small Slimes","floor":1,"turns":5},{"damage":3,"enemies":"Jaw Worm","floor":2,"turns":3},{"damage":2,"enemies":"2 Louse","floor":3,"turns":3},{"damage":3,"enemies":"Red Slaver","floor":5,"turns":3},{"damage":25,"enemies":"Lagavulin","floor":8,"turns":6},{"damage":12,"enemies":"3 Sentries","floor":11,"turns":4},{"damage":10,"enemies":"3 Louse","floor":12,"turns":3},{"damage":48,"enemies":"Hexaghost","floor":16,"turns":8},{"damage":25,"enemies":"2 Thieves","floor":18,"turns":3},{"damage":5,"enemies":"3 Byrds","floor":20,"turns":3},{"damage":6,"enemies":"Cultist and Chosen","floor":23,"turns":3},{"damage":20,"enemies":"Sentry and Sphere","floor":25,"turns":6},{"damage":18,"enemies":"Snake Plant","floor":27,"turns":5},{"damage":2,"enemies":"Chosen and Byrds","floor":29,"turns":5},{"damage":17,"enemies":"Shelled Parasite and Fungi","floor":30,"turns":6},{"damage":11,"enemies":"Snecko","floor":31,"turns":6},{"damage":33,"enemies":"Automaton","floor":33,"turns":6}],"seed_played":"-7806844641739402900","potions_obtained":[{"floor":1,"key":"CultistPotion"},{"floor":3,"key":"FearPotion"},{"floor":5,"key":"Energy Potion"}],"is_trial":false,"path_per_floor":["M","M","M","?","M","R","T","E","T","$","E","M","$","T","R","B",null,"M","?","M","$","?","M","T","M","T","M","$","M","M","M","R","B"],"character_chosen":"IRONCLAD","items_purchased":["Reaper","Flex","Fire Breathing","Carnage"],"campfire_rested":1,"item_purchase_floors":[10,10,21,28],"current_hp_per_floor":[71,74,78,83,85,85,85,66,66,66,73,69,69,69,69,32,85,66,42,42,42,42,42,42,28,28,21,21,25,14,14,26,0,0],"gold":56,"neow_bonus":"ONE_RANDOM_RARE_CARD","is_daily":false,"chose_seed":false,"campfire_upgraded":2,"win_rate":0.0,"timestamp":1614109576,"path_taken":["M","M","M","?","M","R","?","E","T","$","E","M","$","?","R","BOSS","M","?","M","$","?","M","?","M","T","M","$","M","?","M","R","BOSS"],"items_purchased_type":["Card","Card","Card","Card"],"build_version":"2020-12-22","purchased_purges":2,"victory":false,"max_hp_per_floor":[80,80,80,85,85,85,85,85,85,85,85,85,85,85,85,85,85,85,42,42,42,42,42,42,42,42,42,42,42,42,42,42,42,42],"card_choices":[{"not_picked":["True Grit","Disarm"],"picked":"Carnage","floor":1},{"not_picked":["Pummel","Rampage"],"picked":"Armaments","floor":2},{"not_picked":["Pommel Strike","Metallicize"],"picked":"Spot Weakness","floor":3},{"not_picked":["Headbutt","Power Through"],"picked":"Armaments","floor":5},{"not_picked":["True Grit","Rampage"],"picked":"Anger","floor":8},{"not_picked":["Blood for Blood","Carnage"],"picked":"Havoc","floor":11},{"not_picked":["Iron Wave","Infernal Blade"],"picked":"Heavy Blade","floor":12},{"not_picked":["Berserk","Brutality"],"picked":"Immolate","floor":16},{"not_picked":["Shrug It Off","Cleave"],"picked":"Pommel Strike+1","floor":18},{"not_picked":["Metallicize","Flex"],"picked":"Havoc+1","floor":20},{"not_picked":["Body Slam","Flame Barrier"],"picked":"Dark Embrace","floor":23},{"not_picked":["Headbutt","Wild Strike+1"],"picked":"Impervious","floor":25},{"not_picked":["Cleave+1","Flex"],"picked":"Feel No Pain","floor":27},{"not_picked":["Dual Wield+1","Feel No Pain","Wild Strike"],"picked":"SKIP","floor":29},{"not_picked":["Cleave","Armaments","Thunderclap"],"picked":"SKIP","floor":30},{"not_picked":["Rampage","Whirlwind"],"picked":"Reckless Charge","floor":31}],"player_experience":209300,"relics_obtained":[{"floor":8,"key":"Tiny Chest"},{"floor":9,"key":"Gremlin Horn"},{"floor":11,"key":"Ancient Tea Set"},{"floor":14,"key":"Centennial Puzzle"},{"floor":24,"key":"Toy Ornithopter"},{"floor":26,"key":"Bottled Flame"}],"event_choices":[{"damage_healed":0,"gold_gain":0,"player_choice":"Donut","damage_taken":0,"max_hp_gain":5,"max_hp_loss":0,"event_name":"Big Fish","floor":4,"gold_loss":0},{"damage_healed":0,"gold_gain":0,"player_choice":"Became a Ghost","damage_taken":0,"max_hp_gain":0,"max_hp_loss":43,"event_name":"Ghosts","floor":19,"gold_loss":0,"cards_obtained":["Ghostly","Ghostly","Ghostly","Ghostly","Ghostly"]},{"damage_healed":0,"gold_gain":0,"player_choice":"Opened","damage_taken":0,"relics_obtained":["Boot"],"max_hp_gain":0,"max_hp_loss":0,"event_name":"The Mausoleum","floor":22,"gold_loss":0}],"is_beta":false,"boss_relics":[{"not_picked":["Runic Cube","Black Star"],"picked":"Sozu"}],"items_purged_floors":[13,28],"is_endless":false,"potions_floor_spawned":[1,3,5,18,25,30],"killed_by":"Automaton","ascension_level":0}}