{"host":"2o3sockympbxxanu","time":1614063590,"event":{"mods":["AchievementEnabler","BaseMod","Colored Map","Colored Powertips","Conspire","Highlight Path","Infinite Spire","Minty Spire (QoL Compilation)","Relic Filter Mod","Replay The Spire","Shop Mod","StSLib","SuperFastMode","The Gatherer"],"gold_per_floor":[116,116,133,83,3,31,50,50,50,50,50,50,60,114,114,214,214,233,332,343,343,388,388,449,374,374,374,374,314,24,55,55,179,179,221,221,302,71,87,87,107,136,136],"floor_reached":42,"language":"ZHS","playtime":2183,"items_purged":["Strike_G","Strike_G"],"score":786,"play_id":"4e31d563-a3c5-4241-9056-8316666248a4","local_time":"20210223145950","is_ascension_mode":true,"campfire_choices":[{"data":"Dagger Spray","floor":8.0,"key":"SMITH"},{"data":"Blade Dance","floor":12.0,"key":"SMITH"},{"floor":15.0,"key":"DIG"},{"floor":23.0,"key":"REST"},{"floor":28.0,"key":"REST"},{"floor":32.0,"key":"REST"},{"data":"Venomology","floor":40.0,"key":"SMITH"}],"circlet_count":0,"master_deck":["Strike_G","Strike_G","Strike_G","Defend_G+1","Defend_G+1","Defend_G+1","Defend_G+1","Survivor","Neutralize","Blade Dance+1","Bouncing Flask+1","Dagger Spray+1","conspire:SpireCoStock+1","Deadly Poison","PiercingWail","Deflect","Atom Bomb","Deadly Poison","Bouncing Flask+1","Dagger Spray+1","Night Terror","Venomology+1","PiercingWail+1","Slice+1","Catalyst"],"relics":["Onion Ring","Sundial","Juzu Bracelet","Guide Book","Sizzling Blood","Pear","Omamori","Replay:Ancient Bell","Bag of Marbles","Singing Bowl","Counterbalance","Replay:Bottled Eggs","Divine Protection","Lantern","infinitespire:EvilPickle","SacredBark","Thread and Needle","Medical Kit"],"acts_visited":["Exordium","TheCity","TheBeyond"],"potions_floor_usage":[42,42,42],"damage_taken":[{"damage":0.0,"enemies":"2 Louse","floor":1.0,"turns":3.0},{"damage":0.0,"enemies":"Cultist","floor":3.0,"turns":4.0},{"damage":0.0,"enemies":"Gremlin Nob","floor":6.0,"turns":3.0},{"damage":4.0,"enemies":"Jaw Worm","floor":7.0,"turns":2.0},{"damage":0.0,"enemies":"Large Slime","floor":13.0,"turns":3.0},{"damage":20.0,"enemies":"Lagavulin","floor":14.0,"turns":4.0},{"damage":58.0,"enemies":"Slime Boss","floor":16.0,"turns":11.0},{"damage":29.0,"enemies":"Shell Parasite","floor":18.0,"turns":5.0},{"damage":12.0,"enemies":"3 Byrds","floor":20.0,"turns":4.0},{"damage":26.0,"enemies":"conspire:HollyBat","floor":22.0,"turns":8.0},{"damage":50.0,"enemies":"conspire:SneckoGhost","floor":24.0,"turns":8.0},{"damage":4.0,"enemies":"Replay:Snechameleon","floor":31.0,"turns":3.0},{"damage":84.0,"enemies":"Pondfish","floor":33.0,"turns":13.0},{"damage":6.0,"enemies":"Orb Walker","floor":35.0,"turns":4.0},{"damage":5.0,"enemies":"Mind Bloom Boss Battle","floor":37.0,"turns":7.0},{"damage":6.0,"enemies":"3 Shapes","floor":39.0,"turns":3.0},{"damage":14.0,"enemies":"Jaw Worm Horde","floor":41.0,"turns":5.0},{"damage":88,"enemies":"Giant Head","floor":42,"turns":8}],"seed_played":"-1674850652290054563","potions_obtained":[{"floor":1.0,"key":"LifebloodPotion"},{"floor":6.0,"key":"LiquidBronze"},{"floor":7.0,"key":"Weak Potion"},{"floor":24.0,"key":"AttackPotion"},{"floor":33.0,"key":"SpeedPotion"}],"is_trial":false,"path_per_floor":["M","?","M","?","?","E","M","R","T","AVR","?","R","M","E","R_BF","B",null,"M","?","M","?","M","R","E","?","T","?","R","?","$","E","R_BF","B",null,"M","?","?","$","M","R","M","E"],"character_chosen":"THE_SILENT","items_purchased":["Divine Protection","Dagger Spray+1","Medical Kit"],"campfire_rested":3,"item_purchase_floors":[30,30,38],"current_hp_per_floor":[77,77,77,77,77,77,73,73,73,73,77,77,81,75,75,21,97,74,74,68,68,48,78,32,32,32,32,62,62,62,62,92,12,103,101,98,99,99,97,97,87,0,0],"gold":136,"neow_bonus":"TEN_PERCENT_HP_BONUS","is_daily":false,"chose_seed":false,"campfire_upgraded":3,"win_rate":0.0,"timestamp":1614063590,"path_taken":["M","?","M","?","?","E","?","R","T","AVR","?","R","M","E","R_BF","BOSS","M","?","M","?","M","R","E","?","T","?","R","?","$","E","R_BF","BOSS","M","?","?","?","M","R","M","E"],"items_purchased_type":["Relic","Card","Relic"],"build_version":"2020-12-22","purchased_purges":2,"victory":false,"max_hp_per_floor":[77,77,77,77,77,77,77,77,77,77,81,81,81,91,91,91,97,99,99,101,101,103,103,103,103,103,103,103,103,103,103,103,103,103,103,98,100,100,100,100,100,100,100],"card_choices":[{"not_picked":["Slice","Draining Mist"],"picked":"Blade Dance","floor":1.0},{"not_picked":["Dodge and Roll","Quick Slash"],"picked":"Dagger Spray","floor":3.0},{"not_picked":["Well Laid Plans","Heel Hook","Masterful Stab"],"picked":"SKIP","floor":6.0},{"not_picked":["Toxin Wave","Expertise"],"picked":"Deadly Poison","floor":7.0},{"not_picked":["Prepared","Flying Knee"],"picked":"PiercingWail","floor":13.0},{"not_picked":["Bullet Time","Eviscerate"],"picked":"Deflect","floor":14.0},{"not_picked":["Doppelganger","Storm of Steel"],"picked":"Atom Bomb","floor":16.0},{"not_picked":["ReplayTheSpireMod:Faulty Equipment","infinitespire:Pacifist","ReplayTheSpireMod:Restless Dread"],"picked":"Singing Bowl","floor":17.0},{"not_picked":["Doubt","Sickly","Writhe"],"picked":"Singing Bowl","floor":17.0},{"not_picked":["Parasite","Shame","Voices"],"picked":"Singing Bowl","floor":17.0},{"not_picked":["Dodge and Roll","Acrobatics","Backflip"],"picked":"Singing Bowl","floor":18.0},{"not_picked":["PiercingWail+1","Flechettes","Riddle With Holes+1"],"picked":"Singing Bowl","floor":20.0},{"not_picked":["Fluid Movement","Slice","Draining Mist+1"],"picked":"Singing Bowl","floor":22.0},{"not_picked":["Reflex","Hidden Blade"],"picked":"Deadly Poison","floor":24.0},{"not_picked":["Poisoned Stab","Flying Knee"],"picked":"Night Terror","floor":31.0},{"not_picked":["ReplayTheSpireMod:From All Sides","Poison Darts"],"picked":"Venomology","floor":33.0},{"not_picked":["Deadly Poison","Heel Hook+1"],"picked":"PiercingWail+1","floor":35.0},{"not_picked":["Fluid Movement+1","conspire:DoublingDagger","Quick Slash"],"picked":"Singing Bowl","floor":37.0},{"not_picked":["PiercingWail+1","Flechettes"],"picked":"Slice+1","floor":39.0},{"not_picked":["Draining Mist","PiercingWail+1"],"picked":"Catalyst","floor":41.0}],"player_experience":329694,"relics_obtained":[{"floor":6.0,"key":"Sundial"},{"floor":9.0,"key":"Juzu Bracelet"},{"floor":14.0,"key":"Pear"},{"floor":15.0,"key":"Omamori"},{"floor":24.0,"key":"Replay:Bottled Eggs"},{"floor":31.0,"key":"Lantern"},{"floor":37.0,"key":"Thread and Needle"}],"event_choices":[{"damage_healed":0.0,"max_hp_gain":0.0,"max_hp_loss":0.0,"gold_gain":0.0,"cards_transformed":["Defend_G"],"event_name":"Living Wall","player_choice":"Change","floor":2.0,"gold_loss":0.0,"damage_taken":0.0,"cards_obtained":["Bouncing Flask"]},{"damage_healed":0.0,"max_hp_gain":0.0,"max_hp_loss":0.0,"gold_gain":0.0,"event_name":"conspire:Investor","player_choice":"Invest 1","floor":4.0,"gold_loss":0.0,"damage_taken":0.0},{"damage_healed":0.0,"max_hp_gain":0.0,"max_hp_loss":0.0,"gold_gain":0.0,"event_name":"WeMeetAgain","player_choice":"Paid Gold","floor":5.0,"gold_loss":80.0,"damage_taken":0.0,"relics_obtained":["Onion Ring"]},{"damage_healed":0.0,"max_hp_gain":0.0,"max_hp_loss":0.0,"gold_gain":99.0,"event_name":"Nest","player_choice":"Stole From Cult","floor":19.0,"gold_loss":0.0,"damage_taken":0.0},{"cards_removed":["Shame"],"damage_healed":0.0,"max_hp_gain":0.0,"max_hp_loss":0.0,"gold_gain":0.0,"event_name":"Beggar","player_choice":"Gave Gold","floor":25.0,"gold_loss":75.0,"damage_taken":0.0},{"damage_healed":0.0,"max_hp_gain":0.0,"max_hp_loss":0.0,"gold_gain":0.0,"event_name":"Duplicator","player_choice":"Copied","floor":27.0,"gold_loss":0.0,"damage_taken":0.0,"cards_obtained":["Bouncing Flask"]},{"damage_healed":0.0,"max_hp_gain":0.0,"max_hp_loss":5.0,"gold_gain":0.0,"event_name":"Winding Halls","player_choice":"Max HP","floor":36.0,"gold_loss":0.0,"damage_taken":0.0},{"damage_healed":0.0,"max_hp_gain":0.0,"max_hp_loss":0.0,"gold_gain":0.0,"event_name":"MindBloom","player_choice":"Fight","floor":37.0,"gold_loss":0.0,"damage_taken":0.0}],"is_beta":false,"boss_relics":[{"not_picked":["SlaversCollar","Snecko Eye"],"picked":"Replay:Ancient Bell"},{"not_picked":["Dream Catcher","Toy Ornithopter"],"picked":"Bag of Marbles"},{"not_picked":["InkBottle","Replay:Bottled Snecko"],"picked":"Singing Bowl"},{"not_picked":["Replay:Arrowhead","Turnip"],"picked":"Counterbalance"},{"not_picked":["Fusion Hammer","Replay:Bronze Core"],"picked":"SacredBark"}],"items_purged_floors":[10,38],"is_endless":false,"potions_floor_spawned":[1,6,7,24,33],"killed_by":"Giant Head","ascension_level":3}}