{"host":"zwfzlkwql9nyrw94","time":1614119627,"event":{"mods":["AchievementEnabler","BaseMod","Colored Map","Filter the Spire","Grow up Mod","Highlight Path","Minty Spire (QoL Compilation)","Remove Card Discount Mod"],"gold_per_floor":[114,114,114,134,124,124,150,150,150,150,165,197,272,291,291,391,391,391,391],"floor_reached":18,"language":"ENG","playtime":881,"items_purged":["Turbo","Strike_B","Defend_B","Defend_B","Defend_B"],"score":226,"play_id":"53fd414a-170e-4f58-85ae-df1a51de0334","local_time":"20210223163347","is_ascension_mode":true,"campfire_choices":[{"data":"Coolheaded","floor":6,"key":"SMITH"},{"data":"Dualcast","floor":8,"key":"SMITH"},{"data":"Zap","floor":10,"key":"SMITH"},{"data":"Gash","floor":15,"key":"SMITH"}],"circlet_count":0,"master_deck":["Strike_B","Strike_B","Defend_B","Zap+1","Dualcast+1","Coolheaded+1","All For One","Gash+1","Go for the Eyes","CurseOfTheBell"],"relics":["Philosopher\u0027s Stone","DataDisk","Matryoshka","Blue Candle","Calling Bell","Pen Nib","Kunai"],"acts_visited":["Exordium","TheCity"],"potions_floor_usage":[],"damage_taken":[{"damage":13,"enemies":"Jaw Worm","floor":1,"turns":4},{"damage":0,"enemies":"2 Louse","floor":4,"turns":2},{"damage":70,"enemies":"3 Sentries","floor":7,"turns":10},{"damage":6,"enemies":"Small Slimes","floor":11,"turns":2},{"damage":11,"enemies":"Gremlin Nob","floor":12,"turns":3},{"damage":0,"enemies":"Exordium Wildlife","floor":14,"turns":2},{"damage":25,"enemies":"The Guardian","floor":16,"turns":6},{"damage":0,"enemies":"Shell Parasite","floor":18,"turns":1}],"seed_played":"1248098791987764825","potions_obtained":[{"floor":4,"key":"Energy Potion"},{"floor":14,"key":"ColorlessPotion"},{"floor":16,"key":"Regen Potion"}],"is_trial":false,"path_per_floor":["M","?","?","M","$","R","E","R","T","R","M","E","?","M","R","B",null,"M"],"character_chosen":"DEFECT","items_purchased":[],"campfire_rested":0,"item_purchase_floors":[],"current_hp_per_floor":[82,92,102,112,122,132,72,82,92,102,106,105,104,114,124,109,255,255,255],"gold":391,"neow_bonus":"BOSS_RELIC","is_daily":false,"chose_seed":false,"campfire_upgraded":4,"win_rate":0.0,"timestamp":1614119627,"path_taken":["M","?","?","M","$","R","E","R","T","R","M","E","?","?","R","BOSS","M"],"items_purchased_type":[],"build_version":"2020-12-22","purchased_purges":5,"victory":false,"max_hp_per_floor":[95,105,115,125,135,145,155,165,175,185,195,205,215,225,235,245,255,255,255],"card_choices":[{"not_picked":["Redo","Reinforced Body","Streamline"],"picked":"SKIP","floor":1},{"not_picked":["Compile Driver","Streamline"],"picked":"Coolheaded","floor":4},{"not_picked":["Steam Power","Ball Lightning","Sweeping Beam"],"picked":"SKIP","floor":7},{"not_picked":["Heatsinks","Coolheaded"],"picked":"All For One","floor":11},{"not_picked":["Streamline","Cold Snap"],"picked":"Gash","floor":12},{"not_picked":["Conserve Battery","Redo"],"picked":"Go for the Eyes","floor":14}],"player_experience":235642,"relics_obtained":[{"floor":7,"key":"DataDisk"},{"floor":9,"key":"Matryoshka"},{"floor":12,"key":"Blue Candle"},{"floor":17,"key":"Pen Nib"},{"floor":17,"key":"Kunai"}],"event_choices":[{"damage_healed":0,"gold_gain":0,"cards_transformed":["Strike_B"],"player_choice":"Change","damage_taken":0,"max_hp_gain":0,"max_hp_loss":0,"event_name":"Living Wall","floor":2,"gold_loss":0,"cards_obtained":["Turbo"]},{"damage_healed":0,"gold_gain":0,"player_choice":"Leave","damage_taken":0,"max_hp_gain":0,"max_hp_loss":0,"event_name":"The Cleric","floor":3,"gold_loss":0},{"damage_healed":0,"gold_gain":75,"player_choice":"Gather Gold","damage_taken":11,"max_hp_gain":0,"max_hp_loss":0,"event_name":"World of Goop","floor":13,"gold_loss":0}],"is_beta":false,"boss_relics":[{"not_picked":["Snecko Eye","Coffee Dripper"],"picked":"Calling Bell"}],"items_purged_floors":[5,5,5,5,5],"is_endless":false,"potions_floor_spawned":[4,14,16],"killed_by":"Shell Parasite","ascension_level":1}}