{"host":"e8rlfedn69rz2s07","time":1614041542,"event":{"mods":["AchievementEnabler","BaseMod","Minty Spire (QoL Compilation)","Permanent Neow","Relic Stats"],"gold_per_floor":[366,15,15,15,28,28,45,45,45,71,71,81,99,111,111,184,184,201,152,152,171,186,186,186],"floor_reached":23,"language":"ENG","playtime":1142,"items_purged":[],"score":490,"play_id":"1e8729d0-3169-4afb-957c-2d48e8b3c220","local_time":"20210223025222","is_ascension_mode":true,"campfire_choices":[{"data":"Defragment","floor":6.0,"key":"SMITH"},{"data":"Zap","floor":8.0,"key":"SMITH"},{"floor":11.0,"key":"REST"},{"data":"Capacitor","floor":15,"key":"SMITH"}],"circlet_count":0,"master_deck":["AscendersBane","Strike_B+1","Strike_B+1","Strike_B+1","Defend_B+1","Defend_B+1","Defend_B+1","Defend_B+1","Zap+1","Dualcast","Defragment+1","Capacitor+1","Genetic Algorithm+1","White Noise+1","Conserve Battery+1","Chaos+1","Glacier+1","Coolheaded+1","Conserve Battery+1","Buffer+1","Gash","Leap+1"],"relics":["Cracked Core","Toxic Egg 2","Frozen Egg 2","Eternal Feather","Snecko Eye"],"acts_visited":["Exordium","TheCity"],"potions_floor_usage":[14,22,23],"damage_taken":[{"damage":1.0,"enemies":"Cultist","floor":1.0,"turns":4.0},{"damage":1.0,"enemies":"2 Louse","floor":5.0,"turns":2.0},{"damage":7.0,"enemies":"Jaw Worm","floor":7.0,"turns":3.0},{"damage":43.0,"enemies":"3 Sentries","floor":10.0,"turns":8.0},{"damage":11.0,"enemies":"Lots of Slimes","floor":12.0,"turns":5.0},{"damage":2.0,"enemies":"Looter","floor":13.0,"turns":4.0},{"damage":18,"enemies":"Exordium Thugs","floor":14,"turns":5},{"damage":0,"enemies":"Hexaghost","floor":16,"turns":10},{"damage":0,"enemies":"Shell Parasite","floor":18,"turns":9},{"damage":0,"enemies":"2 Thieves","floor":19,"turns":5},{"damage":8,"enemies":"Snake Plant","floor":21,"turns":6},{"damage":3,"enemies":"3 Cultists","floor":22,"turns":7},{"damage":96,"enemies":"Slavers","floor":23,"turns":9}],"seed_played":"-5191381043904607144","potions_obtained":[{"floor":1.0,"key":"Fire Potion"},{"floor":13.0,"key":"DuplicationPotion"},{"floor":14,"key":"Strength Potion"},{"floor":16,"key":"FairyPotion"},{"floor":18,"key":"SkillPotion"},{"floor":22,"key":"SteroidPotion"}],"is_trial":false,"path_per_floor":["M","$","?","?","M","R","M","R","T","E","R","M","M","M","R","B",null,"M","M","?","M","M","E"],"character_chosen":"DEFECT","items_purchased":["Capacitor","Toxic Egg 2"],"campfire_rested":1,"item_purchase_floors":[2,2],"current_hp_per_floor":[63,63,56,56,55,55,48,48,48,5,35,24,22,4,13,13,57,57,57,57,49,46,0,0],"gold":186,"neow_bonus":"TWO_FIFTY_GOLD","is_daily":false,"chose_seed":false,"campfire_upgraded":3,"win_rate":0.0,"timestamp":1614041542,"path_taken":["M","$","?","?","M","R","M","R","T","E","R","M","M","M","R","BOSS","M","M","?","M","M","E"],"items_purchased_type":["Card","Relic"],"build_version":"2020-12-22","purchased_purges":0,"victory":false,"max_hp_per_floor":[71,71,71,71,71,71,71,71,71,71,71,71,71,71,71,71,71,71,71,71,71,71,71,71],"relic_stats":{"counters":[13,77],"Snecko Eye":[48,62,73,66],"Eternal Feather":18,"obtain_stats":[{"Snecko Eye":17,"Eternal Feather":10,"Toxic Egg 2":2,"Frozen Egg 2":9,"Cracked Core":0},{"Snecko Eye":8,"Eternal Feather":4,"Toxic Egg 2":1,"Frozen Egg 2":3,"Cracked Core":0},{"Snecko Eye":41,"Eternal Feather":17,"Toxic Egg 2":4,"Frozen Egg 2":9,"Cracked Core":0}]},"card_choices":[{"not_picked":["Genetic Algorithm","Beam Cell"],"picked":"Defragment","floor":1.0},{"not_picked":["Sweeping Beam","Gash"],"picked":"White Noise+1","floor":5.0},{"not_picked":["Turbo+1","Go for the Eyes"],"picked":"Conserve Battery+1","floor":7.0},{"not_picked":["Turbo+1","Sunder"],"picked":"Chaos+1","floor":10.0},{"not_picked":["Machine Learning+1","Sweeping Beam"],"picked":"Glacier+1","floor":12.0},{"not_picked":["Auto Shields+1","Conserve Battery+1"],"picked":"Coolheaded+1","floor":13.0},{"not_picked":["Sweeping Beam","Melter"],"picked":"Conserve Battery+1","floor":14},{"not_picked":["Amplify+1","Core Surge"],"picked":"Buffer+1","floor":16},{"not_picked":["Steam+1","Barrage","Hello World+1"],"picked":"SKIP","floor":18},{"not_picked":["Reinforced Body+1","Rebound","Hello World+1"],"picked":"SKIP","floor":19},{"not_picked":["Streamline","Go for the Eyes","Gash"],"picked":"SKIP","floor":21},{"not_picked":["Streamline","Go for the Eyes"],"picked":"Gash","floor":21},{"not_picked":["Go for the Eyes","Steam+1"],"picked":"Leap+1","floor":22}],"player_experience":1114895,"relics_obtained":[{"floor":9.0,"key":"Frozen Egg 2"},{"floor":10.0,"key":"Eternal Feather"}],"event_choices":[{"cards_removed":["Doubt"],"damage_healed":0.0,"max_hp_gain":0.0,"max_hp_loss":0.0,"gold_gain":0.0,"event_name":"Golden Wing","player_choice":"Card Removal","floor":3.0,"gold_loss":0.0,"damage_taken":7.0},{"damage_healed":0.0,"max_hp_gain":0.0,"max_hp_loss":0.0,"gold_gain":0.0,"cards_transformed":["Strike_B"],"event_name":"Transmorgrifier","player_choice":"Transformed","floor":4.0,"gold_loss":0.0,"damage_taken":0.0,"cards_obtained":["Genetic Algorithm"]},{"damage_healed":0,"gold_gain":0,"player_choice":"Simplicity","damage_taken":0,"max_hp_gain":0,"max_hp_loss":0,"event_name":"Back to Basics","floor":20,"gold_loss":0,"cards_upgraded":["Strike_B","Strike_B","Strike_B","Defend_B","Defend_B","Defend_B","Defend_B"]}],"is_beta":false,"boss_relics":[{"not_picked":["Runic Pyramid","Black Star"],"picked":"Snecko Eye"}],"items_purged_floors":[],"is_endless":false,"potions_floor_spawned":[1,13,14,16,18,22],"killed_by":"Slavers","ascension_level":20}}