{"host":"syfsfjmzue8y1a6l","time":1614066884,"event":{"mods":["AchievementEnabler","BaseMod","Colored Map","DeckTracker","Minty Spire (QoL Compilation)","Permanent Neow","SuperFastMode"],"gold_per_floor":[112,125,125,1,12,44,62,62,89,116,126,139,171,91,91,196,196,211,224,124,141,141,141,240,115,115,146,146,180,199,213,213,316,316,334,334,334],"floor_reached":36,"language":"KOR","playtime":2371,"items_purged":["Defend_P","Strike_P","Defend_P"],"score":474,"play_id":"01dc4238-72bb-46fa-935e-e3dca1bee63e","local_time":"20210223165444","is_ascension_mode":false,"campfire_choices":[{"data":"BattleHymn","floor":8.0,"key":"SMITH"},{"data":"Eruption","floor":15.0,"key":"SMITH"},{"data":"Establishment","floor":23.0,"key":"SMITH"},{"data":"Adaptation","floor":32,"key":"SMITH"}],"circlet_count":0,"master_deck":["Strike_P","Defend_P","Eruption+1","Vigilance","FlurryOfBlows","Prostrate","BattleHymn+1","Scrawl","Meditate","Adaptation+1","Establishment+1","DeusExMachina","Defend_R","MentalFortress"],"relics":["PureWater","Damaru","Strawberry","Vajra","Centennial Puzzle","Oddly Smooth Stone","Empty Cage","Mango","Ancient Tea Set","InkBottle","SlaversCollar"],"acts_visited":["Exordium","TheCity","TheBeyond"],"potions_floor_usage":[33,33],"damage_taken":[{"damage":0.0,"enemies":"Small Slimes","floor":1.0,"turns":6.0},{"damage":3.0,"enemies":"Jaw Worm","floor":2.0,"turns":4.0},{"damage":0.0,"enemies":"Cultist","floor":5.0,"turns":2.0},{"damage":18.0,"enemies":"3 Sentries","floor":6.0,"turns":4.0},{"damage":2.0,"enemies":"Exordium Wildlife","floor":7.0,"turns":5.0},{"damage":13.0,"enemies":"Lagavulin","floor":10.0,"turns":5.0},{"damage":0.0,"enemies":"Large Slime","floor":11.0,"turns":3.0},{"damage":7.0,"enemies":"2 Fungi Beasts","floor":12.0,"turns":2.0},{"damage":13.0,"enemies":"3 Sentries","floor":13.0,"turns":4.0},{"damage":30.0,"enemies":"The Guardian","floor":16.0,"turns":5.0},{"damage":8.0,"enemies":"Spheric Guardian","floor":18.0,"turns":3.0},{"damage":19.0,"enemies":"3 Byrds","floor":19.0,"turns":6.0},{"damage":4.0,"enemies":"Centurion and Healer","floor":21.0,"turns":4.0},{"damage":35.0,"enemies":"Gremlin Leader","floor":27.0,"turns":4.0},{"damage":23.0,"enemies":"Book of Stabbing","floor":29.0,"turns":5.0},{"damage":0.0,"enemies":"Chosen and Byrds","floor":30.0,"turns":4.0},{"damage":0,"enemies":"Cultist and Chosen","floor":31,"turns":4},{"damage":8,"enemies":"Champ","floor":33,"turns":9},{"damage":3,"enemies":"Orb Walker","floor":35,"turns":3},{"damage":118,"enemies":"2 Orb Walkers","floor":36,"turns":4}],"seed_played":"1407043489887390600","potions_obtained":[{"floor":1.0,"key":"AttackPotion"},{"floor":10.0,"key":"ColorlessPotion"},{"floor":11.0,"key":"BlessingOfTheForge"},{"floor":13.0,"key":"Fruit Juice"},{"floor":18.0,"key":"StancePotion"},{"floor":19.0,"key":"FearPotion"},{"floor":31,"key":"Weak Potion"}],"is_trial":false,"path_per_floor":["M","M","?","$","M","E","M","R","T","E","M","M","E","$","R","B",null,"M","M","$","M","?","R","?","$","T","E","?","E","M","M","R","B",null,"M","?"],"character_chosen":"WATCHER","items_purchased":["Prostrate","Adaptation"],"campfire_rested":0,"item_purchase_floors":[4,14],"current_hp_per_floor":[72,69,74,74,74,63,61,61,61,48,48,41,28,28,28,3,89,81,62,62,58,58,58,58,58,72,37,37,14,14,14,14,6,103,100,0,0],"gold":334,"neow_bonus":"RANDOM_COMMON_RELIC","is_daily":false,"chose_seed":false,"campfire_upgraded":4,"win_rate":0.0,"timestamp":1614066884,"path_taken":["M","M","?","$","M","E","M","R","T","E","M","M","E","$","R","BOSS","M","M","$","M","?","R","?","$","T","E","?","E","M","M","R","BOSS","M","?"],"items_purchased_type":["Card","Card"],"build_version":"2020-12-22","purchased_purges":3,"victory":false,"max_hp_per_floor":[72,72,77,77,77,84,84,84,84,84,84,84,84,84,84,89,89,89,89,89,89,89,89,89,89,103,103,103,103,103,103,103,103,103,103,103,103],"card_choices":[{"not_picked":["Swivel","EmptyBody"],"picked":"FlurryOfBlows","floor":1.0},{"not_picked":["ThirdEye","FollowUp","Perseverance"],"picked":"SKIP","floor":2.0},{"not_picked":["Evaluate","FlyingSleeves"],"picked":"BattleHymn","floor":5.0},{"not_picked":["Consecrate","Crescendo","BowlingBash"],"picked":"SKIP","floor":6.0},{"not_picked":["SashWhip","BattleHymn"],"picked":"Scrawl","floor":7.0},{"not_picked":["Conclude","Wireheading","EmptyBody"],"picked":"SKIP","floor":10.0},{"not_picked":["Halt","Swivel"],"picked":"Meditate","floor":11.0},{"not_picked":["Protect","ReachHeaven","SandsOfTime"],"picked":"SKIP","floor":12.0},{"not_picked":["FlurryOfBlows","Nirvana","Vengeance"],"picked":"SKIP","floor":13.0},{"not_picked":["Scrawl","LessonLearned"],"picked":"Establishment","floor":16.0},{"not_picked":["Evaluate","ThirdEye","BowlingBash+1"],"picked":"SKIP","floor":18.0},{"not_picked":["WheelKick+1","Adaptation","Collect+1"],"picked":"SKIP","floor":19.0},{"not_picked":["Fasting2","TalkToTheHand","WheelKick+1"],"picked":"SKIP","floor":21.0},{"not_picked":["ForeignInfluence","Weave+1"],"picked":"DeusExMachina","floor":27.0},{"not_picked":["FlyingSleeves","Consecrate","Halt"],"picked":"SKIP","floor":29.0},{"not_picked":["WaveOfTheHand","Protect"],"picked":"MentalFortress","floor":30.0},{"not_picked":["SashWhip+1","SignatureMove","JustLucky"],"picked":"SKIP","floor":31},{"not_picked":["Crescendo","ThirdEye+1","ClearTheMind"],"picked":"SKIP","floor":35}],"player_experience":200216,"relics_obtained":[{"floor":6.0,"key":"Strawberry"},{"floor":9.0,"key":"Vajra"},{"floor":10.0,"key":"Centennial Puzzle"},{"floor":13.0,"key":"Oddly Smooth Stone"},{"floor":26.0,"key":"Mango"},{"floor":27.0,"key":"Ancient Tea Set"},{"floor":29.0,"key":"InkBottle"}],"event_choices":[{"damage_healed":0.0,"max_hp_gain":5.0,"max_hp_loss":0.0,"gold_gain":0.0,"event_name":"Big Fish","player_choice":"Donut","floor":3.0,"gold_loss":0.0,"damage_taken":0.0},{"damage_healed":0.0,"max_hp_gain":0.0,"max_hp_loss":0.0,"gold_gain":0.0,"event_name":"The Mausoleum","player_choice":"Ignored","floor":22.0,"gold_loss":0.0,"damage_taken":0.0},{"damage_healed":0.0,"max_hp_gain":0.0,"max_hp_loss":0.0,"gold_gain":99.0,"event_name":"Nest","player_choice":"Stole From Cult","floor":24.0,"gold_loss":0.0,"damage_taken":0.0},{"cards_removed":["Strike_P"],"damage_healed":0.0,"max_hp_gain":0.0,"max_hp_loss":0.0,"gold_gain":0.0,"event_name":"NoteForYourself","player_choice":"Took Card","floor":28.0,"gold_loss":0.0,"damage_taken":0.0,"cards_obtained":["Defend_R"]},{"damage_healed":0,"gold_gain":0,"player_choice":"Fight","damage_taken":0,"max_hp_gain":0,"max_hp_loss":0,"event_name":"Mysterious Sphere","floor":36,"gold_loss":0}],"is_beta":false,"boss_relics":[{"not_picked":["HolyWater","Busted Crown"],"picked":"Empty Cage"},{"not_picked":["Astrolabe","Snecko Eye"],"picked":"SlaversCollar"}],"items_purged_floors":[4,20,25],"is_endless":false,"potions_floor_spawned":[1,10,11,13,18,19,31],"killed_by":"2 Orb Walkers","ascension_level":0}}