{"host":"zxd2l8an9de7z7b9","time":1614090647,"event":{"mods":["100% Spire Juice","2.2 Compatiblity","AchievementEnabler","BaseMod","CapriCore","Colored Map","Colored Powertips","Marisa£¨Ùöéë¡¡Øª×âÞÞ£©","Minty Spire (QoL Compilation)","Rare Cards Sparkle","StSLib","SuperFastMode","Td1madao Mod","everything is the same but u backflip on backflip"],"gold_per_floor":[118,68,143,143,161,161,180,205,205,215,215,215,225,240,240,344,344,359,93,103,120,140,140,156,255,282,282,301,316,316,326,326,326,326],"floor_reached":33,"language":"KOR","playtime":1856,"items_purged":["Strike_G"],"score":278,"play_id":"3df35db3-15c5-47f4-a188-e798320b00d4","local_time":"20210223233047","is_ascension_mode":false,"campfire_choices":[{"data":"Flying Knee","floor":6.0,"key":"SMITH"},{"data":"Tactician","floor":11,"key":"SMITH"},{"data":"Dash","floor":15,"key":"SMITH"},{"data":"Concentrate","floor":23,"key":"SMITH"},{"data":"Reflex","floor":30,"key":"SMITH"},{"data":"Expertise","floor":32,"key":"SMITH"}],"circlet_count":0,"master_deck":["Strike_G","Strike_G+1","Strike_G","Defend_G","Defend_G","Defend_G","Defend_G","Defend_G","Survivor","Neutralize+1","Flying Knee+1","Tactician+1","Dash+1","Dagger Throw+1","Reflex+1","Well Laid Plans","Prepared","CurseOfTheBell","Expertise+1","Concentrate+1","Deflect+1"],"relics":["Ring of the Snake","White Beast Statue","Meat on the Bone","Mummified Hand","Calling Bell","Oddly Smooth Stone","Singing Bowl","Pocketwatch","Membership Card","Whetstone","Art of War"],"acts_visited":["Exordium","TheCity"],"potions_floor_usage":[8,16,21,24,29,29,29,29,33],"damage_taken":[{"damage":0.0,"enemies":"Jaw Worm","floor":1.0,"turns":4.0},{"damage":0.0,"enemies":"2 Louse","floor":5.0,"turns":4.0},{"damage":0.0,"enemies":"Small Slimes","floor":7.0,"turns":3.0},{"damage":4,"enemies":"Gremlin Nob","floor":8,"turns":3},{"damage":0,"enemies":"Looter","floor":10,"turns":2},{"damage":4,"enemies":"Blue Slaver","floor":13,"turns":4},{"damage":0,"enemies":"Large Slime","floor":14,"turns":4},{"damage":10,"enemies":"The Guardian","floor":16,"turns":12},{"damage":10,"enemies":"Spheric Guardian","floor":18,"turns":4},{"damage":5,"enemies":"2 Thieves","floor":20,"turns":4},{"damage":11,"enemies":"Shelled Parasite and Fungi","floor":21,"turns":8},{"damage":0,"enemies":"Centurion and Healer","floor":22,"turns":5},{"damage":4,"enemies":"Snecko","floor":24,"turns":7},{"damage":9,"enemies":"Shelled Parasite and Fungi","floor":28,"turns":6},{"damage":15,"enemies":"3 Cultists","floor":29,"turns":7},{"damage":10,"enemies":"Snake Plant","floor":31,"turns":5},{"damage":45,"enemies":"Collector","floor":33,"turns":16}],"seed_played":"-1921082037935461396","potions_obtained":[{"floor":1.0,"key":"FearPotion"},{"floor":10,"key":"GamblersBrew"},{"floor":13,"key":"BlessingOfTheForge"},{"floor":14,"key":"SmokeBomb"},{"floor":16,"key":"FearPotion"},{"floor":18,"key":"Block Potion"},{"floor":21,"key":"AttackPotion"},{"floor":22,"key":"Swift Potion"},{"floor":24,"key":"LiquidMemories"},{"floor":29,"key":"Fruit Juice"},{"floor":31,"key":"LiquidMemories"}],"is_trial":false,"path_per_floor":["M","?","?","?","M","R","M","E","T","M","R","T","M","M","R","B",null,"M","$","M","M","M","R","M","?","T","?","M","M","R","M","R","B"],"character_chosen":"THE_SILENT","items_purchased":["Membership Card","Whetstone"],"campfire_rested":0,"item_purchase_floors":[19,19],"current_hp_per_floor":[70,70,59,64,64,64,64,60,60,60,60,60,56,56,56,46,75,65,65,62,51,53,53,51,51,51,78,69,61,61,53,53,8,8],"gold":326,"neow_bonus":"UPGRADE_CARD","is_daily":false,"chose_seed":false,"campfire_upgraded":6,"win_rate":0.0,"timestamp":1614090647,"path_taken":["M","?","?","?","M","R","M","E","T","M","R","?","M","?","R","BOSS","M","$","M","M","M","R","M","?","T","?","M","M","R","M","R","BOSS"],"items_purchased_type":["Relic","Relic"],"build_version":"2020-12-22","purchased_purges":1,"victory":false,"max_hp_per_floor":[70,70,70,75,75,75,75,75,75,75,75,75,75,75,75,75,75,75,75,77,77,79,79,81,81,81,81,81,88,88,90,90,90,90],"card_choices":[{"not_picked":["Bane","Dodge and Roll"],"picked":"Flying Knee","floor":1.0},{"not_picked":["Sucker Punch","Prepared"],"picked":"Tactician","floor":5.0},{"not_picked":["Outmaneuver","Finisher"],"picked":"Dash","floor":7.0},{"not_picked":["Endless Agony","Acrobatics"],"picked":"Dagger Throw","floor":8},{"not_picked":["Dodge and Roll","Slice"],"picked":"Reflex","floor":10},{"not_picked":["Heel Hook","Backflip"],"picked":"Well Laid Plans","floor":13},{"not_picked":["Sucker Punch","Backstab"],"picked":"Prepared","floor":14},{"not_picked":["Bane","Cloak And Dagger"],"picked":"Expertise","floor":18},{"not_picked":["Dagger Throw+1","Catalyst","Sucker Punch+1"],"picked":"Singing Bowl","floor":20},{"not_picked":["Backflip","Underhanded Strike+1"],"picked":"Concentrate","floor":21},{"not_picked":["Endless Agony","Dagger Spray","Outmaneuver+1"],"picked":"Singing Bowl","floor":22},{"not_picked":["Cloak And Dagger","Slice","Prepared"],"picked":"Singing Bowl","floor":24},{"not_picked":["Deadly Poison","Accuracy"],"picked":"Deflect+1","floor":28},{"not_picked":["PiercingWail","Outmaneuver","Poisoned Stab"],"picked":"Singing Bowl","floor":29},{"not_picked":["Deflect","Flying Knee","Skewer"],"picked":"Singing Bowl","floor":31}],"player_experience":457977,"relics_obtained":[{"floor":8,"key":"White Beast Statue"},{"floor":9,"key":"Meat on the Bone"},{"floor":12,"key":"Mummified Hand"},{"floor":17,"key":"Oddly Smooth Stone"},{"floor":17,"key":"Singing Bowl"},{"floor":17,"key":"Pocketwatch"},{"floor":26,"key":"Art of War"}],"event_choices":[{"cards_removed":["Strike_G"],"damage_healed":0.0,"max_hp_gain":0.0,"max_hp_loss":0.0,"gold_gain":0.0,"event_name":"The Cleric","player_choice":"Card Removal","floor":2.0,"gold_loss":50.0,"damage_taken":0.0},{"damage_healed":0.0,"max_hp_gain":0.0,"max_hp_loss":0.0,"gold_gain":75.0,"event_name":"World of Goop","player_choice":"Gather Gold","floor":3.0,"gold_loss":0.0,"damage_taken":11.0},{"damage_healed":0.0,"max_hp_gain":5.0,"max_hp_loss":0.0,"gold_gain":0.0,"event_name":"Big Fish","player_choice":"Donut","floor":4.0,"gold_loss":0.0,"damage_taken":0.0},{"damage_healed":0,"gold_gain":99,"player_choice":"Stole From Cult","damage_taken":0,"max_hp_gain":0,"max_hp_loss":0,"event_name":"Nest","floor":25,"gold_loss":0},{"damage_healed":27,"gold_gain":0,"player_choice":"Heal","damage_taken":0,"max_hp_gain":0,"max_hp_loss":0,"event_name":"The Library","floor":27,"gold_loss":0}],"is_beta":false,"boss_relics":[{"not_picked":["Ectoplasm","Cursed Key"],"picked":"Calling Bell"}],"items_purged_floors":[19],"is_endless":false,"potions_floor_spawned":[1,10,13,14,16,18,20,21,22,24,28,29,31],"killed_by":"Collector","ascension_level":0}}