{"host":"0qulokkk26x4i6bu","time":1614089286,"event":{"mods":["BaseMod","Bestiary","Block Reminder","DeckTracker","Minty Spire (QoL Compilation)","Relic Stats"],"gold_per_floor":[113,63,238,238,16,16,44,44,44,44,44],"floor_reached":10,"language":"ENG","playtime":325,"items_purged":["Regret"],"score":71,"play_id":"9de616ca-1eac-4970-ae36-5f5c100a1b12","local_time":"20210223060806","is_ascension_mode":true,"campfire_choices":[{"floor":6.0,"key":"DIG"}],"circlet_count":0,"master_deck":["Strike_G","Strike_G","Strike_G","Strike_G","Defend_G","Defend_G","Defend_G","Defend_G","Defend_G","Survivor","Neutralize","After Image","Flying Knee","PiercingWail"],"relics":["Ring of the Snake","Shovel","Strange Spoon","PreservedInsect","Lantern","Dream Catcher"],"acts_visited":["Exordium"],"potions_floor_usage":[10],"damage_taken":[{"damage":1.0,"enemies":"Jaw Worm","floor":1.0,"turns":5.0},{"damage":38.0,"enemies":"Gremlin Nob","floor":7.0,"turns":5.0},{"damage":34,"enemies":"Lagavulin","floor":10,"turns":11}],"seed_played":"8105127721199429344","potions_obtained":[{"floor":7.0,"key":"LiquidMemories"}],"is_trial":false,"path_per_floor":["M","?","?","?","$","R","E","?","T","E"],"character_chosen":"THE_SILENT","items_purchased":["Strange Spoon"],"campfire_rested":0,"item_purchase_floors":[5],"current_hp_per_floor":[69,69,69,69,69,69,31,31,31,0,0],"gold":44,"neow_bonus":"ONE_RANDOM_RARE_CARD","is_daily":false,"chose_seed":false,"campfire_upgraded":0,"win_rate":0.0,"timestamp":1614089286,"path_taken":["M","?","?","?","$","R","E","?","T","E"],"items_purchased_type":["Relic"],"build_version":"2020-12-22","purchased_purges":1,"victory":false,"max_hp_per_floor":[70,70,70,70,70,70,70,70,70,70,70],"relic_stats":{"Strange Spoon":[1],"Dream Catcher":0,"Shovel":1,"counters":[3,21],"PreservedInsect":56,"obtain_stats":[{"Strange Spoon":5,"Lantern":7,"Dream Catcher":9,"Shovel":4,"PreservedInsect":6,"Ring of the Snake":0},{"Strange Spoon":1,"Lantern":2,"Dream Catcher":2,"Shovel":1,"PreservedInsect":1,"Ring of the Snake":0},{"Strange Spoon":5,"Lantern":10,"Dream Catcher":10,"Shovel":5,"PreservedInsect":5,"Ring of the Snake":0}],"Ring of the Snake":[6]},"card_choices":[{"not_picked":["Bane","Endless Agony"],"picked":"Flying Knee","floor":1.0},{"not_picked":["Tactician","Flying Knee"],"picked":"PiercingWail","floor":7.0}],"player_experience":74681,"relics_obtained":[{"floor":6.0,"key":"PreservedInsect"},{"floor":7.0,"key":"Lantern"},{"floor":9,"key":"Dream Catcher"}],"event_choices":[{"cards_removed":["Strike_G"],"damage_healed":0.0,"max_hp_gain":0.0,"max_hp_loss":0.0,"gold_gain":0.0,"event_name":"The Cleric","player_choice":"Card Removal","floor":2.0,"gold_loss":50.0,"damage_taken":0.0},{"damage_healed":0.0,"max_hp_gain":0.0,"max_hp_loss":0.0,"gold_gain":175.0,"event_name":"Liars Game","player_choice":"AGREE","floor":3.0,"gold_loss":0.0,"damage_taken":0.0,"cards_obtained":["Doubt"]},{"damage_healed":0.0,"max_hp_gain":0.0,"max_hp_loss":0.0,"gold_gain":0.0,"event_name":"Big Fish","player_choice":"Box","floor":4.0,"gold_loss":0.0,"damage_taken":0.0,"relics_obtained":["Shovel"],"cards_obtained":["Regret"]},{"cards_removed":["Doubt"],"damage_healed":0,"gold_gain":0,"player_choice":"Forget","damage_taken":0,"max_hp_gain":0,"max_hp_loss":0,"event_name":"Living Wall","floor":8,"gold_loss":0}],"is_beta":false,"boss_relics":[],"items_purged_floors":[5],"is_endless":false,"potions_floor_spawned":[7],"killed_by":"Lagavulin","ascension_level":3}}