{"host":"xwl7b08i4vco8s3a","time":1614094552,"event":{"mods":["BaseMod","Colored Powertips","Downfall","Hermit","Minty Spire (QoL Compilation)","Replay The Spire","StSLib","Wandering Minibosses"],"gold_per_floor":[112,58,233,296,313,318,318],"floor_reached":6,"language":"ENG","playtime":336,"items_purged":[],"score":34,"play_id":"466f66c9-ca7b-4c2c-a19b-1af0b1b40f12","local_time":"20210223163552","is_ascension_mode":false,"campfire_choices":[],"circlet_count":0,"master_deck":["hermit:Strike_Hermit","hermit:Strike_Hermit","hermit:Strike_Hermit","hermit:Strike_Hermit","hermit:Defend_Hermit","hermit:Defend_Hermit","hermit:Defend_Hermit","hermit:Defend_Hermit","hermit:Snapshot","hermit:Covet","Regret","hermit:Scavenge","hermit:Glare","Doubt","hermit:Snipe","hermit:DeadOrAlive"],"relics":["hermit:Momento","Garlic","Pantograph"],"acts_visited":["Exordium"],"potions_floor_usage":[6],"damage_taken":[{"damage":0,"enemies":"Cultist","floor":1,"turns":4},{"damage":0,"enemies":"2 Louse","floor":5,"turns":4},{"damage":75,"enemies":"Gremlin Nob","floor":6,"turns":6}],"seed_played":"-1274132714773977529","potions_obtained":[{"floor":4,"key":"hermit:BlackBile"}],"is_trial":false,"path_per_floor":["M","$","?","?","M","E"],"character_chosen":"HERMIT","items_purchased":["hermit:Glare"],"campfire_rested":0,"item_purchase_floors":[2],"current_hp_per_floor":[75,75,75,75,75,0,0],"gold":318,"neow_bonus":"RANDOM_EVENT","is_daily":false,"chose_seed":false,"campfire_upgraded":0,"win_rate":0.0,"timestamp":1614094552,"path_taken":["M","$","?","?","M","E"],"items_purchased_type":["Card"],"build_version":"2020-12-22","purchased_purges":0,"victory":false,"max_hp_per_floor":[75,75,75,75,75,75,75],"card_choices":[{"not_picked":["hermit:BodyArmor","hermit:Quickdraw"],"picked":"hermit:Scavenge","floor":1},{"not_picked":["hermit:Cheat","hermit:Misfire"],"picked":"hermit:Snipe","floor":4},{"not_picked":["hermit:WideOpen","hermit:CalledShot"],"picked":"hermit:DeadOrAlive","floor":5}],"player_experience":453607,"relics_obtained":[{"floor":4,"key":"Pantograph"}],"event_choices":[{"damage_healed":0,"gold_gain":0,"player_choice":"Box","damage_taken":0,"relics_obtained":["Garlic"],"max_hp_gain":0,"max_hp_loss":0,"event_name":"Big Fish","floor":0,"gold_loss":0,"cards_obtained":["Regret"]},{"damage_healed":0,"gold_gain":175,"player_choice":"AGREE","damage_taken":0,"max_hp_gain":0,"max_hp_loss":0,"event_name":"Liars Game","floor":3,"gold_loss":0,"cards_obtained":["Doubt"]}],"is_beta":false,"boss_relics":[],"items_purged_floors":[],"is_endless":false,"potions_floor_spawned":[],"killed_by":"Gremlin Nob","ascension_level":0}}