{"host":"cw0gp7779piw2km3","time":1614096489,"event":{"mods":["2.2 Compatiblity","BaseMod","Downfall","Minty Spire (QoL Compilation)","Shapeshifter Mod","Spire Arcade","StSLib"],"gold_per_floor":[119,134,134,149,166,166,194,209,254,329,329,329,329,329,329,428,428,442,459,459,210,224,224,251,269,269,269,289,307,325,325,325],"floor_reached":31,"language":"ENG","playtime":1693,"items_purged":[],"score":284,"play_id":"96833247-5549-4a43-89a5-11e65c873de6","local_time":"20210223100809","is_ascension_mode":false,"campfire_choices":[{"data":"StSShapeShifter:CursedApple","floor":6,"key":"SMITH"},{"floor":11,"key":"REST"},{"floor":15,"key":"REST"},{"data":"Apotheosis","floor":23,"key":"SMITH"},{"floor":27,"key":"REST"}],"circlet_count":0,"master_deck":["StSShapeShifter:ShapeShifter_Strike","StSShapeShifter:ShapeShifter_Strike","StSShapeShifter:ShapeShifter_Strike","StSShapeShifter:ShapeShifter_Strike","StSShapeShifter:ShapeShifter_Strike","StSShapeShifter:ShapeShifter_Defend","StSShapeShifter:ShapeShifter_Defend","StSShapeShifter:ShapeShifter_Defend","StSShapeShifter:ShapeShifter_Defend","StSShapeShifter:ShapeShifter_Defend","StSShapeShifter:Tortoise_Form","StSShapeShifter:Lynx_Form","StSShapeShifter:CursedApple+1","StSShapeShifter:BloomingSlash","StSShapeShifter:BloomingSlash","StSShapeShifter:AdaptiveStrikes","StSShapeShifter:Mystical_Branch","StSShapeShifter:WaspSwarmForm+1","StSShapeShifter:Pounce","StSShapeShifter:PoisonIvy","StSShapeShifter:Rabid","Apotheosis+1","StSShapeShifter:RockSlide","StSShapeShifter:TopazSkin","StSShapeShifter:VileMushroom","StSShapeShifter:SunflowerShuriken+1","StSShapeShifter:BulwarkOfDiscovery","StSShapeShifter:ShiftingStrike+1"],"relics":["StSShapeShifter:AnimalHeart","StSShapeShifter:TheShapeShiftersMagnolia","Blood Vial","hexamod:BolsterEngine","SlaversCollar","Molten Egg 2","StSShapeShifter:MysticalFossil"],"acts_visited":["Exordium","TheCity"],"potions_floor_usage":[14,16,22,22,22,22,29,29,31,31],"damage_taken":[{"damage":0,"enemies":"Cultist","floor":1,"turns":4},{"damage":1,"enemies":"Jaw Worm","floor":2,"turns":2},{"damage":0,"enemies":"Small Slimes","floor":4,"turns":2},{"damage":9,"enemies":"3 Louse","floor":5,"turns":3},{"damage":30,"enemies":"3 Sentries","floor":7,"turns":7},{"damage":20,"enemies":"Exordium Thugs","floor":8,"turns":4},{"damage":12,"enemies":"Slime Boss","floor":16,"turns":7},{"damage":8,"enemies":"Chosen","floor":18,"turns":4},{"damage":28,"enemies":"2 Thieves","floor":19,"turns":3},{"damage":24,"enemies":"Snake Plant","floor":22,"turns":6},{"damage":7,"enemies":"Gremlin Leader","floor":24,"turns":5},{"damage":20,"enemies":"Snecko","floor":25,"turns":6},{"damage":36,"enemies":"Shelled Parasite and Fungi","floor":28,"turns":6},{"damage":16,"enemies":"Cultist and Chosen","floor":29,"turns":3},{"damage":4,"enemies":"Centurion and Healer","floor":30,"turns":6},{"damage":26,"enemies":"Shelled Parasite and Fungi","floor":31,"turns":3}],"seed_played":"-8290283477524794556","potions_obtained":[{"floor":4,"key":"Slimebound:ThreeZeroPotion"},{"floor":7,"key":"StSShapeShifter:PolyBeastPotion"},{"floor":8,"key":"Explosive Potion"},{"floor":14,"key":"Fruit Juice"},{"floor":14,"key":"Regen Potion"},{"floor":18,"key":"EntropicBrew"},{"floor":28,"key":"AttackPotion"},{"floor":30,"key":"AttackPotion"}],"is_trial":false,"path_per_floor":["M","M","?","M","M","R","E","M","T","?","R","?","?","?","R","B",null,"M","M","?","$","M","R","E","M","T","R","M","M","M","M"],"character_chosen":"SHAPESHIFTER","items_purchased":["StSShapeShifter:Rabid","Apotheosis"],"campfire_rested":3,"item_purchase_floors":[21,21],"current_hp_per_floor":[85,84,84,84,75,75,45,27,27,16,41,41,41,46,73,63,90,82,56,56,56,52,52,47,29,29,57,23,9,7,0,0],"gold":325,"neow_bonus":"TEN_PERCENT_HP_BONUS","is_daily":false,"chose_seed":false,"campfire_upgraded":2,"win_rate":0.0,"timestamp":1614096489,"path_taken":["M","?","?","M","M","R","E","M","T","?","R","?","?","?","R","BOSS","M","M","?","$","M","R","E","M","T","R","M","M","M","M"],"items_purchased_type":["Card","Card"],"build_version":"2020-12-22","purchased_purges":0,"victory":false,"max_hp_per_floor":[85,85,85,85,85,85,85,85,85,85,85,85,85,90,90,90,90,90,90,90,90,94,94,94,94,94,94,94,94,94,94,94],"card_choices":[{"not_picked":["StSShapeShifter:MonkeyForm","StSShapeShifter:BladeOfGrass"],"picked":"StSShapeShifter:CursedApple","floor":1},{"not_picked":["StSShapeShifter:ClimbTree","StSShapeShifter:RockSlide"],"picked":"StSShapeShifter:BloomingSlash","floor":2},{"not_picked":["StSShapeShifter:OwlForm","StSShapeShifter:CursedApple"],"picked":"StSShapeShifter:BloomingSlash","floor":4},{"not_picked":["StSShapeShifter:OakBlade","StSShapeShifter:SquirrelForm"],"picked":"StSShapeShifter:AdaptiveStrikes","floor":5},{"not_picked":["StSShapeShifter:ShiftingStrike","StSShapeShifter:Ensconce"],"picked":"StSShapeShifter:Mystical_Branch","floor":7},{"not_picked":["StSShapeShifter:Autumn","StSShapeShifter:PoisonIvy"],"picked":"StSShapeShifter:WaspSwarmForm","floor":8},{"not_picked":["StSShapeShifter:SkullBash","StSShapeShifter:Flood"],"picked":"StSShapeShifter:Pounce","floor":16},{"not_picked":["StSShapeShifter:Sapling","StSShapeShifter:FlowerShield+1"],"picked":"StSShapeShifter:PoisonIvy","floor":18},{"not_picked":["StSShapeShifter:Maul","StSShapeShifter:ForestFire","StSShapeShifter:Rest"],"picked":"SKIP","floor":19},{"not_picked":["StSShapeShifter:Sapling+1","StSShapeShifter:IntimidatingAura+1"],"picked":"StSShapeShifter:RockSlide","floor":22},{"not_picked":["StSShapeShifter:Rabid","StSShapeShifter:ThrashAbout+1"],"picked":"StSShapeShifter:TopazSkin","floor":24},{"not_picked":["StSShapeShifter:Synchronicity","StSShapeShifter:ShiftingStrike+1"],"picked":"StSShapeShifter:VileMushroom","floor":25},{"not_picked":["StSShapeShifter:ShiftingStrike+1","StSShapeShifter:RaptorForm+1"],"picked":"StSShapeShifter:SunflowerShuriken+1","floor":28},{"not_picked":["StSShapeShifter:Roar+1","StSShapeShifter:SkullBash+1"],"picked":"StSShapeShifter:BulwarkOfDiscovery","floor":29},{"not_picked":["StSShapeShifter:AdaptiveStrikes+1","StSShapeShifter:PantherForm+1"],"picked":"StSShapeShifter:ShiftingStrike+1","floor":30}],"player_experience":925723,"relics_obtained":[{"floor":7,"key":"Blood Vial"},{"floor":9,"key":"hexamod:BolsterEngine"},{"floor":24,"key":"Molten Egg 2"},{"floor":26,"key":"StSShapeShifter:MysticalFossil"}],"event_choices":[{"damage_healed":0,"gold_gain":0,"player_choice":"Leave","damage_taken":0,"max_hp_gain":0,"max_hp_loss":0,"event_name":"The Cleric","floor":3,"gold_loss":0},{"damage_healed":0,"gold_gain":75,"player_choice":"Gather Gold","damage_taken":11,"max_hp_gain":0,"max_hp_loss":0,"event_name":"World of Goop","floor":10,"gold_loss":0},{"damage_healed":0,"gold_gain":0,"player_choice":"Grow","damage_taken":0,"max_hp_gain":0,"max_hp_loss":0,"event_name":"Living Wall","floor":13,"gold_loss":0,"cards_upgraded":["StSShapeShifter:WaspSwarmForm"]},{"damage_healed":0,"gold_gain":0,"player_choice":"Got Potions","damage_taken":0,"max_hp_gain":0,"max_hp_loss":0,"event_name":"Lab","floor":14,"gold_loss":0},{"damage_healed":0,"gold_gain":0,"player_choice":"Ignored","damage_taken":0,"max_hp_gain":0,"max_hp_loss":0,"event_name":"Transmorgrifier","floor":20,"gold_loss":0}],"is_beta":false,"boss_relics":[{"not_picked":["bronze:MakeshiftBattery","Empty Cage"],"picked":"SlaversCollar"}],"items_purged_floors":[],"is_endless":false,"potions_floor_spawned":[4,7,8,18,19,28,30],"killed_by":"Shelled Parasite and Fungi","ascension_level":0}}