{"host":"0r455zfix56tawas","time":1614085574,"event":{"mods":["AlwaysNeverKeys","BaseMod","Colored Powertips","Downfall","Highlight Path","Minty Spire (QoL Compilation)","Permanent Neow","StSLib","The Necromancer","The Servant 0.9.4"],"gold_per_floor":[99,110,129,129,129,139,165,65,165,165,175,191,191,203,223,318,318,318,338,349,365,365,315,396,396,415,468,478,497,497,497,517,623,623,623,641,402,418,468,481,504,516,516,527,527,527,527,527,538,538],"floor_reached":51,"language":"ENG","playtime":2905,"items_purged":[],"score":1245,"play_id":"00514a79-a3a8-4fc6-8881-6c9e4befd5d2","local_time":"20210223140614","is_ascension_mode":false,"campfire_choices":[{"data":"hexamod:Float","floor":1.0,"key":"SMITH"},{"data":"hexamod:Defend","floor":8.0,"key":"SMITH"},{"data":"hexamod:Defend","floor":10.0,"key":"SMITH"},{"data":"hexamod:SkipABeat","floor":18.0,"key":"SMITH"},{"data":"hexamod:PhantomCloak","floor":25.0,"key":"SMITH"},{"floor":30.0,"key":"REST"},{"data":"hexamod:ForkedFlame","floor":35,"key":"SMITH"},{"data":"hexamod:FastForward","floor":45,"key":"SMITH"},{"data":"hexamod:TimeOfNeed","floor":47,"key":"SMITH"}],"circlet_count":0,"master_deck":["hexamod:Strike","hexamod:Strike","hexamod:Defend+1","hexamod:Defend","hexamod:Defend","hexamod:Defend+1","hexamod:Sear+1","hexamod:Float+1","Sadistic Nature","hexamod:HauntingEcho+1","hexamod:FlamesFromBeyond+1","hexamod:PhantomFireball","hexamod:StepThrough","hexamod:SkipABeat+1","hexamod:AdvancingGuard+1","hexamod:AdvancingGuard+1","hexamod:Firestarter+1","hexamod:PhantomCloak+1","hexamod:ShieldOfDarkness+1","hexamod:Firestarter+1","hexamod:FirstSeal","hexamod:GhostflameBarrier+1","hexamod:FirstSeal","hexamod:ForkedFlame+1","hexamod:InspiringFlames+1","hexamod:PowerFromBeyond","hexamod:FastForward+1","expansioncontent:DashGenerateEvil","hexamod:SkipABeat+1","hexamod:ThirdSeal","hexamod:ThermalTransfer","hexamod:TimeOfNeed+1","expansioncontent:AwakenDeath","expansioncontent:AwakenDeath","expansioncontent:Chronoboost","hexamod:FastForward","hexamod:GhostOfSpireFuture"],"relics":["hexamod:SpiritBrand","downfall:HeartBlessingBlue","hexamod:IceCube","Bag of Marbles","Pear","Smiling Mask","hexamod:TheBrokenSeal","Empty Cage","WingedGreaves","Anchor","hexamod:SoulConsumer"],"acts_visited":["Exordium","TheCity","TheBeyond"],"potions_floor_usage":[33,50,50],"damage_taken":[{"damage":1.0,"enemies":"Cultist","floor":2.0,"turns":3.0},{"damage":0.0,"enemies":"Small Slimes","floor":3.0,"turns":3.0},{"damage":3.0,"enemies":"2 Louse","floor":6.0,"turns":2.0},{"damage":3.0,"enemies":"Red Slaver","floor":11.0,"turns":2.0},{"damage":2.0,"enemies":"3 Louse","floor":12.0,"turns":2.0},{"damage":0.0,"enemies":"Blue Slaver","floor":14.0,"turns":2.0},{"damage":0.0,"enemies":"Large Slime","floor":15.0,"turns":4.0},{"damage":30.0,"enemies":"IC_STATUS_ARCHETYPE","floor":16.0,"turns":9.0},{"damage":19.0,"enemies":"3 Byrds","floor":19.0,"turns":5.0},{"damage":0.0,"enemies":"Shell Parasite","floor":20.0,"turns":5.0},{"damage":34.0,"enemies":"3 Cultists","floor":21.0,"turns":6.0},{"damage":24.0,"enemies":"Snake Plant","floor":26.0,"turns":6.0},{"damage":26.0,"enemies":"Cultist and Chosen","floor":28.0,"turns":11.0},{"damage":28.0,"enemies":"Shelled Parasite and Fungi","floor":29.0,"turns":7.0},{"damage":27,"enemies":"Snake Plant","floor":32,"turns":5},{"damage":41,"enemies":"WA_ARCHETYPE_CALM","floor":33,"turns":11},{"damage":3,"enemies":"3 Darklings","floor":36,"turns":5},{"damage":0,"enemies":"downfall:FleeingMerchant","floor":37,"turns":4},{"damage":0,"enemies":"Orb Walker","floor":38,"turns":3},{"damage":29,"enemies":"Orb Walker","floor":39,"turns":6},{"damage":0,"enemies":"4 Shapes","floor":40,"turns":7},{"damage":14,"enemies":"3 Darklings","floor":42,"turns":5},{"damage":0,"enemies":"Jaw Worm Horde","floor":44,"turns":5},{"damage":0,"enemies":"Maw","floor":49,"turns":8},{"damage":58,"enemies":"SI_POISON_ARCHETYPE","floor":50,"turns":13}],"seed_played":"5706191036595660543","potions_obtained":[{"floor":2.0,"key":"SkillPotion"},{"floor":3.0,"key":"Dexterity Potion"},{"floor":12.0,"key":"BlessingOfTheForge"},{"floor":19.0,"key":"Strength Potion"},{"floor":21.0,"key":"Dexterity Potion"},{"floor":33,"key":"Guardian:BlockOnCardUsePotion"},{"floor":42,"key":"hexamod:DoubleChargePotion"}],"is_trial":false,"path_per_floor":["R","M","M","?","?","M","T","R","?","R","M","M","?","M","M","B",null,"R","M","M","M","?","?","T","R","M","T","M","M","R","?","M","B",null,"R","M","$","M","?","M","T","M","T","M","R","?","R","?","M","B",null],"character_chosen":"THE_SPIRIT","items_purchased":["hexamod:FastForward","expansioncontent:DashGenerateEvil"],"campfire_rested":1,"item_purchase_floors":[37,37],"current_hp_per_floor":[63,62,62,67,67,64,64,74,74,74,71,69,69,69,69,39,78,78,59,66,39,39,69,79,79,62,62,43,22,48,77,57,98,98,98,98,98,98,83,97,97,90,90,98,98,88,88,88,98,51],"gold":538,"neow_bonus":"RANDOM_COLORLESS_2","is_daily":false,"chose_seed":false,"campfire_upgraded":8,"win_rate":0.0,"timestamp":1614085574,"path_taken":["R","M","?","?","?","?","T","R","?","R","M","M","?","?","M","BOSS","R","M","M","M","?","?","T","R","M","?","?","M","R","?","M","BOSS","R","M","$","M","?","M","T","M","?","M","R","?","R","?","M","BOSS"],"items_purchased_type":["Card","Card"],"build_version":"2020-12-22","purchased_purges":0,"victory":true,"max_hp_per_floor":[63,63,63,68,68,68,68,78,78,78,78,78,78,78,78,78,78,78,78,78,78,78,78,88,88,88,88,88,88,88,88,88,98,98,98,98,98,98,98,98,98,98,98,98,98,98,98,98,98,98],"card_choices":[{"not_picked":["Metamorphosis","Chrysalis"],"picked":"Sadistic Nature","floor":0.0},{"not_picked":["hexamod:RecurringNightmare","hexamod:Firestarter"],"picked":"hexamod:HauntingEcho","floor":2.0},{"not_picked":["hexamod:GhostOfSpirePast","hexamod:ThermalTransfer"],"picked":"hexamod:FlamesFromBeyond","floor":3.0},{"not_picked":["hexamod:NightmareGuise","hexamod:HauntingEcho"],"picked":"hexamod:StepThrough","floor":6.0},{"not_picked":["hexamod:GhostLash","hexamod:RetreatToShadows"],"picked":"hexamod:SkipABeat","floor":11.0},{"not_picked":["hexamod:SpectersWail","hexamod:NightmareGuise"],"picked":"hexamod:AdvancingGuard","floor":12.0},{"not_picked":["hexamod:Incineration","hexamod:SwordOfDarkness"],"picked":"hexamod:AdvancingGuard","floor":14.0},{"not_picked":["hexamod:NightmareGuise","hexamod:HeatMetal"],"picked":"hexamod:AdvancingGuard","floor":15.0},{"not_picked":["hexamod:UnlimitedPower","hexamod:UnleashSpirits"],"picked":"hexamod:FifthSeal","floor":16.0},{"not_picked":["hexamod:Haunt","hexamod:RainOfEmbers"],"picked":"hexamod:Firestarter","floor":19.0},{"not_picked":["hexamod:FourthSeal","hexamod:ThirdSeal"],"picked":"hexamod:FirstSeal","floor":19.0},{"not_picked":["hexamod:HauntingEcho","hexamod:HeatCrush+1"],"picked":"hexamod:PhantomCloak","floor":20.0},{"not_picked":["hexamod:ThirdSeal","hexamod:FirstSeal"],"picked":"hexamod:SixthSeal","floor":20.0},{"not_picked":["hexamod:NightmareGuise","hexamod:RainOfEmbers"],"picked":"hexamod:ShieldOfDarkness+1","floor":21.0},{"not_picked":["hexamod:FlamesFromBeyond","hexamod:ThermalTransfer+1"],"picked":"hexamod:ThirdSeal","floor":26.0},{"not_picked":["hexamod:FlamesFromBeyond","hexamod:SpectersWail"],"picked":"hexamod:Firestarter+1","floor":28.0},{"not_picked":["hexamod:FirstSeal","hexamod:SixthSeal"],"picked":"hexamod:FourthSeal","floor":28.0},{"not_picked":["hexamod:NightmareStrike+1","hexamod:SpectralAdrenaline","hexamod:FlamesFromBeyond"],"picked":"SKIP","floor":28.0},{"not_picked":["hexamod:Hexaguard","hexamod:SpectersWail"],"picked":"hexamod:SecondSeal","floor":29.0},{"not_picked":["hexamod:SecondSeal","hexamod:FourthSeal"],"picked":"hexamod:FirstSeal","floor":29.0},{"not_picked":["hexamod:GhostLash+1","hexamod:SwordOfDarkness","hexamod:SpectersWail+1"],"picked":"SKIP","floor":29.0},{"not_picked":["hexamod:FourthSeal","hexamod:ThermalTransfer"],"picked":"hexamod:GhostflameBarrier+1","floor":32},{"not_picked":["hexamod:ThirdSeal","hexamod:SecondSeal"],"picked":"hexamod:FirstSeal","floor":32},{"not_picked":["hexamod:ParanormalForm","hexamod:DynamicBlow","hexamod:HeatMetal"],"picked":"SKIP","floor":32},{"not_picked":["hexamod:GhostOfSpirePresent","hexamod:GiftsFromTheDead"],"picked":"hexamod:ForkedFlame","floor":33},{"not_picked":["hexamod:GhostLash","hexamod:ShieldOfDarkness"],"picked":"hexamod:InspiringFlames+1","floor":36},{"not_picked":["hexamod:BacktrackSmack+1","hexamod:NightmareGuise+1"],"picked":"hexamod:PowerFromBeyond","floor":37},{"not_picked":["hexamod:HeatMetal+1","hexamod:ParanormalForm","hexamod:SpectersWail"],"picked":"SKIP","floor":38},{"not_picked":["hexamod:StepThrough","hexamod:GhostLash+1"],"picked":"hexamod:SkipABeat+1","floor":39},{"not_picked":["hexamod:BurningTouch","hexamod:NightmareStrike"],"picked":"hexamod:ThirdSeal","floor":40},{"not_picked":["hexamod:ShieldOfDarkness","hexamod:PhantomFireball+1"],"picked":"hexamod:ThermalTransfer","floor":42},{"not_picked":["hexamod:GhostLash+1","hexamod:Incineration"],"picked":"hexamod:TimeOfNeed","floor":44},{"not_picked":["hexamod:InspiringFlames+1","hexamod:NightmareStrike","hexamod:ShieldOfDarkness+1"],"picked":"SKIP","floor":44},{"not_picked":["expansioncontent:Chronoboost","expansioncontent:LastStand"],"picked":"expansioncontent:AwakenDeath","floor":46},{"not_picked":["expansioncontent:YouAreMine","expansioncontent:PrepareCrush"],"picked":"expansioncontent:AwakenDeath","floor":46},{"not_picked":["expansioncontent:HyperBeam","expansioncontent:GuardianWhirl"],"picked":"expansioncontent:Chronoboost","floor":46},{"not_picked":["hexamod:HauntingEcho","hexamod:HeatMetal+1"],"picked":"hexamod:FastForward","floor":49},{"not_picked":["hexamod:SkipABeat","hexamod:GhostShield+1"],"picked":"hexamod:GhostOfSpireFuture","floor":49}],"player_experience":1006726,"relics_obtained":[{"floor":24.0,"key":"Pear"},{"floor":27.0,"key":"Smiling Mask"},{"floor":39,"key":"WingedGreaves"},{"floor":41,"key":"Anchor"},{"floor":43,"key":"hexamod:SoulConsumer"}],"event_choices":[{"damage_healed":0.0,"max_hp_gain":5.0,"max_hp_loss":0.0,"gold_gain":0.0,"event_name":"Big Fish","player_choice":"Donut","floor":4.0,"gold_loss":0.0,"damage_taken":0.0},{"cards_removed":["hexamod:Strike"],"damage_healed":0.0,"max_hp_gain":0.0,"max_hp_loss":0.0,"gold_gain":0.0,"event_name":"Bonfire Elementals","player_choice":"Offered Basic","floor":13.0,"gold_loss":0.0,"damage_taken":0.0},{"damage_healed":29.0,"max_hp_gain":0.0,"max_hp_loss":0.0,"gold_gain":0.0,"event_name":"The Library","player_choice":"Heal","floor":31.0,"gold_loss":0.0,"damage_taken":0.0}],"is_beta":false,"boss_relics":[{"not_picked":["Fusion Hammer","Runic Pyramid"],"picked":"hexamod:IceCube"},{"not_picked":["Calling Bell","Astrolabe"],"picked":"Empty Cage"}],"items_purged_floors":[],"is_endless":false,"potions_floor_spawned":[2,3,12,15,19,20,21,28,33,38,39,42],"ascension_level":0}}