{"host":"4bjf3jtd8i13astb","time":1614120655,"event":{"mods":["AchievementEnabler","BaseMod","Colored Map","Colored Powertips","Highlight Path","Minty Spire (QoL Compilation)","StSLib"],"gold_per_floor":[361,172,187,187,199,199,229,244,244,262,280,280,309,327,327,401,401,415,330,330,68,84,84,111,111,136,136,146,44,44,44],"floor_reached":30,"language":"ENG","playtime":1069,"items_purged":["Normality"],"score":429,"play_id":"2a429df5-9b8b-42d7-ac86-1d282dc82f9e","local_time":"20210223175055","is_ascension_mode":true,"campfire_choices":[{"data":"Zap","floor":6,"key":"SMITH"},{"floor":12,"key":"REST"},{"floor":15,"key":"REST"},{"data":"Echo Form","floor":23,"key":"SMITH"},{"floor":25,"key":"REST"}],"circlet_count":0,"master_deck":["AscendersBane","Strike_B","Strike_B","Strike_B","Strike_B","Defend_B","Defend_B","Defend_B","Defend_B","Zap+1","Dualcast","Static Discharge+1","White Noise","Gash","Echo Form+1","Machine Learning","Static Discharge","Mayhem","Consume","Gash","Defragment"],"relics":["Cracked Core","Dead Branch","Bird Faced Urn","Emotion Chip","Inserter","Mercury Hourglass","Ornamental Fan","PreservedInsect","MutagenicStrength"],"acts_visited":["Exordium","TheCity"],"potions_floor_usage":[],"damage_taken":[{"damage":0,"enemies":"Cultist","floor":1,"turns":3},{"damage":3,"enemies":"Small Slimes","floor":3,"turns":3},{"damage":9,"enemies":"2 Louse","floor":5,"turns":2},{"damage":25,"enemies":"3 Sentries","floor":7,"turns":5},{"damage":11,"enemies":"Blue Slaver","floor":8,"turns":3},{"damage":1,"enemies":"Looter","floor":10,"turns":3},{"damage":4,"enemies":"Large Slime","floor":11,"turns":6},{"damage":26,"enemies":"Lagavulin","floor":13,"turns":5},{"damage":13,"enemies":"3 Louse","floor":14,"turns":2},{"damage":37,"enemies":"Hexaghost","floor":16,"turns":7},{"damage":39,"enemies":"2 Thieves","floor":18,"turns":3},{"damage":15,"enemies":"Chosen","floor":22,"turns":6},{"damage":39,"enemies":"Slavers","floor":24,"turns":2},{"damage":29,"enemies":"Sentry and Sphere","floor":28,"turns":3},{"damage":45,"enemies":"Snecko","floor":30,"turns":4}],"seed_played":"2026587875289187348","potions_obtained":[{"floor":3,"key":"AttackPotion"},{"floor":5,"key":"FocusPotion"},{"floor":14,"key":"BlessingOfTheForge"},{"floor":24,"key":"FairyPotion"}],"is_trial":false,"path_per_floor":["M","$","M","?","M","R","E","M","T","M","M","R","E","M","R","B",null,"M","?","?","$","M","R","E","R","T","?","M","$","M"],"character_chosen":"DEFECT","items_purchased":["Static Discharge","White Noise","Static Discharge","Mayhem","Gash","Defragment"],"campfire_rested":3,"item_purchase_floors":[2,2,21,21,29,29],"current_hp_per_floor":[68,68,65,65,56,56,31,20,20,23,25,47,29,22,44,19,61,34,34,34,34,35,35,2,24,24,24,9,9,0,0],"gold":44,"neow_bonus":"TWO_FIFTY_GOLD","is_daily":false,"chose_seed":false,"campfire_upgraded":2,"win_rate":0.0,"timestamp":1614120655,"path_taken":["M","$","M","?","M","R","E","?","T","M","M","R","E","M","R","BOSS","M","?","?","$","M","R","E","R","T","?","M","$","M"],"items_purchased_type":["Card","Card","Card","Card","Card","Card"],"build_version":"2020-12-22","purchased_purges":1,"victory":false,"max_hp_per_floor":[75,75,75,75,75,75,75,75,75,75,75,75,75,75,75,75,75,75,75,75,75,75,75,75,75,75,75,75,75,75,75],"card_choices":[{"not_picked":["Go for the Eyes","Stack","Beam Cell"],"picked":"SKIP","floor":1},{"not_picked":["Barrage","Stack","Fusion"],"picked":"SKIP","floor":3},{"not_picked":["Steam Power","Tempest","Ball Lightning"],"picked":"SKIP","floor":5},{"not_picked":["Chaos","Cold Snap"],"picked":"Gash","floor":7},{"not_picked":["Hologram","Tempest","Leap"],"picked":"SKIP","floor":8},{"not_picked":["Go for the Eyes","Coolheaded"],"picked":"Echo Form","floor":10},{"not_picked":["Coolheaded","Go for the Eyes","Darkness"],"picked":"SKIP","floor":11},{"not_picked":["Rebound","Auto Shields","Doom and Gloom"],"picked":"SKIP","floor":13},{"not_picked":["Steam","Chaos","Stack"],"picked":"SKIP","floor":14},{"not_picked":["Buffer","Thunder Strike"],"picked":"Machine Learning","floor":16},{"not_picked":["Hologram","Cold Snap","Barrage"],"picked":"SKIP","floor":18},{"not_picked":["Doom and Gloom","Turbo","Stack"],"picked":"SKIP","floor":22},{"not_picked":["Doom and Gloom","Turbo","Stack"],"picked":"SKIP","floor":22},{"not_picked":["Hologram","Core Surge"],"picked":"Consume","floor":24},{"not_picked":["Steam","Steam Power","Beam Cell"],"picked":"SKIP","floor":28}],"player_experience":1223624,"relics_obtained":[{"floor":7,"key":"Dead Branch"},{"floor":9,"key":"Bird Faced Urn"},{"floor":13,"key":"Emotion Chip"},{"floor":24,"key":"Ornamental Fan"},{"floor":26,"key":"PreservedInsect"}],"event_choices":[{"damage_healed":0,"gold_gain":0,"player_choice":"Forge","damage_taken":0,"max_hp_gain":0,"max_hp_loss":0,"event_name":"Accursed Blacksmith","floor":4,"gold_loss":0,"cards_upgraded":["Static Discharge"]},{"damage_healed":0,"gold_gain":0,"player_choice":"Obtained Relic","damage_taken":0,"relics_obtained":["Mercury Hourglass"],"max_hp_gain":0,"max_hp_loss":0,"event_name":"Addict","floor":19,"gold_loss":85},{"damage_healed":0,"gold_gain":0,"player_choice":"Ignored","damage_taken":0,"max_hp_gain":0,"max_hp_loss":0,"event_name":"Cursed Tome","floor":20,"gold_loss":0},{"damage_healed":0,"gold_gain":0,"player_choice":"Inject Mutagens","damage_taken":0,"relics_obtained":["MutagenicStrength"],"max_hp_gain":0,"max_hp_loss":0,"event_name":"Drug Dealer","floor":27,"gold_loss":0}],"is_beta":false,"boss_relics":[{"not_picked":["Calling Bell","Pandora\u0027s Box"],"picked":"Inserter"}],"items_purged_floors":[2],"is_endless":false,"potions_floor_spawned":[3,5,8,14,16,18,24,28],"killed_by":"Snecko","ascension_level":13}}