{"host":"dowi7cgbhepuzvpj","time":1614059006,"event":{"mods":["AchievementEnabler","BaseMod","Colored Map","Keyboard Shortcuts","Minty Spire (QoL Compilation)","Permanent Neow","Quick Restart","StSLib","SuperFastMode"],"gold_per_floor":[115,125,50,68,88,115,115,130,130,145,159,159,0,0,0,74,74,92,92,92,102,122,122,152,152,152],"floor_reached":25,"language":"KOR","playtime":904,"items_purged":["Strike_R","Parasite"],"score":500,"play_id":"62b8602d-3f16-4972-861e-0e59fedd4e33","local_time":"20210223144326","is_ascension_mode":true,"campfire_choices":[{"data":"Limit Break","floor":7.0,"key":"SMITH"},{"floor":15.0,"key":"REST"},{"data":"Inflame","floor":23.0,"key":"SMITH"}],"circlet_count":0,"master_deck":["AscendersBane","Strike_R+1","Strike_R+1","Strike_R+1","Strike_R+1","Defend_R+1","Defend_R+1","Defend_R+1","Defend_R+1","Bash+1","Reaper","Limit Break+1","Shrug It Off","Flex","Evolve","Reaper","Ghostly Armor+1","Inflame+1","True Grit","Immolate","Headbutt"],"relics":["Burning Blood","Lantern","Letter Opener","Sozu","Blue Candle"],"acts_visited":["Exordium","TheCity"],"potions_floor_usage":[24],"damage_taken":[{"damage":9.0,"enemies":"2 Louse","floor":1.0,"turns":3.0},{"damage":5.0,"enemies":"Small Slimes","floor":2.0,"turns":5.0},{"damage":12.0,"enemies":"Jaw Worm","floor":4.0,"turns":3.0},{"damage":15.0,"enemies":"3 Louse","floor":5.0,"turns":5.0},{"damage":34.0,"enemies":"3 Sentries","floor":6.0,"turns":8.0},{"damage":41.0,"enemies":"Gremlin Gang","floor":8.0,"turns":6.0},{"damage":44.0,"enemies":"Red Slaver","floor":10.0,"turns":6.0},{"damage":44.0,"enemies":"Exordium Thugs","floor":11.0,"turns":5.0},{"damage":21.0,"enemies":"The Guardian","floor":16.0,"turns":11.0},{"damage":40.0,"enemies":"3 Byrds","floor":18.0,"turns":5.0},{"damage":26.0,"enemies":"Chosen","floor":21.0,"turns":7.0},{"damage":12.0,"enemies":"Snecko","floor":22.0,"turns":6.0},{"damage":55,"enemies":"Book of Stabbing","floor":24,"turns":6},{"damage":24,"enemies":"Centurion and Healer","floor":25,"turns":2}],"seed_played":"-4646300551825841484","potions_obtained":[{"floor":1.0,"key":"Strength Potion"},{"floor":4.0,"key":"BloodPotion"},{"floor":6.0,"key":"FearPotion"},{"floor":11.0,"key":"Explosive Potion"}],"is_trial":false,"path_per_floor":["M","M","$","M","M","E","R","M","T","M","M","?","$","?","R","B",null,"M","?","?","M","M","R","E","M"],"character_chosen":"IRONCLAD","items_purchased":["True Grit"],"campfire_rested":1,"item_purchase_floors":[13],"current_hp_per_floor":[72,75,75,69,66,62,62,48,48,20,9,27,27,5,26,19,59,34,34,34,34,48,48,12,0,0],"gold":152,"neow_bonus":"ONE_RANDOM_RARE_CARD","is_daily":false,"chose_seed":false,"campfire_upgraded":2,"win_rate":0.0,"timestamp":1614059006,"path_taken":["M","M","$","M","M","E","R","M","T","M","M","?","$","?","R","BOSS","M","?","?","M","M","R","E","M"],"items_purchased_type":["Card"],"build_version":"2020-12-22","purchased_purges":2,"victory":false,"max_hp_per_floor":[75,75,75,75,75,75,75,75,75,75,75,75,72,72,72,72,72,72,72,72,72,72,72,72,72,72],"card_choices":[{"not_picked":["Whirlwind","Heavy Blade"],"picked":"Shrug It Off","floor":1.0},{"not_picked":["Heavy Blade","Searing Blow"],"picked":"Flex","floor":2.0},{"not_picked":["Carnage","Perfected Strike","Twin Strike"],"picked":"SKIP","floor":4.0},{"not_picked":["Body Slam","Sword Boomerang"],"picked":"Evolve","floor":5.0},{"not_picked":["Dropkick","Thunderclap"],"picked":"Reaper","floor":6.0},{"not_picked":["Entrench","Whirlwind"],"picked":"Ghostly Armor","floor":8.0},{"not_picked":["Anger","Infernal Blade"],"picked":"Inflame","floor":10.0},{"not_picked":["Rage","Body Slam","Dark Embrace"],"picked":"SKIP","floor":11.0},{"not_picked":["Feed","Reaper"],"picked":"Immolate","floor":16.0},{"not_picked":["Entrench","Dark Embrace","Twin Strike"],"picked":"SKIP","floor":18.0},{"not_picked":["Evolve","Combust","Perfected Strike"],"picked":"SKIP","floor":21.0},{"not_picked":["Clash+1","Feel No Pain","Twin Strike"],"picked":"SKIP","floor":22.0},{"not_picked":["Clothesline+1","Fiend Fire"],"picked":"Headbutt","floor":24}],"player_experience":893796,"relics_obtained":[{"floor":6.0,"key":"Lantern"},{"floor":9.0,"key":"Letter Opener"},{"floor":24,"key":"Blue Candle"}],"event_choices":[{"damage_healed":18.0,"max_hp_gain":0.0,"max_hp_loss":0.0,"gold_gain":0.0,"event_name":"Mushrooms","player_choice":"Healed and dodged fight","floor":12.0,"gold_loss":0.0,"damage_taken":0.0,"cards_obtained":["Parasite"]},{"damage_healed":0.0,"max_hp_gain":0.0,"max_hp_loss":0.0,"gold_gain":0.0,"event_name":"Shining Light","player_choice":"Entered Light","floor":14.0,"gold_loss":0.0,"damage_taken":22.0,"cards_upgraded":["Ghostly Armor","Bash"]},{"damage_healed":0.0,"max_hp_gain":0.0,"max_hp_loss":0.0,"gold_gain":0.0,"event_name":"Back to Basics","player_choice":"Simplicity","floor":19.0,"gold_loss":0.0,"damage_taken":0.0,"cards_upgraded":["Strike_R","Strike_R","Strike_R","Strike_R","Defend_R","Defend_R","Defend_R","Defend_R"]},{"damage_healed":0.0,"max_hp_gain":0.0,"max_hp_loss":0.0,"gold_gain":0.0,"event_name":"Ghosts","player_choice":"Ignored","floor":20.0,"gold_loss":0.0,"damage_taken":0.0}],"is_beta":false,"boss_relics":[{"not_picked":["Pandora\u0027s Box","Snecko Eye"],"picked":"Sozu"}],"items_purged_floors":[3,13],"is_endless":false,"potions_floor_spawned":[1,4,6,11,22,24],"killed_by":"Centurion and Healer","ascension_level":20}}