{"host":"nwd160me4iqdtr8u","time":1614039621,"event":{"mods":["AchievementEnabler","Act Like it!","BaseMod","Colored Map","DeckTracker","Hallownest","Keyboard Shortcuts","Minty Spire (QoL Compilation)","Quick Restart","Rare Cards Sparkle","Smile Girya","StSLib","SuperFastMode","The Bug Knight","everything is the same but u backflip on backflip"],"gold_per_floor":[110,124,144,144,157,20,48,63,90,90,90],"floor_reached":10,"language":"KOR","playtime":478,"items_purged":[],"score":88,"play_id":"5d0b6d6e-4fd1-49e5-8f49-8c76c93becc8","local_time":"20210223092021","is_ascension_mode":true,"campfire_choices":[],"circlet_count":0,"master_deck":["HollowMod:NailStrikeStart","HollowMod:NailStrikeStart","HollowMod:NailStrikeStart","HollowMod:NailStrikeStart","HollowMod:QuickDashStart","HollowMod:QuickDashStart","HollowMod:QuickDashStart","HollowMod:QuickDashStart","HollowMod:FocusHealStart","HollowMod:PogoStrike","HollowMod:InfectedCysts","HollowMod:LifebloodCocoon","HollowMod:NewJinnsSoul","HollowMod:AwokenDreamNail","HollowMod:DreamGate"],"relics":["HollowMod:VesselMask","Turnip","Frozen Egg 2","Toy Ornithopter"],"acts_visited":["Hallownest:Greenpath"],"potions_floor_usage":[],"damage_taken":[{"damage":4.0,"enemies":"Hallownest:monsterHuskGuard","floor":1.0,"turns":4.0},{"damage":0.0,"enemies":"Hallownest:2_Baldur","floor":2.0,"turns":3.0},{"damage":0.0,"enemies":"Hallownest:monsterHuskWarrior","floor":3.0,"turns":5.0},{"damage":2.0,"enemies":"Hallownest:MossCreep_and_Mosskin","floor":5.0,"turns":6.0},{"damage":33.0,"enemies":"Hallownest:eliteCrystalGuardian","floor":7.0,"turns":8.0},{"damage":5.0,"enemies":"Hallownest:monsterMossCharger","floor":8.0,"turns":13.0},{"damage":0,"enemies":"Hallownest:eliteVengeflyKing","floor":10,"turns":1}],"seed_played":"-4081954767188362405","potions_obtained":[{"floor":5.0,"key":"SteroidPotion"},{"floor":8.0,"key":"Weak Potion"}],"is_trial":false,"path_per_floor":["M","M","M","?","M","$","E","M","T","E"],"character_chosen":"THE_BUGKNIGHT","items_purchased":["HollowMod:AwokenDreamNail"],"campfire_rested":0,"item_purchase_floors":[6],"current_hp_per_floor":[68,68,68,59,57,57,24,25,25,25,25],"gold":90,"neow_bonus":"ONE_RARE_RELIC","is_daily":false,"chose_seed":false,"campfire_upgraded":0,"win_rate":0.0,"timestamp":1614039621,"path_taken":["M","?","M","?","M","$","E","M","T","E"],"items_purchased_type":["Card"],"build_version":"2020-12-22","purchased_purges":0,"victory":false,"max_hp_per_floor":[68,68,68,68,68,68,68,68,68,68,68],"card_choices":[{"not_picked":["HollowMod:LifebloodCocoon","HollowMod:SiblingsShadow"],"picked":"HollowMod:InfectedCysts","floor":1.0},{"not_picked":["HollowMod:VengefulVoid","HollowMod:SoulStrike"],"picked":"HollowMod:LifebloodCocoon","floor":2.0},{"not_picked":["HollowMod:ShadowDash","HollowMod:VengefulVoid"],"picked":"HollowMod:NewJinnsSoul","floor":3.0},{"not_picked":["HollowMod:ShadowDash","HollowMod:HowlingWraiths","HollowMod:VengefulVoid"],"picked":"SKIP","floor":5.0},{"not_picked":["HollowMod:SharpenedNail","HollowMod:BlackTendrils"],"picked":"HollowMod:DreamGate","floor":7.0},{"not_picked":["HollowMod:SharpenedNail","HollowMod:InfectedCysts","HollowMod:TaintedHusks"],"picked":"SKIP","floor":8.0}],"player_experience":501272,"relics_obtained":[{"floor":7.0,"key":"Frozen Egg 2"},{"floor":9.0,"key":"Toy Ornithopter"}],"event_choices":[],"is_beta":false,"boss_relics":[],"items_purged_floors":[],"is_endless":false,"potions_floor_spawned":[5,8],"killed_by":"Hallownest:eliteVengeflyKing","ascension_level":6}}