{"host":"7bvt9h5xvpviio59","time":1614081500,"event":{"mods":["BaseMod","Colored Powertips","Conspire","Hubris","Infinite Spire","Minty Spire (QoL Compilation)","Rare Cards Sparkle","Replay The Spire","StSLib"],"gold_per_floor":[119,45,45,60,75,75,125,125,125],"floor_reached":8,"language":"ENG","playtime":189,"items_purged":[],"score":81,"play_id":"72910b41-03f1-4f03-a9ae-5aee18e2ac53","local_time":"20210223195820","is_ascension_mode":true,"campfire_choices":[{"data":"Bash","floor":6,"key":"SMITH"}],"circlet_count":0,"master_deck":["AscendersBane","Strike_R","Strike_R","Strike_R","Strike_R","Strike_R","Defend_R","Defend_R","Defend_R","Defend_R","Bash+1","hubris:Insight","True Grit","ReplayTheSpireMod:Limb From Limb","Decay","ReplayTheSpireMod:Muscle Training"],"relics":["Burning Blood"],"acts_visited":["Exordium"],"potions_floor_usage":[],"damage_taken":[{"damage":8,"enemies":"2 Louse","floor":1,"turns":4},{"damage":12,"enemies":"Cultist","floor":4,"turns":4},{"damage":14,"enemies":"Jaw Worm","floor":5,"turns":4},{"damage":50,"enemies":"Gremlin Nob","floor":8,"turns":4}],"seed_played":"-7671526585190118124","potions_obtained":[{"floor":5,"key":"PowerPotion"}],"is_trial":false,"path_per_floor":["M","$","?","M","M","R","?","E"],"character_chosen":"IRONCLAD","items_purchased":["ReplayTheSpireMod:Limb From Limb"],"campfire_rested":0,"item_purchase_floors":[2],"current_hp_per_floor":[66,66,66,60,52,52,45,0,0],"gold":125,"neow_bonus":"RANDOM_COLORLESS","is_daily":false,"chose_seed":false,"campfire_upgraded":1,"win_rate":0.0,"timestamp":1614081500,"path_taken":["M","$","?","M","?","R","?","E"],"items_purchased_type":["Card"],"build_version":"2020-12-22","purchased_purges":0,"victory":false,"max_hp_per_floor":[75,75,75,75,75,75,75,75,75],"card_choices":[{"not_picked":["ReplayTheSpireMod:Uncanny Aura","Replay:Sssssssssshield"],"picked":"hubris:Insight","floor":0},{"not_picked":["Twin Strike","Headbutt"],"picked":"True Grit","floor":1},{"not_picked":["ReplayTheSpireMod:Corrosion Curse","hubris:ReadiedAction"],"picked":"ReplayTheSpireMod:Muscle Training","floor":4},{"not_picked":["Warcry","Replay:Undeath\u0027s Touch","Iron Wave"],"picked":"SKIP","floor":5}],"player_experience":488936,"relics_obtained":[],"event_choices":[{"damage_healed":0,"gold_gain":0,"player_choice":"Cursed","damage_taken":0,"max_hp_gain":0,"max_hp_loss":0,"event_name":"Wheel of Change","floor":3,"gold_loss":0,"cards_obtained":["Decay"]},{"damage_healed":0,"gold_gain":50,"player_choice":"Touch","damage_taken":7,"max_hp_gain":0,"max_hp_loss":0,"event_name":"FaceTrader","floor":7,"gold_loss":0}],"is_beta":false,"boss_relics":[],"items_purged_floors":[],"is_endless":false,"potions_floor_spawned":[4,5],"killed_by":"Gremlin Nob","ascension_level":15}}