{"host":"597bhbb8x3urrkc4","time":1614116126,"event":{"mods":["Aspiration","Astrologer","Bard","BaseMod","Beaked The Cultist","Better Altar","Better Match","Better Sensory Stone","Better Skull","Better Third Choice","Challenge The Spire","Clockwork Mod","Conspire","DeckTracker","GifTheSpireLib","GungeonMod","Hermit","HexUI Lib","Highlight Path","Hubris","Infinite Spire","Mad Scientist","Minty Spire (QoL Compilation)","Random Character Button","Replay The Spire","Reworked Bosses","Shade Mod","Somnambulant","StSLib","The Blackbeard","The Construct","The Cursed","The Forsaken","The Gatherer","The Hayseed","The Hierophant","The Judge","The Jungle","The Problem Sleuth","The Runesmith","The Servant 0.9.4","The Spell Scribe","The Valiant","TheBandit","TheFirefly","Wandering Minibosses","thorton"],"gold_per_floor":[111,111,111,130,145,177,51,51,51,85,85,119,119,131,131,261,261,276,276,276,21,41,41,55,75,75,75,75],"floor_reached":27,"language":"ENG","playtime":3933,"items_purged":["conspire:GhostlyDefend","hubris:Sloth"],"score":344,"play_id":"0fb898ea-91fc-4529-ac3d-a63d5c8f062b","local_time":"20210223153526","is_ascension_mode":true,"campfire_choices":[{"data":"somnambulantmod: PrimingPunch","floor":8,"key":"SMITH"},{"floor":11,"key":"REST"},{"floor":13,"key":"REST"},{"floor":15,"key":"REST"},{"floor":23,"key":"REST"}],"circlet_count":0,"master_deck":["conspire:GhostlyStrike","conspire:GhostlyStrike","conspire:GhostlyStrike","conspire:GhostlyStrike","conspire:GhostlyDefend+1","conspire:GhostlyDefend+1","conspire:GhostlyDefend","conspire:GhostlyDefend","somnambulantmod: PrimingPunch+1","somnambulantmod: Stumble+1","somnambulantmod: Pinch","somnambulantmod: Lucidity","somnambulantmod: LoseForm","hubris:Lust","ReplayTheSpireMod:Black Plague","somnambulantmod: Unknow","somnambulantmod: Unknow+1"],"relics":["somnambulantmod: DreamJournal","DemoMod:MemoryAlloy","Replay:Wax Seal","Kintsugi","Nloth\u0027s Gift","TheAbacus","aspiration:HummingbirdHeart"],"acts_visited":["Exordium","TheCity"],"potions_floor_usage":[6,18,25,27],"damage_taken":[{"damage":2,"enemies":"Small Slimes","floor":1,"turns":5},{"damage":0,"enemies":"Cultist","floor":4,"turns":3},{"damage":0,"enemies":"Jaw Worm","floor":5,"turns":6},{"damage":10,"enemies":"Lagavulin","floor":6,"turns":7},{"damage":49,"enemies":"Gremlin Nob","floor":10,"turns":4},{"damage":39,"enemies":"3 Sentries","floor":12,"turns":8},{"damage":5,"enemies":"Blue Slaver","floor":14,"turns":4},{"damage":35,"enemies":"Fading Forest","floor":16,"turns":11},{"damage":69,"enemies":"3 Byrds","floor":18,"turns":6},{"damage":9,"enemies":"Shell Parasite","floor":22,"turns":9},{"damage":14,"enemies":"Snake Plant","floor":24,"turns":5},{"damage":20,"enemies":"3 Cultists","floor":25,"turns":5},{"damage":6,"enemies":"Gremlin Leader","floor":27,"turns":4}],"seed_played":"-7897903741441694720","potions_obtained":[{"floor":5,"key":"DemoMod:LeadSkinPotion"},{"floor":10,"key":"Explosive Potion"},{"floor":12,"key":"Dexterity Potion"},{"floor":18,"key":"Languid Potion"}],"is_trial":false,"path_per_floor":["M","?","?","M","M","E","$","R","T","E","R","E","R","M","R","B",null,"M","?","?","$","M","R","M","M","T","E"],"character_chosen":"THE_SOMNAMBULANT","items_purchased":["somnambulantmod: Bruise","TheAbacus"],"campfire_rested":4,"item_purchase_floors":[7,21],"current_hp_per_floor":[75,75,75,75,75,65,65,65,65,16,41,2,27,22,48,23,83,44,23,23,23,14,40,26,6,6,0,0],"gold":75,"neow_bonus":"TEN_PERCENT_HP_BONUS","is_daily":false,"chose_seed":false,"campfire_upgraded":1,"win_rate":0.0,"timestamp":1614116126,"path_taken":["M","?","?","M","M","E","$","R","T","E","R","E","R","M","R","BOSS","M","?","?","$","M","R","M","?","T","E"],"items_purchased_type":["Card","Relic"],"build_version":"2020-12-22","purchased_purges":2,"victory":false,"max_hp_per_floor":[77,77,77,77,77,77,77,77,77,77,79,79,81,81,83,83,83,83,83,83,83,83,85,85,85,85,85,85],"card_choices":[{"not_picked":["somnambulantmod: PillowFort","somnambulantmod: TrepanningBlow"],"picked":"somnambulantmod: Stumble","floor":1},{"not_picked":["somnambulantmod: PourItOut","somnambulantmod: Bloom"],"picked":"somnambulantmod: Extract","floor":4},{"not_picked":["somnambulantmod: Damping","somnambulantmod: Cower"],"picked":"somnambulantmod: Pinch","floor":5},{"not_picked":["somnambulantmod: Overshare","somnambulantmod: NightmareFuel"],"picked":"somnambulantmod: SleepParalysis","floor":6},{"not_picked":["somnambulantmod: Harden","somnambulantmod: Nosebleed"],"picked":"somnambulantmod: Lucidity","floor":10},{"not_picked":["somnambulantmod: HeadSmack","somnambulantmod: Relive"],"picked":"somnambulantmod: LostMind","floor":12},{"not_picked":["somnambulantmod: HeadSmack","somnambulantmod: ShowerThought","somnambulantmod: Stimulus"],"picked":"SKIP","floor":14},{"not_picked":["somnambulantmod: NewDawn","somnambulantmod: Ignorance"],"picked":"somnambulantmod: LoseForm","floor":16},{"not_picked":["somnambulantmod: Wake","somnambulantmod: Bruise","somnambulantmod: Overshare"],"picked":"SKIP","floor":18},{"not_picked":["infinitespire:FinalStrike","infinitespire:Gouge"],"picked":"ReplayTheSpireMod:Black Plague","floor":19},{"not_picked":["somnambulantmod: LeechFears","somnambulantmod: RecurringDream"],"picked":"somnambulantmod: Unknow","floor":22},{"not_picked":["somnambulantmod: Nosebleed","somnambulantmod: SickeningSwathe","somnambulantmod: Unmake"],"picked":"SKIP","floor":24},{"not_picked":["somnambulantmod: SickeningSwathe+1","somnambulantmod: DarkeningMind"],"picked":"somnambulantmod: Unknow+1","floor":25}],"player_experience":1025901,"relics_obtained":[{"floor":6,"key":"DemoMod:MemoryAlloy"},{"floor":10,"key":"Replay:Wax Seal"},{"floor":12,"key":"ReplayTheSpireMod:Lightbulb"},{"floor":26,"key":"aspiration:HummingbirdHeart"}],"event_choices":[{"damage_healed":0,"gold_gain":0,"player_choice":"Agree","damage_taken":0,"max_hp_gain":0,"max_hp_loss":0,"event_name":"conspire:LoneGhost","floor":3,"gold_loss":0},{"damage_healed":0,"gold_gain":0,"player_choice":"Traded Relic","damage_taken":0,"relics_obtained":["Nloth\u0027s Gift"],"max_hp_gain":0,"max_hp_loss":0,"event_name":"N\u0027loth","floor":20,"relics_lost":["ReplayTheSpireMod:Lightbulb"],"gold_loss":0}],"is_beta":false,"boss_relics":[{"not_picked":["hubris:RunicObelisk","Replay:Drink Me"],"picked":"Kintsugi"}],"items_purged_floors":[7,21],"is_endless":false,"potions_floor_spawned":[5,10,12,18],"killed_by":"Gremlin Leader","ascension_level":1}}