{"host":"e7lukfaxcy5kn7np","time":1614097394,"event":{"mods":["Act Like it!","BaseMod","Bestiary","Colored Map","Colored Powertips","Curses Come First","Downfall","Minty Spire (QoL Compilation)","Reliquary","Ruina","StSLib"],"gold_per_floor":[99,109,109,109,139,166,166,166,186,199,213,213,229,259,272,272,272,272],"floor_reached":16,"language":"ENG","playtime":508,"items_purged":[],"score":118,"play_id":"2408a4b6-9cae-47d9-a6e1-bcf05e5009ae","local_time":"20210223172314","is_ascension_mode":true,"campfire_choices":[{"data":"bronze:Replicate","floor":1,"key":"SMITH"},{"floor":12,"key":"REST"}],"circlet_count":0,"master_deck":["bronze:Strike","bronze:Defend","bronze:Defend","bronze:Defend","bronze:Replicate+1","bronze:Goto","bronze:Invalidate+1","bronze:InfiniteBeams+1","bronze:BitShift","bronze:FineTuning"],"relics":["Astrolabe","downfall:BrokenWingStatue","Bag of Marbles","reliquary:TridentHead","Anchor","Smiling Mask"],"acts_visited":["Exordium"],"potions_floor_usage":[14,16,16],"damage_taken":[{"damage":12,"enemies":"Small Slimes","floor":2,"turns":5},{"damage":21,"enemies":"Lagavulin","floor":6,"turns":6},{"damage":0,"enemies":"2 Louse","floor":9,"turns":3},{"damage":0,"enemies":"Jaw Worm","floor":10,"turns":3},{"damage":2,"enemies":"downfall:LooterAlt","floor":11,"turns":4},{"damage":17,"enemies":"Exordium Thugs","floor":13,"turns":5},{"damage":24,"enemies":"Gremlin Nob","floor":14,"turns":4},{"damage":8,"enemies":"Red Slaver","floor":15,"turns":4},{"damage":15,"enemies":"IC_STATUS_ARCHETYPE","floor":16,"turns":2}],"seed_played":"1623863187995939278","potions_obtained":[{"floor":2,"key":"ColorlessPotion"},{"floor":9,"key":"LiquidMemories"},{"floor":10,"key":"BlessingOfTheForge"}],"is_trial":false,"path_per_floor":["R","M","?","?","?","E","T","?","M","M","M","R","M","E","M","B"],"character_chosen":"THE_AUTOMATON","items_purchased":[],"campfire_rested":1,"item_purchase_floors":[],"current_hp_per_floor":[70,58,58,58,58,37,37,37,37,37,35,56,39,15,7,0,0,0],"gold":272,"neow_bonus":"BOSS_RELIC","is_daily":false,"chose_seed":false,"campfire_upgraded":1,"win_rate":0.0,"timestamp":1614097394,"path_taken":["R","M","?","?","?","E","T","?","M","?","M","R","M","E","M","BOSS"],"items_purchased_type":[],"build_version":"2020-12-22","purchased_purges":0,"victory":false,"max_hp_per_floor":[70,70,70,70,70,70,70,70,70,70,70,70,70,70,70,70,70,70],"card_choices":[{"not_picked":["bronze:ForceShield","bronze:Overheat","bronze:Frontload"],"picked":"SKIP","floor":2},{"not_picked":["bronze:Refactor","bronze:Terminator","bronze:CutThrough"],"picked":"SKIP","floor":6},{"not_picked":["bronze:Allocate","bronze:Frontload"],"picked":"bronze:BitShift","floor":9},{"not_picked":["bronze:Separator","bronze:Repair","bronze:Iterate"],"picked":"SKIP","floor":10},{"not_picked":["bronze:WhirlingStrike","bronze:Separator","bronze:Mutator"],"picked":"SKIP","floor":11},{"not_picked":["bronze:DarkDash","bronze:Backtrace"],"picked":"bronze:FineTuning","floor":13},{"not_picked":["bronze:Deprecate","bronze:Repulsor","bronze:NullPointer"],"picked":"SKIP","floor":14},{"not_picked":["bronze:Frontload","bronze:Invalidate","bronze:Separator"],"picked":"SKIP","floor":15}],"player_experience":465104,"relics_obtained":[{"floor":6,"key":"reliquary:TridentHead"},{"floor":7,"key":"Anchor"},{"floor":14,"key":"Smiling Mask"}],"event_choices":[{"cards_removed":["bronze:CutThrough"],"damage_healed":0,"gold_gain":0,"player_choice":"Card Removal","damage_taken":0,"max_hp_gain":0,"max_hp_loss":0,"event_name":"The Cleric","floor":3,"gold_loss":0}],"is_beta":false,"boss_relics":[],"items_purged_floors":[],"is_endless":false,"potions_floor_spawned":[2,9,10,13],"killed_by":"IC_STATUS_ARCHETYPE","ascension_level":1}}