{"host":"pi8b3ffzwvxqztac","time":1614068198,"event":{"mods":["BaseMod","Colored Map","Custom Start","Downfall","Minty Spire (QoL Compilation)","StSLib"],"gold_per_floor":[215,215,235,252,272,272,291,291,291,324,324,344,40,53,53,154,154,165,165,90,102,102,102],"floor_reached":22,"language":"ENG","playtime":1707,"items_purged":["Decay"],"score":288,"play_id":"f7e66c83-9e18-4f76-b6a9-55e09f7e1e07","local_time":"20210223211638","is_ascension_mode":true,"campfire_choices":[{"data":"Neutralize","floor":6.0,"key":"SMITH"},{"floor":8.0,"key":"REST"},{"data":"Dodge and Roll","floor":11.0,"key":"SMITH"},{"data":"Setup","floor":15,"key":"SMITH"}],"circlet_count":0,"master_deck":["Strike_G","Strike_G","Strike_G","Strike_G","Strike_G","Defend_G","Defend_G","Defend_G","Defend_G","Defend_G","Survivor","Neutralize+1","Tactician","Dagger Throw","Dodge and Roll+1","Acrobatics","Blur","Cloak And Dagger","Infinite Blades","Setup+1","Corpse Explosion","Reflex+1"],"relics":["Ring of the Snake","champ:DeflectingBracers","Matryoshka","Lee\u0027s Waffle","sneckomod:SneckoTalon"],"acts_visited":["Exordium","TheCity"],"potions_floor_usage":[16,16,21],"damage_taken":[{"damage":1.0,"enemies":"Jaw Worm","floor":1.0,"turns":5.0},{"damage":15.0,"enemies":"Cultist","floor":3.0,"turns":6.0},{"damage":0.0,"enemies":"2 Louse","floor":4.0,"turns":2.0},{"damage":4.0,"enemies":"Blue Slaver","floor":5.0,"turns":4.0},{"damage":7.0,"enemies":"3 Louse","floor":7.0,"turns":6.0},{"damage":29.0,"enemies":"3 Sentries","floor":10.0,"turns":14.0},{"damage":12.0,"enemies":"Large Slime","floor":12.0,"turns":9.0},{"damage":9,"enemies":"Gremlin Gang","floor":14,"turns":6},{"damage":13,"enemies":"Hexaghost","floor":16,"turns":11},{"damage":4,"enemies":"3 Byrds","floor":18,"turns":5},{"damage":16,"enemies":"2 Thieves","floor":20,"turns":5},{"damage":32,"enemies":"Shelled Parasite and Fungi","floor":21,"turns":9},{"damage":18,"enemies":"Snecko","floor":22,"turns":7}],"seed_played":"-273831188998994970","potions_obtained":[{"floor":4.0,"key":"bronze:BurnAndBuffPotion"},{"floor":10.0,"key":"DuplicationPotion"},{"floor":12.0,"key":"BlessingOfTheForge"},{"floor":14,"key":"bronze:BurnAndBuffPotion"}],"is_trial":false,"path_per_floor":["M","?","M","M","M","R","M","R","T","E","R","M","$","M","R","B",null,"M","?","M","M","M"],"character_chosen":"THE_SILENT","items_purchased":["Infinite Blades","Lee\u0027s Waffle"],"campfire_rested":1,"item_purchase_floors":[13,13],"current_hp_per_floor":[62,62,47,47,43,43,36,57,57,28,28,16,77,68,68,55,72,68,54,38,6,0,0],"gold":102,"neow_bonus":"HUNDRED_GOLD","is_daily":false,"chose_seed":false,"campfire_upgraded":3,"win_rate":0.0,"timestamp":1614068198,"path_taken":["M","?","?","M","M","R","M","R","T","E","R","M","$","M","R","BOSS","M","?","M","M","M"],"items_purchased_type":["Card","Relic"],"build_version":"2020-12-22","purchased_purges":1,"victory":false,"max_hp_per_floor":[70,70,70,70,70,70,70,70,70,70,70,70,77,77,77,77,77,77,82,82,82,82,82],"card_choices":[{"not_picked":["Sucker Punch","Concentrate"],"picked":"Tactician","floor":1.0},{"not_picked":["Sucker Punch","Skewer"],"picked":"Dagger Throw","floor":3.0},{"not_picked":["Tactician","Blade Dance"],"picked":"Dodge and Roll","floor":4.0},{"not_picked":["Dagger Spray","Slice"],"picked":"Acrobatics","floor":5.0},{"not_picked":["Cloak And Dagger","PiercingWail"],"picked":"Blur","floor":7.0},{"not_picked":["Dagger Throw","Night Terror"],"picked":"Cloak And Dagger","floor":10.0},{"not_picked":["Quick Slash","Outmaneuver","Acrobatics"],"picked":"SKIP","floor":12.0},{"not_picked":["Prepared","Predator"],"picked":"Setup","floor":14},{"not_picked":["Phantasmal Killer","Unload"],"picked":"Corpse Explosion","floor":16},{"not_picked":["Heel Hook","All Out Attack","PiercingWail"],"picked":"SKIP","floor":18},{"not_picked":["Acrobatics","Slice","Outmaneuver"],"picked":"SKIP","floor":20},{"not_picked":["Blade Dance","Calculated Gamble"],"picked":"Reflex+1","floor":21}],"player_experience":825084,"relics_obtained":[{"floor":9.0,"key":"champ:DeflectingBracers"},{"floor":10.0,"key":"Matryoshka"}],"event_choices":[{"damage_healed":0.0,"max_hp_gain":0.0,"max_hp_loss":0.0,"gold_gain":0.0,"event_name":"Wheel of Change","player_choice":"Cursed","floor":2.0,"gold_loss":0.0,"damage_taken":0.0,"cards_obtained":["Decay"]},{"damage_healed":0,"gold_gain":0,"player_choice":"Shed Blood","damage_taken":19,"max_hp_gain":5,"max_hp_loss":0,"event_name":"Forgotten Altar","floor":19,"gold_loss":0}],"is_beta":false,"boss_relics":[{"not_picked":["Snecko Eye","Pandora\u0027s Box"],"picked":"sneckomod:SneckoTalon"}],"items_purged_floors":[13],"is_endless":false,"potions_floor_spawned":[4,10,12,14],"killed_by":"Snecko","ascension_level":7}}