{"host":"dw8189mw8rzr4e13","time":1614098107,"event":{"mods":["Act Like it!","BaseMod","Better Vampires","Colored Powertips","Minty Spire (QoL Compilation)","Rare Cards Sparkle","StSLib"],"gold_per_floor":[118,137,60,60,80,107,107,121,121,141,154,167,92,121,121,121,121],"floor_reached":16,"language":"ZHS","playtime":723,"items_purged":["Strike_G"],"score":148,"play_id":"b882156c-e0d6-44f1-bdb5-55c98a55650f","local_time":"20210224003507","is_ascension_mode":true,"campfire_choices":[{"data":"Leg Sweep","floor":7.0,"key":"SMITH"},{"data":"Eviscerate","floor":15.0,"key":"SMITH"}],"circlet_count":0,"master_deck":["Strike_G","Strike_G","Strike_G","Strike_G","Defend_G","Defend_G","Defend_G","Defend_G","Defend_G","Survivor","Neutralize","Leg Sweep+1","Bouncing Flask","Skewer","Crippling Poison","Eviscerate+1"],"relics":["Snecko Eye","Ancient Tea Set","PreservedInsect","Gremlin Horn"],"acts_visited":["Exordium"],"potions_floor_usage":[16,16,16,16],"damage_taken":[{"damage":8.0,"enemies":"Cultist","floor":1.0,"turns":6.0},{"damage":0.0,"enemies":"2 Louse","floor":2.0,"turns":3.0},{"damage":5.0,"enemies":"Small Slimes","floor":5.0,"turns":3.0},{"damage":27.0,"enemies":"3 Sentries","floor":6.0,"turns":14.0},{"damage":9.0,"enemies":"Exordium Wildlife","floor":8.0,"turns":5.0},{"damage":0.0,"enemies":"Looter","floor":10.0,"turns":5.0},{"damage":0.0,"enemies":"2 Fungi Beasts","floor":11.0,"turns":3.0},{"damage":1.0,"enemies":"3 Louse","floor":12.0,"turns":4.0},{"damage":1.0,"enemies":"Gremlin Nob","floor":14.0,"turns":3.0},{"damage":12,"enemies":"Slime Boss","floor":16,"turns":4}],"seed_played":"715982064761793983","potions_obtained":[{"floor":1.0,"key":"PowerPotion"},{"floor":2.0,"key":"SmokeBomb"},{"floor":5.0,"key":"Fire Potion"},{"floor":8.0,"key":"EntropicBrew"}],"is_trial":false,"path_per_floor":["M","M","$","?","M","E","R","M","T","M","M","M","$","E","R","B"],"character_chosen":"THE_SILENT","items_purchased":["Bouncing Flask"],"campfire_rested":0,"item_purchase_floors":[3],"current_hp_per_floor":[55,55,55,55,50,23,23,14,14,14,14,13,13,12,12,0,0],"gold":121,"neow_bonus":"BOSS_RELIC","is_daily":false,"chose_seed":false,"campfire_upgraded":2,"win_rate":0.0,"timestamp":1614098107,"path_taken":["M","M","$","?","M","E","R","M","T","M","M","M","$","E","R","BOSS"],"items_purchased_type":["Card"],"build_version":"2020-12-22","purchased_purges":1,"victory":false,"max_hp_per_floor":[70,70,70,70,70,70,70,70,70,70,70,70,70,70,70,70,70],"card_choices":[{"not_picked":["Endless Agony","Dagger Spray"],"picked":"Leg Sweep","floor":1.0},{"not_picked":["Expertise","Deadly Poison","Cloak And Dagger"],"picked":"SKIP","floor":2.0},{"not_picked":["Wraith Form v2","Quick Slash","Concentrate"],"picked":"SKIP","floor":5.0},{"not_picked":["Distraction","PiercingWail","Quick Slash"],"picked":"SKIP","floor":6.0},{"not_picked":["Sucker Punch","Poisoned Stab","Distraction"],"picked":"SKIP","floor":8.0},{"not_picked":["Dagger Throw","Deadly Poison"],"picked":"Skewer","floor":10.0},{"not_picked":["Sucker Punch","Finisher","Flying Knee"],"picked":"SKIP","floor":11.0},{"not_picked":["Dagger Spray","Underhanded Strike"],"picked":"Crippling Poison","floor":12.0},{"not_picked":["Predator","Deflect"],"picked":"Eviscerate","floor":14.0}],"player_experience":600139,"relics_obtained":[{"floor":6.0,"key":"Ancient Tea Set"},{"floor":9.0,"key":"PreservedInsect"},{"floor":14.0,"key":"Gremlin Horn"}],"event_choices":[{"damage_healed":0.0,"max_hp_gain":0.0,"max_hp_loss":0.0,"gold_gain":0.0,"event_name":"Liars Game","player_choice":"Ignored","floor":4.0,"gold_loss":0.0,"damage_taken":0.0}],"is_beta":false,"boss_relics":[],"items_purged_floors":[13],"is_endless":false,"potions_floor_spawned":[1,2,5,8],"killed_by":"Slime Boss","ascension_level":6}}