{"host":"4i5my69dv6e41930","time":1614054118,"event":{"mods":["AchievementEnabler","BaseMod","Minty Spire (QoL Compilation)","Relic Stats"],"gold_per_floor":[219,294,312,312,328,328,345,371,371,396,183,183,194,209,209,209,209],"floor_reached":16,"language":"ENG","playtime":816,"items_purged":["Strike_R"],"score":202,"play_id":"24ba7a60-5145-4943-9844-250bc753344a","local_time":"20210222232158","is_ascension_mode":true,"campfire_choices":[{"data":"Bash","floor":6,"key":"SMITH"},{"data":"Metallicize","floor":12,"key":"SMITH"},{"floor":15,"key":"RECALL"}],"circlet_count":0,"master_deck":["AscendersBane","Strike_R","Strike_R","Strike_R","Strike_R","Defend_R","Defend_R","Defend_R","Defend_R","Bash+1","Clothesline","Shockwave","Disarm","Fiend Fire","Cleave","Disarm","Metallicize+1","Inflame"],"relics":["Burning Blood","Bag of Preparation","Bottled Lightning","HornCleat"],"acts_visited":["Exordium"],"potions_floor_usage":[],"damage_taken":[{"damage":14,"enemies":"Small Slimes","floor":1,"turns":4},{"damage":2,"enemies":"2 Louse","floor":3,"turns":3},{"damage":4,"enemies":"Jaw Worm","floor":5,"turns":5},{"damage":7,"enemies":"Exordium Wildlife","floor":7,"turns":5},{"damage":25,"enemies":"Gremlin Nob","floor":8,"turns":5},{"damage":16,"enemies":"Lagavulin","floor":10,"turns":7},{"damage":7,"enemies":"Large Slime","floor":13,"turns":6},{"damage":5,"enemies":"Blue Slaver","floor":14,"turns":6},{"damage":0,"enemies":"Slime Boss","floor":16,"turns":1}],"seed_played":"-2150679792003031217","potions_obtained":[{"floor":5,"key":"AttackPotion"},{"floor":7,"key":"Ancient Potion"}],"is_trial":false,"path_per_floor":["M","?","M","?","M","R","M","E","T","E","$","R","M","M","R","B"],"character_chosen":"IRONCLAD","items_purchased":["Metallicize","Explosive Potion"],"campfire_rested":0,"item_purchase_floors":[11,11],"current_hp_per_floor":[60,49,53,58,60,60,59,40,40,30,30,30,29,30,30,30,30],"gold":209,"neow_bonus":"HUNDRED_GOLD","is_daily":false,"chose_seed":false,"campfire_upgraded":2,"win_rate":0.0,"timestamp":1614054118,"path_taken":["M","?","M","?","M","R","M","E","T","E","$","R","M","M","R","BOSS"],"items_purchased_type":["Card","Potion"],"build_version":"2020-12-22","purchased_purges":1,"victory":false,"max_hp_per_floor":[75,75,75,80,80,80,80,80,80,80,80,80,80,80,80,80,80],"relic_stats":{"counters":[9,41],"Bag of Preparation":[6],"obtain_stats":[{"HornCleat":10,"Bag of Preparation":8,"Bottled Lightning":9,"Burning Blood":0},{"HornCleat":6,"Bag of Preparation":5,"Bottled Lightning":5,"Burning Blood":0},{"HornCleat":29,"Bag of Preparation":22,"Bottled Lightning":22,"Burning Blood":0}],"Burning Blood":48},"card_choices":[{"not_picked":["Sword Boomerang","True Grit"],"picked":"Clothesline","floor":1},{"not_picked":["Armaments","Body Slam"],"picked":"Shockwave","floor":3},{"not_picked":["Clash","Ghostly Armor"],"picked":"Disarm","floor":5},{"not_picked":["Sever Soul","Pommel Strike"],"picked":"Fiend Fire","floor":7},{"not_picked":["Sword Boomerang","True Grit"],"picked":"Cleave","floor":8},{"not_picked":["Clothesline","Perfected Strike"],"picked":"Disarm","floor":10},{"not_picked":["Iron Wave","Uppercut","Armaments"],"picked":"SKIP","floor":13},{"not_picked":["Thunderclap","Dropkick"],"picked":"Inflame","floor":14}],"player_experience":117198,"relics_obtained":[{"floor":8,"key":"Bag of Preparation"},{"floor":9,"key":"Bottled Lightning"},{"floor":10,"key":"HornCleat"}],"event_choices":[{"damage_healed":0,"gold_gain":75,"player_choice":"Gather Gold","damage_taken":11,"max_hp_gain":0,"max_hp_loss":0,"event_name":"World of Goop","floor":2,"gold_loss":0},{"damage_healed":0,"gold_gain":0,"player_choice":"Donut","damage_taken":0,"max_hp_gain":5,"max_hp_loss":0,"event_name":"Big Fish","floor":4,"gold_loss":0}],"is_beta":false,"boss_relics":[],"items_purged_floors":[11],"is_endless":false,"potions_floor_spawned":[5,7,13],"killed_by":"Slime Boss","ascension_level":16}}