{"host":"insagfzijja1377g","time":1614041560,"event":{"mods":["BaseMod","Bestiary","Highlight Path","Minty Spire (QoL Compilation)","Relic Stats","Slay the Relics Exporter"],"gold_per_floor":[359,371,389,389,564,564,590,590,615,79,113,126,126,152,152,251,251,266,266,80,80,80,80,98,123,149,179,179,196,215,249,249,344,344,361,371,422,114,0,26,56,83,83,115,127,139,170,182,194,206,218,230,96,131,131],"floor_reached":56,"language":"ENG","playtime":2872,"items_purged":["Doubt","Strike_P","Defend_P"],"score":1665,"play_id":"c09511ea-6676-497e-8cd4-6f19e7e15646","local_time":"20210222185240","is_ascension_mode":true,"campfire_choices":[{"data":"Eruption","floor":6.0,"key":"SMITH"},{"data":"FollowUp","floor":8.0,"key":"SMITH"},{"data":"TalkToTheHand","floor":13,"key":"SMITH"},{"data":"Tantrum","floor":15,"key":"SMITH"},{"data":"WindmillStrike","floor":23,"key":"SMITH"},{"data":"BowlingBash","floor":32,"key":"SMITH"},{"floor":46,"key":"RECALL"},{"data":"LikeWater","floor":49,"key":"SMITH"},{"data":"Scrawl","floor":52,"key":"SMITH"}],"circlet_count":0,"master_deck":["Strike_P+1","Eruption+1","Vigilance","SignatureMove","CarveReality+1","FollowUp+1","Protect","TalkToTheHand+1","Tantrum+1","Consecrate","Adaptation","FlurryOfBlows","Vault","DeceiveReality+1","Necronomicurse","Indignation","WindmillStrike+1","InnerPeace","ThirdEye+1","BowlingBash+1","ClearTheMind","Study+1","Halt+1","Scrawl+1","FearNoEvil+1","MasterReality+1","Sanctity+1","CutThroughFate+1","EmptyBody+1","LikeWater+1","Adaptation","DeceiveReality+1","FlurryOfBlows+1","TalkToTheHand+1","Halt+1","SashWhip+1","ThirdEye+1","TalkToTheHand+1"],"relics":["PureWater","Odd Mushroom","Whetstone","FossilizedHelix","Bag of Marbles","Toy Ornithopter","Philosopher\u0027s Stone","Necronomicon","Orichalcum","Vajra","Pear","Ornamental Fan","Gambling Chip","Astrolabe","WingedGreaves","Medical Kit","Red Mask","War Paint","Nunchaku","MealTicket","Singing Bowl","MawBank","Orrery","GoldenEye"],"acts_visited":["Exordium","TheCity","TheBeyond","TheEnding"],"potions_floor_usage":[16,16,25,31,41,55,55],"damage_taken":[{"damage":0.0,"enemies":"2 Louse","floor":1.0,"turns":2.0},{"damage":4.0,"enemies":"Jaw Worm","floor":2.0,"turns":4.0},{"damage":0.0,"enemies":"Cultist","floor":3.0,"turns":2.0},{"damage":5.0,"enemies":"The Mushroom Lair","floor":7.0,"turns":3.0},{"damage":0,"enemies":"Gremlin Nob","floor":11,"turns":2},{"damage":0,"enemies":"Exordium Wildlife","floor":12,"turns":2},{"damage":0,"enemies":"3 Sentries","floor":14,"turns":4},{"damage":45,"enemies":"Hexaghost","floor":16,"turns":4},{"damage":0,"enemies":"Shell Parasite","floor":18,"turns":2},{"damage":0,"enemies":"Chosen","floor":24,"turns":2},{"damage":0,"enemies":"Gremlin Leader","floor":25,"turns":3},{"damage":23,"enemies":"Book of Stabbing","floor":27,"turns":5},{"damage":8,"enemies":"Snake Plant","floor":29,"turns":3},{"damage":0,"enemies":"Centurion and Healer","floor":30,"turns":2},{"damage":0,"enemies":"Gremlin Leader","floor":31,"turns":4},{"damage":25,"enemies":"Collector","floor":33,"turns":5},{"damage":0,"enemies":"3 Shapes","floor":35,"turns":2},{"damage":0,"enemies":"Orb Walker","floor":36,"turns":2},{"damage":0,"enemies":"2 Orb Walkers","floor":37,"turns":3},{"damage":0,"enemies":"Giant Head","floor":40,"turns":4},{"damage":0,"enemies":"Nemesis","floor":41,"turns":2},{"damage":0,"enemies":"Giant Head","floor":42,"turns":5},{"damage":0,"enemies":"Reptomancer","floor":44,"turns":4},{"damage":0,"enemies":"Jaw Worm Horde","floor":47,"turns":2},{"damage":15,"enemies":"Time Eater","floor":50,"turns":8},{"damage":0,"enemies":"Shield and Spear","floor":54,"turns":5},{"damage":54,"enemies":"The Heart","floor":55,"turns":10}],"seed_played":"5431044067457917545","potions_obtained":[{"floor":2.0,"key":"AttackPotion"},{"floor":3.0,"key":"Strength Potion"},{"floor":7.0,"key":"Weak Potion"},{"floor":18,"key":"BottledMiracle"},{"floor":29,"key":"SneckoOil"},{"floor":30,"key":"Fruit Juice"},{"floor":37,"key":"Regen Potion"},{"floor":41,"key":"Explosive Potion"},{"floor":54,"key":"BottledMiracle"}],"is_trial":false,"path_per_floor":["M","M","M","?","?","R","?","R","T","$","E","M","R","E","R","B",null,"M","?","$","?","?","R","M","E","T","E","T","M","M","E","R","B",null,"M","M","?","$","?","E","E","E","T","E","?","R","M","?","R","B",null,"R","$","E","B",null],"character_chosen":"WATCHER","items_purchased":["TalkToTheHand","Tantrum","FossilizedHelix","Indignation","Swift Potion","Medical Kit","LikeWater","Orrery"],"campfire_rested":0,"item_purchase_floors":[10,10,10,20,20,38,38,53],"current_hp_per_floor":[72,68,68,68,68,68,63,63,63,63,63,63,63,63,63,27,72,72,56,56,56,56,56,56,61,61,48,48,40,40,45,45,20,82,82,82,82,82,82,82,87,87,87,89,89,89,91,91,91,76,91,91,95,95,63],"gold":131,"neow_bonus":"TWO_FIFTY_GOLD","is_daily":false,"chose_seed":false,"campfire_upgraded":8,"win_rate":0.0,"timestamp":1614041560,"path_taken":["M","M","M","?","?","R","?","R","T","$","E","M","R","E","R","BOSS","M","?","$","?","?","R","M","E","T","E","?","?","M","E","R","BOSS","M","M","?","$","?","E","E","E","T","E","?","R","M","?","R","BOSS","R","$","E","BOSS"],"items_purchased_type":["Card","Card","Relic","Card","Potion","Relic","Card","Relic"],"build_version":"2020-12-22","purchased_purges":3,"victory":true,"max_hp_per_floor":[72,72,72,72,72,72,72,72,72,72,72,72,72,72,72,72,72,72,72,72,72,72,72,72,72,72,82,82,82,82,82,82,82,82,82,82,82,82,82,82,87,87,87,89,89,89,91,91,91,91,91,91,95,95,95],"relic_stats":{"Singing Bowl":8,"counters":[27,96],"Astrolabe":["FearNoEvil","MasterReality","Sanctity"],"Whetstone":["CarveReality","Strike_P"],"Orichalcum":[42],"War Paint":["ThirdEye","DeceiveReality"],"Medical Kit":[0],"MawBank":108,"GoldenEye":[6],"Nunchaku":[10],"Ornamental Fan":[176],"Gambling Chip":[38],"MealTicket":0,"Necronomicon":[15],"obtain_stats":[{"Pear":27,"Singing Bowl":43,"Astrolabe":34,"Vajra":25,"Whetstone":9,"Odd Mushroom":7,"Orichalcum":21,"War Paint":40,"Medical Kit":38,"MawBank":44,"GoldenEye":54,"Nunchaku":41,"Ornamental Fan":28,"Gambling Chip":31,"Orrery":53,"Philosopher\u0027s Stone":17,"MealTicket":42,"WingedGreaves":37,"Bag of Marbles":11,"Necronomicon":19,"Red Mask":39,"PureWater":0,"FossilizedHelix":10,"Toy Ornithopter":14},{"Pear":12,"Singing Bowl":22,"Astrolabe":16,"Vajra":11,"Whetstone":4,"Odd Mushroom":4,"Orichalcum":9,"War Paint":20,"Medical Kit":19,"MawBank":23,"GoldenEye":26,"Nunchaku":21,"Ornamental Fan":12,"Gambling Chip":15,"Orrery":25,"Philosopher\u0027s Stone":8,"MealTicket":22,"WingedGreaves":19,"Bag of Marbles":5,"Necronomicon":9,"Red Mask":19,"PureWater":0,"FossilizedHelix":4,"Toy Ornithopter":7},{"Pear":35,"Singing Bowl":67,"Astrolabe":49,"Vajra":30,"Whetstone":11,"Odd Mushroom":11,"Orichalcum":25,"War Paint":60,"Medical Kit":56,"MawBank":71,"GoldenEye":86,"Nunchaku":62,"Ornamental Fan":35,"Gambling Chip":44,"Orrery":81,"Philosopher\u0027s Stone":23,"MealTicket":67,"WingedGreaves":56,"Bag of Marbles":13,"Necronomicon":25,"Red Mask":56,"PureWater":0,"FossilizedHelix":11,"Toy Ornithopter":19}],"Toy Ornithopter":29},"card_choices":[{"not_picked":["Halt","Fasting2"],"picked":"SignatureMove","floor":1.0},{"not_picked":["ClearTheMind","DeceiveReality"],"picked":"CarveReality","floor":2.0},{"not_picked":["DeceiveReality","Halt"],"picked":"FollowUp","floor":3.0},{"not_picked":["Conclude","SashWhip"],"picked":"Protect","floor":7.0},{"not_picked":["CrushJoints","Tantrum"],"picked":"Consecrate","floor":11},{"not_picked":["BowlingBash","CrushJoints"],"picked":"Adaptation","floor":12},{"not_picked":["Ragnarok","Evaluate"],"picked":"FlurryOfBlows","floor":14},{"not_picked":["Ragnarok","Omniscience"],"picked":"Vault","floor":16},{"not_picked":["Tantrum","SashWhip"],"picked":"DeceiveReality","floor":18},{"not_picked":["CrushJoints","JustLucky+1","ThirdEye"],"picked":"SKIP","floor":24},{"not_picked":["CrushJoints","JustLucky+1"],"picked":"ThirdEye","floor":24},{"not_picked":["Meditate","CarveReality"],"picked":"BowlingBash","floor":25},{"not_picked":["Protect+1","Ragnarok"],"picked":"ClearTheMind","floor":27},{"not_picked":["CrushJoints","Evaluate"],"picked":"Study+1","floor":29},{"not_picked":["FollowUp","PathToVictory"],"picked":"CutThroughFate","floor":30},{"not_picked":["Vengeance+1","Indignation"],"picked":"Halt+1","floor":31},{"not_picked":["DeusExMachina","Judgement"],"picked":"Scrawl","floor":33},{"not_picked":["Prostrate+1","SandsOfTime","ClearTheMind"],"picked":"SKIP","floor":35},{"not_picked":["WaveOfTheHand","CrushJoints"],"picked":"CutThroughFate+1","floor":36},{"not_picked":["Sanctity","FearNoEvil+1"],"picked":"EmptyBody+1","floor":37},{"not_picked":["SashWhip+1","Vengeance+1"],"picked":"Adaptation","floor":40},{"not_picked":["Meditate","ThirdEye+1"],"picked":"DeceiveReality+1","floor":41},{"not_picked":["Devotion","PathToVictory"],"picked":"FlurryOfBlows+1","floor":42},{"not_picked":["FlurryOfBlows","Weave","Halt"],"picked":"Singing Bowl","floor":44},{"not_picked":["CarveReality+1","FollowUp","EmptyFist+1"],"picked":"Singing Bowl","floor":47},{"not_picked":["BattleHymn+1","ClearTheMind"],"picked":"Halt+1","floor":53},{"not_picked":["Prostrate+1","ThirdEye","JustLucky"],"picked":"Singing Bowl","floor":53},{"not_picked":["DeusExMachina","ThirdEye+1"],"picked":"SashWhip+1","floor":53},{"not_picked":["JustLucky+1","CutThroughFate","Consecrate+1"],"picked":"Singing Bowl","floor":53},{"not_picked":["Omniscience","Evaluate+1"],"picked":"ThirdEye+1","floor":53},{"not_picked":["EmptyBody","ConjureBlade"],"picked":"TalkToTheHand+1","floor":54}],"player_experience":2193377,"relics_obtained":[{"floor":7.0,"key":"Odd Mushroom"},{"floor":9,"key":"Whetstone"},{"floor":11,"key":"Bag of Marbles"},{"floor":14,"key":"Toy Ornithopter"},{"floor":19,"key":"Necronomicon"},{"floor":25,"key":"Vajra"},{"floor":27,"key":"Pear"},{"floor":28,"key":"Ornamental Fan"},{"floor":31,"key":"Gambling Chip"},{"floor":37,"key":"WingedGreaves"},{"floor":40,"key":"War Paint"},{"floor":41,"key":"Nunchaku"},{"floor":42,"key":"MealTicket"},{"floor":43,"key":"Singing Bowl"},{"floor":44,"key":"MawBank"},{"floor":54,"key":"GoldenEye"}],"event_choices":[{"cards_removed":["Regret"],"damage_healed":0.0,"max_hp_gain":0.0,"max_hp_loss":0.0,"gold_gain":0.0,"event_name":"Living Wall","player_choice":"Forget","floor":4.0,"gold_loss":0.0,"damage_taken":0.0},{"damage_healed":0.0,"max_hp_gain":0.0,"max_hp_loss":0.0,"gold_gain":175.0,"event_name":"Liars Game","player_choice":"AGREE","floor":5.0,"gold_loss":0.0,"damage_taken":0.0,"cards_obtained":["Doubt"]},{"damage_healed":0.0,"max_hp_gain":0.0,"max_hp_loss":0.0,"gold_gain":0.0,"event_name":"Mushrooms","player_choice":"Fought Mushrooms","floor":7.0,"gold_loss":0.0,"damage_taken":0.0},{"damage_healed":0,"gold_gain":0,"player_choice":"Obtained Book","damage_taken":16,"max_hp_gain":0,"max_hp_loss":0,"event_name":"Cursed Tome","floor":19,"gold_loss":0},{"damage_healed":0,"gold_gain":0,"player_choice":"Opened","damage_taken":0,"relics_obtained":["Orichalcum"],"max_hp_gain":0,"max_hp_loss":0,"event_name":"The Mausoleum","floor":21,"gold_loss":0},{"damage_healed":0,"gold_gain":0,"cards_transformed":["Strike_P","Strike_P"],"player_choice":"Became Test Subject","damage_taken":0,"max_hp_gain":0,"max_hp_loss":0,"event_name":"Drug Dealer","floor":22,"gold_loss":0,"cards_obtained":["WindmillStrike","InnerPeace"]},{"damage_healed":0,"gold_gain":0,"player_choice":"Fight","damage_taken":0,"max_hp_gain":0,"max_hp_loss":0,"event_name":"Mysterious Sphere","floor":37,"gold_loss":0},{"damage_healed":0,"gold_gain":0,"player_choice":"Paid","damage_taken":0,"relics_obtained":["Red Mask"],"max_hp_gain":0,"max_hp_loss":0,"event_name":"Tomb of Lord Red Mask","floor":39,"gold_loss":114},{"cards_removed":["CutThroughFate"],"damage_healed":0,"gold_gain":0,"player_choice":"Removed Attack","damage_taken":0,"max_hp_gain":0,"max_hp_loss":0,"event_name":"Falling","floor":45,"gold_loss":0},{"damage_healed":0,"gold_gain":0,"player_choice":"Copied","damage_taken":0,"max_hp_gain":0,"max_hp_loss":0,"event_name":"Duplicator","floor":48,"gold_loss":0,"cards_obtained":["TalkToTheHand"]}],"is_beta":false,"boss_relics":[{"not_picked":["Fusion Hammer","Velvet Choker"],"picked":"Philosopher\u0027s Stone"},{"not_picked":["Runic Dome","Sozu"],"picked":"Astrolabe"}],"items_purged_floors":[10,20,38],"is_endless":false,"potions_floor_spawned":[2,3,7,18,29,30,37,41,44,54],"ascension_level":1}}