{"host":"s4ojoik2izpnmj7q","time":1614070126,"event":{"mods":["ATMod(°¢èªMod)","Act Like it!","BaseMod","Better Skull","Minty Spire (QoL Compilation)","MostiFishMod","StSLib"],"gold_per_floor":[117,155,155,155,167,196,226,252,300,333,359,227,254,291,303,391,403,432,444,456,468,133,161,161,188,262,292,326,358,466,572,572,668,668,760,1759,1895,1538,1048,1100,1207,1261,1339,1449,1061,1111,813,914,914,1039,1089],"floor_reached":52,"language":"ZHS","playtime":1832,"items_purged":["Defend_P","Defend_P","Normality","Normality","Strike_P","Strike_P+1"],"score":4024,"play_id":"d2c6ab4c-4dde-4f38-9934-9b900bf040f2","local_time":"20210223164846","daily_mods":["Heirloom","Flight","DeadlyEvents","Elite Swarm","Lethality"],"is_ascension_mode":true,"campfire_choices":[{"data":"DeusExMachina","floor":15.0,"key":"SMITH"},{"data":"Omniscience","floor":24.0,"key":"SMITH"},{"data":"Omniscience","floor":32.0,"key":"SMITH"},{"data":"Vault","floor":49,"key":"SMITH"}],"circlet_count":0,"master_deck":["AscendersBane","Strike_P+1","Defend_P+1","Defend_P+1","Eruption+1","Vigilance+1","AT_FamilyPortrait+1","FlurryOfBlows+1","InnerPeace+1","Brilliance+1","Scrawl+1","LessonLearned+1","Omniscience+1","Omniscience+1","Omniscience+1","DeusExMachina+1","Ragnarok+1","Ghostly","Ghostly+1","Ghostly+1","MostiFishMod:Speedup+1","Fasting2","TalkToTheHand+1","Omniscience+1","MostiFishMod:Adaptation+1","Omniscience+1","DevaForm+1","AT_ChampionStep+1","MasterReality+1","Vault+1","MentalFortress+1"],"relics":["PureWater","DaveBox","AT_ATBox","DianDianMeat","Membership Card","SynthV:TestCard","Mummified Hand","Incense Burner","MealTicket","Smiling Mask","War Paint","FossilizedHelix","SentryEyes","Vajra","MawBank","Shuriken","Philosopher\u0027s Stone","OrangePellets","AT_GoldPhoenixTree","DianPoetry","AT_BladeRuinedKing","Orichalcum","AT_RabadonDeathcap","AT_MibuBalloonWealth","OriginationStaff","Bronze Scales","Coffee Dripper","White Beast Statue","Sling","Omamori","Dodecahedron","Frozen Egg 2","Mango","Bag of Marbles","Damaru","Bird Faced Urn","Blue Candle","Eternal Feather","Bag of Preparation","TimeFreeze","Prayer Wheel","AT_SpeedBoots","TheAbacus","CeramicFish","AT_ArchangelStaff"],"acts_visited":["Exordium","TheCity","TheBeyond"],"potions_floor_usage":[],"damage_taken":[{"damage":0.0,"enemies":"Cultist","floor":1.0,"turns":2.0},{"damage":3.0,"enemies":"Small Slimes","floor":2.0,"turns":2.0},{"damage":0.0,"enemies":"2 Louse","floor":5.0,"turns":1.0},{"damage":0.0,"enemies":"Gremlin Nob","floor":6.0,"turns":2.0},{"damage":5.0,"enemies":"3 Sentries","floor":7.0,"turns":4.0},{"damage":0.0,"enemies":"Gremlin Nob","floor":8.0,"turns":2.0},{"damage":0.0,"enemies":"3 Sentries","floor":10.0,"turns":2.0},{"damage":0.0,"enemies":"Lagavulin","floor":11.0,"turns":3.0},{"damage":0.0,"enemies":"3 Sentries","floor":13.0,"turns":2.0},{"damage":0.0,"enemies":"Lagavulin","floor":14.0,"turns":2.0},{"damage":0.0,"enemies":"The Guardian","floor":16.0,"turns":4.0},{"damage":0.0,"enemies":"2 Thieves","floor":18.0,"turns":2.0},{"damage":0.0,"enemies":"Gremlin Leader","floor":23.0,"turns":2.0},{"damage":0.0,"enemies":"Slavers","floor":25.0,"turns":2.0},{"damage":0.0,"enemies":"Book of Stabbing","floor":27.0,"turns":2.0},{"damage":0.0,"enemies":"Gremlin Leader","floor":28.0,"turns":1.0},{"damage":0.0,"enemies":"Book of Stabbing","floor":29.0,"turns":2.0},{"damage":0.0,"enemies":"Gremlin Leader","floor":30.0,"turns":1.0},{"damage":0.0,"enemies":"Slavers","floor":31.0,"turns":1.0},{"damage":0.0,"enemies":"Champ","floor":33.0,"turns":1.0},{"damage":0.0,"enemies":"3 Shapes","floor":35.0,"turns":1.0},{"damage":0.0,"enemies":"3 Darklings","floor":37.0,"turns":3.0},{"damage":0.0,"enemies":"Nemesis","floor":40.0,"turns":1.0},{"damage":0.0,"enemies":"Reptomancer","floor":41.0,"turns":1.0},{"damage":0.0,"enemies":"Giant Head","floor":42.0,"turns":1.0},{"damage":0,"enemies":"Reptomancer","floor":44,"turns":1},{"damage":0,"enemies":"Giant Head","floor":46,"turns":1},{"damage":0,"enemies":"Reptomancer","floor":48,"turns":1},{"damage":0,"enemies":"Awakened One","floor":50,"turns":2},{"damage":0,"enemies":"Donu and Deca","floor":51,"turns":1}],"seed_played":"1253325886692845104","potions_obtained":[{"floor":1.0,"key":"CultistPotion"},{"floor":6.0,"key":"SkillPotion"},{"floor":10.0,"key":"Energy Potion"},{"floor":11.0,"key":"Ancient Potion"},{"floor":13.0,"key":"BottledMiracle"},{"floor":16.0,"key":"Strength Potion"},{"floor":33.0,"key":"Energy Potion"},{"floor":35.0,"key":"AttackPotion"},{"floor":44,"key":"LiquidMemories"}],"is_trial":true,"path_per_floor":["M","M","?","?","M","E","E","E","T","E","E","$","E","E","R","B",null,"M","?","?","?","$","E","R","E","T","E","E","E","E","E","R","B",null,"M","?","M","$","$","E","E","E","T","E","$","E","$","E","R","B","B",null],"character_chosen":"WATCHER","items_purchased":["Vajra","TalkToTheHand","OrangePellets","AT_GoldPhoenixTree","White Beast Statue","Sling","Omamori","Dodecahedron","Frozen Egg 2","Mango","AT_ChampionStep+1","Bag of Preparation","TimeFreeze","Prayer Wheel","TheAbacus","CeramicFish","MentalFortress+1","Ambrosia"],"campfire_rested":0,"item_purchase_floors":[12,22,22,22,38,38,38,39,39,39,39,45,45,45,47,47,47,47],"current_hp_per_floor":[71,71,76,76,80,85,86,93,93,101,110,118,128,139,139,151,151,151,103,120,153,171,171,171,171,171,190,210,231,253,253,253,253,253,253,300,300,300,339,365,365,365,365,392,392,392,420,420,420,420,420],"gold":1089,"neow_bonus":"","is_daily":false,"chose_seed":false,"campfire_upgraded":4,"win_rate":0.0,"timestamp":1614070126,"path_taken":["M","?","?","?","?","E","E","E","T","E","E","$","E","E","R","BOSS","M","?","?","?","$","E","R","E","T","E","E","E","E","E","R","BOSS","M","?","?","$","$","E","E","E","T","E","?","E","$","E","R","BOSS","BOSS"],"items_purchased_type":["Relic","Card","Relic","Relic","Relic","Relic","Relic","Relic","Relic","Relic","Card","Relic","Relic","Relic","Relic","Relic","Card","Potion"],"build_version":"2020-12-22","purchased_purges":6,"victory":true,"max_hp_per_floor":[71,74,79,79,83,88,94,101,101,109,118,118,128,139,139,151,151,151,156,120,153,171,171,171,171,171,190,210,231,253,253,253,253,253,253,300,300,300,339,365,365,365,365,392,392,392,420,420,420,420,420],"card_choices":[{"not_picked":["Evaluate","JustLucky"],"picked":"FlurryOfBlows","floor":1.0},{"not_picked":["Perseverance","Swivel","ThirdEye","MostiFishMod:LegendTransform"],"picked":"CutThroughFate","floor":2.0},{"not_picked":["MostiFishMod:ScryFuture","EmptyFist","Prostrate","AT_DivineConfetti"],"picked":"InnerPeace","floor":5.0},{"not_picked":["MostiFishMod:Unraveling","SpiritShield","MostiFishMod:Dust","MostiFishMod:Disappear"],"picked":"Brilliance","floor":6.0},{"not_picked":["MostiFishMod:Pointsdynamics","Judgement","AT_ChampionKick","MostiFishMod:StarHerder"],"picked":"Scrawl","floor":7.0},{"not_picked":["Vault","MostiFishMod:Disappear","AT_MachinaRedman","MostiFishMod:Moonprays"],"picked":"LessonLearned","floor":8.0},{"not_picked":["MostiFishMod:KamiSmash","DeusExMachina","AT_MachinaRedman","MostiFishMod:Minus"],"picked":"Omniscience","floor":10.0},{"not_picked":["Alpha","MostiFishMod:Dust","DeusExMachina","Brilliance"],"picked":"Omniscience","floor":11.0},{"not_picked":["SpiritShield","Brilliance","Establishment","Judgement"],"picked":"Omniscience","floor":13.0},{"not_picked":["Establishment","MostiFishMod:Minus","Wish","MostiFishMod:StarOceanP"],"picked":"DeusExMachina","floor":14.0},{"not_picked":["MostiFishMod:Moonprays","MostiFishMod:KamiSmash","MostiFishMod:StarHerder","LessonLearned"],"picked":"Ragnarok","floor":16.0},{"not_picked":["FollowUp","ThirdEye","SandsOfTime","Nirvana","CrushJoints+1"],"picked":"SKIP","floor":18.0},{"not_picked":["AT_ChampionKick","Alpha","Ragnarok","AT_MachinaRedman","AT_RealColorLess"],"picked":"SKIP","floor":23.0},{"not_picked":["Blasphemy","Devotion","MostiFishMod:Pointsdynamics","Establishment","Brilliance"],"picked":"SKIP","floor":25.0},{"not_picked":["Establishment","Alpha","MostiFishMod:Adaptation","MostiFishMod:Minus"],"picked":"Omniscience","floor":27.0},{"not_picked":["Brilliance","AT_ChampionKick","MostiFishMod:OutWit","MostiFishMod:StarWish"],"picked":"MostiFishMod:Adaptation","floor":28.0},{"not_picked":["Alpha","Scrawl","Ragnarok","MostiFishMod:StarOceanP"],"picked":"Omniscience","floor":29.0},{"not_picked":["DeusExMachina","MostiFishMod:StarHerder","Judgement","MostiFishMod:DisColor"],"picked":"DevaForm","floor":30.0},{"not_picked":["ConjureBlade","Devotion","MostiFishMod:Minus","Alpha","MostiFishMod:KamiSmash"],"picked":"SKIP","floor":31.0},{"not_picked":["SashWhip","ReachHeaven","DeceiveReality","Halt","Perseverance"],"picked":"SKIP","floor":35.0},{"not_picked":["Protect+1","Prostrate","WaveOfTheHand","Crescendo","PathToVictory"],"picked":"SKIP","floor":37.0},{"not_picked":["MostiFishMod:DustFall+1","MostiFishMod:Pointsdynamics+1","MostiFishMod:OutWit+1","MostiFishMod:StarLaLaLa"],"picked":"MasterReality+1","floor":40.0},{"not_picked":["MostiFishMod:Moonprays","Judgement","Omniscience","SpiritShield","MostiFishMod:DustFall+1"],"picked":"SKIP","floor":41.0},{"not_picked":["AT_MachinaRedman","Alpha","DevaForm+1","MostiFishMod:KamiSmash","MostiFishMod:Dust+1"],"picked":"SKIP","floor":42.0},{"not_picked":["MostiFishMod:Adaptation+1","Omniscience","ConjureBlade","MostiFishMod:StarWish"],"picked":"Vault","floor":44},{"not_picked":["MostiFishMod:Pointsdynamics+1","Wish","Establishment+1","MostiFishMod:Moonprays","MostiFishMod:StarWish"],"picked":"SKIP","floor":46},{"not_picked":["MostiFishMod:Minus","MostiFishMod:StarWish","MostiFishMod:Moonprays","MostiFishMod:OutWit+1","MostiFishMod:KamiSmash"],"picked":"SKIP","floor":48}],"player_experience":645681,"relics_obtained":[{"floor":1.0,"key":"SynthV:TestCard"},{"floor":6.0,"key":"Incense Burner"},{"floor":7.0,"key":"MealTicket"},{"floor":8.0,"key":"Smiling Mask"},{"floor":9.0,"key":"War Paint"},{"floor":10.0,"key":"FossilizedHelix"},{"floor":11.0,"key":"SentryEyes"},{"floor":13.0,"key":"MawBank"},{"floor":14.0,"key":"Shuriken"},{"floor":23.0,"key":"DianPoetry"},{"floor":25.0,"key":"AT_BladeRuinedKing"},{"floor":27.0,"key":"Orichalcum"},{"floor":28.0,"key":"AT_RabadonDeathcap"},{"floor":29.0,"key":"AT_MibuBalloonWealth"},{"floor":30.0,"key":"OriginationStaff"},{"floor":31.0,"key":"Bronze Scales"},{"floor":40.0,"key":"Bag of Marbles"},{"floor":41.0,"key":"Damaru"},{"floor":42.0,"key":"Bird Faced Urn"},{"floor":43.0,"key":"Blue Candle"},{"floor":44,"key":"Eternal Feather"},{"floor":46,"key":"AT_SpeedBoots"},{"floor":48,"key":"AT_ArchangelStaff"}],"event_choices":[{"damage_healed":0.0,"max_hp_gain":5.0,"max_hp_loss":0.0,"gold_gain":0.0,"event_name":"Big Fish","player_choice":"Donut","floor":3.0,"gold_loss":0.0,"damage_taken":0.0},{"damage_healed":0.0,"max_hp_gain":0.0,"max_hp_loss":0.0,"gold_gain":0.0,"event_name":"WeMeetAgain","player_choice":"Gave Potion","floor":4.0,"gold_loss":0.0,"damage_taken":0.0,"relics_obtained":["Mummified Hand"]},{"damage_healed":0.0,"max_hp_gain":5.0,"max_hp_loss":0.0,"gold_gain":0.0,"event_name":"Forgotten Altar","player_choice":"Shed Blood","floor":19.0,"gold_loss":0.0,"damage_taken":53.0},{"damage_healed":0.0,"max_hp_gain":0.0,"max_hp_loss":78.0,"gold_gain":0.0,"event_name":"Ghosts","player_choice":"Became a Ghost","floor":20.0,"gold_loss":0.0,"damage_taken":0.0,"cards_obtained":["Ghostly","Ghostly","Ghostly"]},{"damage_healed":0.0,"max_hp_gain":0.0,"max_hp_loss":0.0,"gold_gain":0.0,"cards_transformed":["CutThroughFate","Strike_P"],"event_name":"Drug Dealer","player_choice":"Became Test Subject","floor":21.0,"gold_loss":0.0,"damage_taken":0.0,"cards_obtained":["MostiFishMod:Speedup","Fasting2"]},{"damage_healed":0.0,"max_hp_gain":0.0,"max_hp_loss":0.0,"gold_gain":999.0,"event_name":"MindBloom","player_choice":"Gold","floor":36.0,"gold_loss":0.0,"damage_taken":0.0,"cards_obtained":["Normality","Normality"]}],"is_beta":false,"boss_relics":[{"not_picked":["SlaversCollar","Empty Cage"],"picked":"Philosopher\u0027s Stone"},{"not_picked":["Busted Crown","TimeKeys"],"picked":"Coffee Dripper"}],"items_purged_floors":[12,22,38,39,45,47],"is_endless":false,"potions_floor_spawned":[1,6,10,11,13,16,23,25,33,35,40,41,42,44,46,48],"ascension_level":20}}