{"host":"lufzn74xe9ct3rkf","time":1614054734,"event":{"mods":["AchievementEnabler","BaseMod","Evolution","Minty Spire (QoL Compilation)","StSLib"],"gold_per_floor":[114,133,41,41,41,41,58,93,120,132,60,60,78,103,103,203,203,216,216,216,266,286,286,297,297,321,334,41,54,68,84,84,186,186,197,21,21,21,21,21,70,82,82,82,99,99,126,137,137,137],"floor_reached":51,"language":"ENG","playtime":2449,"items_purged":[],"score":792,"play_id":"294931ac-565f-43fd-b677-efc0da092044","local_time":"20210222203214","is_ascension_mode":false,"campfire_choices":[{"data":"Flash of Steel","floor":6,"key":"SMITH"},{"data":"True Grit","floor":15,"key":"SMITH"},{"data":"Rage","floor":23,"key":"SMITH"},{"data":"Swift Strike","floor":25,"key":"SMITH"},{"floor":32,"key":"REST"},{"data":"Enlightenment","floor":40,"key":"SMITH"},{"data":"Offering","floor":44,"key":"SMITH"},{"floor":46,"key":"REST"},{"floor":49,"key":"REST"}],"circlet_count":0,"master_deck":["Twin Strike","Twin Strike","Twin Strike","Twin Strike","Twin Strike","Shrug It Off","Shrug It Off","Shrug It Off","Shrug It Off","Bash","Swift Strike+1","Cleave","Hemokinesis","Flash of Steel+1","Intimidate","Ghostly Armor","Rampage","True Grit+1","Demon Form","Feed","Rage+1","Flame Barrier+1","Thunderclap+1","Pummel","Blind","Mayhem","Seeing Red+1","Twin Strike","Sword Boomerang+1","Anger","Offering+1","CurseOfTheBell","Headbutt+1","Transmutation","Madness","Madness","Good Instincts","Enlightenment+1","HandOfGreed","Shrug It Off","Rupture+1","Sword Boomerang+1","Shockwave","Hemokinesis+1","Thunderclap+1","Combust+1"],"relics":["Burning Blood","EVO:Axolotl","Kunai","Ancient Tea Set","Nunchaku","Dream Catcher","Philosopher\u0027s Stone","MutagenicStrength","Happy Flower","Calling Bell","Oddly Smooth Stone","Letter Opener","Magic Flower","Regal Pillow","Molten Egg 2","Pen Nib"],"acts_visited":["Exordium","TheCity","TheBeyond"],"potions_floor_usage":[16,18,22,30,31,33,41,41,41,41,45,48,50],"damage_taken":[{"damage":0,"enemies":"2 Louse","floor":1,"turns":1},{"damage":3,"enemies":"Jaw Worm","floor":2,"turns":2},{"damage":2,"enemies":"Cultist","floor":7,"turns":2},{"damage":16,"enemies":"Gremlin Nob","floor":8,"turns":3},{"damage":2,"enemies":"Blue Slaver","floor":10,"turns":3},{"damage":4,"enemies":"Large Slime","floor":13,"turns":4},{"damage":5,"enemies":"3 Sentries","floor":14,"turns":4},{"damage":38,"enemies":"The Guardian","floor":16,"turns":6},{"damage":5,"enemies":"3 Byrds","floor":18,"turns":3},{"damage":16,"enemies":"Shell Parasite","floor":22,"turns":3},{"damage":10,"enemies":"Centurion and Healer","floor":24,"turns":5},{"damage":34,"enemies":"Snake Plant","floor":27,"turns":3},{"damage":7,"enemies":"Snecko","floor":29,"turns":4},{"damage":15,"enemies":"Sentry and Sphere","floor":30,"turns":5},{"damage":7,"enemies":"Shelled Parasite and Fungi","floor":31,"turns":4},{"damage":33,"enemies":"Collector","floor":33,"turns":5},{"damage":6,"enemies":"Orb Walker","floor":35,"turns":2},{"damage":26,"enemies":"Giant Head","floor":41,"turns":7},{"damage":0,"enemies":"3 Darklings","floor":42,"turns":4},{"damage":62,"enemies":"Spire Growth","floor":45,"turns":5},{"damage":45,"enemies":"Reptomancer","floor":47,"turns":5},{"damage":23,"enemies":"Maw","floor":48,"turns":5},{"damage":51,"enemies":"Donu and Deca","floor":50,"turns":6}],"seed_played":"532530374727763269","potions_obtained":[{"floor":1,"key":"Dexterity Potion"},{"floor":7,"key":"LiquidBronze"},{"floor":8,"key":"DuplicationPotion"},{"floor":14,"key":"LiquidMemories"},{"floor":22,"key":"GamblersBrew"},{"floor":27,"key":"SpeedPotion"},{"floor":30,"key":"SpeedPotion"},{"floor":31,"key":"FearPotion"},{"floor":33,"key":"DistilledChaos"},{"floor":35,"key":"EntropicBrew"},{"floor":41,"key":"BloodPotion"},{"floor":48,"key":"Regen Potion"}],"is_trial":false,"path_per_floor":["M","M","$","?","T","R","M","E","T","M","$","?","M","E","R","B",null,"M","?","?","?","M","R","M","R","T","M","$","M","M","M","R","B",null,"M","$","?","?","?","R","E","M","T","R","M","R","E","M","R","B",null],"character_chosen":"IRONCLAD","items_purchased":["Flash of Steel","Rampage","Blind","Mayhem","Transmutation"],"campfire_rested":3,"item_purchase_floors":[3,11,28,28,36],"current_hp_per_floor":[81,81,81,81,81,81,81,71,71,75,75,75,77,78,78,46,81,81,66,66,66,56,56,52,52,52,24,24,23,14,13,38,11,86,86,86,75,65,65,65,74,83,83,83,56,86,50,36,76,56],"gold":137,"neow_bonus":"RANDOM_COLORLESS","is_daily":false,"chose_seed":false,"campfire_upgraded":6,"win_rate":0.0,"timestamp":1614054734,"path_taken":["M","M","$","?","?","R","M","E","T","M","$","?","?","E","R","BOSS","M","?","?","?","M","R","M","R","T","M","$","M","M","?","R","BOSS","M","$","?","?","?","R","E","M","T","R","M","R","E","?","R","BOSS"],"items_purchased_type":["Card","Card","Card","Card","Card"],"build_version":"2020-12-22","purchased_purges":0,"victory":true,"max_hp_per_floor":[81,81,81,81,81,81,81,81,81,81,81,81,81,81,81,81,81,81,86,86,86,86,86,86,86,86,86,86,86,86,86,86,86,86,86,86,86,86,86,86,86,86,86,86,86,86,86,86,86,86],"card_choices":[{"not_picked":["Deep Breath","Discovery"],"picked":"Swift Strike","floor":0},{"not_picked":["True Grit","Reckless Charge"],"picked":"Cleave","floor":1},{"not_picked":["Anger","True Grit"],"picked":"Hemokinesis","floor":2},{"not_picked":["Havoc","Dropkick"],"picked":"Intimidate","floor":7},{"not_picked":["Burning Pact","True Grit"],"picked":"Brutality","floor":8},{"not_picked":["Havoc","Flex"],"picked":"Ghostly Armor","floor":10},{"not_picked":["Anger","Heavy Blade"],"picked":"True Grit","floor":13},{"not_picked":["Limit Break","Thunderclap"],"picked":"Demon Form","floor":14},{"not_picked":["Juggernaut","Demon Form"],"picked":"Feed","floor":16},{"not_picked":["Hemokinesis","Pommel Strike+1"],"picked":"Rage","floor":18},{"not_picked":["Dropkick","Heavy Blade"],"picked":"Flame Barrier+1","floor":22},{"not_picked":["Whirlwind","Clash+1"],"picked":"Thunderclap+1","floor":24},{"not_picked":["Wild Strike","Shrug It Off"],"picked":"Pummel","floor":27},{"not_picked":["Dark Embrace","Feel No Pain"],"picked":"Seeing Red+1","floor":29},{"not_picked":["Cleave","Second Wind"],"picked":"Twin Strike","floor":30},{"not_picked":["Cleave","Anger+1"],"picked":"Sword Boomerang+1","floor":31},{"not_picked":["Dark Embrace+1","Wild Strike"],"picked":"Anger","floor":32},{"not_picked":["Juggernaut","Demon Form"],"picked":"Offering","floor":33},{"not_picked":["Heavy Blade","Warcry"],"picked":"Headbutt+1","floor":35},{"not_picked":["Forethought","Blind"],"picked":"Good Instincts","floor":38},{"not_picked":["Swift Strike","Flash of Steel"],"picked":"Enlightenment","floor":38},{"not_picked":["Impatience","The Bomb"],"picked":"HandOfGreed","floor":38},{"not_picked":["Fiend Fire","Battle Trance+1"],"picked":"Shrug It Off","floor":41},{"not_picked":["Warcry","Anger"],"picked":"Rupture+1","floor":42},{"not_picked":["Clash+1","Flex"],"picked":"Sword Boomerang+1","floor":45},{"not_picked":["Clash+1","Feel No Pain+1"],"picked":"Shockwave","floor":46},{"not_picked":["Feel No Pain+1","Perfected Strike+1"],"picked":"Hemokinesis+1","floor":47},{"not_picked":["Heavy Blade+1","Dual Wield"],"picked":"Thunderclap+1","floor":48},{"not_picked":["Body Slam+1","Havoc+1"],"picked":"Combust+1","floor":49}],"player_experience":24596,"relics_obtained":[{"floor":5,"key":"Kunai"},{"floor":8,"key":"Ancient Tea Set"},{"floor":9,"key":"Nunchaku"},{"floor":14,"key":"Dream Catcher"},{"floor":26,"key":"Happy Flower"},{"floor":34,"key":"Oddly Smooth Stone"},{"floor":34,"key":"Letter Opener"},{"floor":34,"key":"Magic Flower"},{"floor":41,"key":"Regal Pillow"},{"floor":43,"key":"Molten Egg 2"},{"floor":47,"key":"Pen Nib"}],"event_choices":[{"damage_healed":0,"gold_gain":0,"player_choice":"Leave","damage_taken":0,"max_hp_gain":0,"max_hp_loss":0,"event_name":"The Cleric","floor":4,"gold_loss":0},{"damage_healed":0,"gold_gain":0,"player_choice":"Bought 0 Potions","damage_taken":0,"max_hp_gain":0,"max_hp_loss":0,"event_name":"The Woman in Blue","floor":12,"gold_loss":0},{"damage_healed":0,"gold_gain":0,"player_choice":"Shed Blood","damage_taken":20,"max_hp_gain":5,"max_hp_loss":0,"event_name":"Forgotten Altar","floor":19,"gold_loss":0},{"damage_healed":0,"gold_gain":0,"player_choice":"Inject Mutagens","damage_taken":0,"relics_obtained":["MutagenicStrength"],"max_hp_gain":0,"max_hp_loss":0,"event_name":"Drug Dealer","floor":20,"gold_loss":0},{"damage_healed":0,"gold_gain":100,"player_choice":"Bet on Murderer","damage_taken":0,"max_hp_gain":0,"max_hp_loss":0,"event_name":"The Joust","floor":21,"gold_loss":50},{"damage_healed":0,"gold_gain":0,"player_choice":"Embrace Madness","damage_taken":11,"max_hp_gain":0,"max_hp_loss":0,"event_name":"Winding Halls","floor":37,"gold_loss":0,"cards_obtained":["Madness","Madness"]},{"damage_healed":0,"gold_gain":0,"player_choice":"Memory 3","damage_taken":10,"max_hp_gain":0,"max_hp_loss":0,"event_name":"SensoryStone","floor":38,"gold_loss":0},{"cards_removed":["Brutality"],"damage_healed":0,"gold_gain":0,"player_choice":"Removed Power","damage_taken":0,"max_hp_gain":0,"max_hp_loss":0,"event_name":"Falling","floor":39,"gold_loss":0}],"is_beta":false,"boss_relics":[{"not_picked":["Runic Cube","Ectoplasm"],"picked":"Philosopher\u0027s Stone"},{"not_picked":["SacredBark","SlaversCollar"],"picked":"Calling Bell"}],"items_purged_floors":[],"is_endless":false,"potions_floor_spawned":[1,7,8,14,22,27,30,31,33,35,41,48],"ascension_level":0}}