{"host":"1q3j0ei39r3fhrcd","time":1614114518,"event":{"mods":["2.2 Compatiblity","Astrologer","Bard","Bartender","BaseMod","Beaked The Cultist","Better Note","Better Skull","Better Third Choice","BetterRewards","Challenge The Spire","Clockwork Mod","Conspire","Dio Mod","Downfall","Duelist Mod","Gremlin Mod","GungeonMod","Hermit","Hubris","Infinite Spire","Jorbs\u0027s Wanderer Trilogy","Marisa????????","Minty Spire (QoL Compilation)","Replay The Spire","Robot Space Explorer","SIMod","Shop Mod","Somnambulant","Spicy Shops","Spire Arcade","StSLib","The Blackbeard","The Bug Knight","The Clintock","The Construct","The Cursed","The Death Knight","The Disciple","The Dragon Tamer","The Druid","The Forsaken","The Hierophant","The Judge","The Mystic","The Necromancer","The Runesmith","The Sage","The Servant 0.9.4","The Showman","The Valiant","The Vixen","The Wild Card","The Witch","TheFirefly","Yuri Mod","[IsaacMod]????","thorton"],"gold_per_floor":[112,37,37,37,50,78,78,109,133,133,167,167,167,191,191,314,314,334,352,352,352,376,376,409,409,409,409,409,427,327,346,346,475,475,491,515,515,515,531,531,562,562,562,90,90,126,126,159,159,288,288,300,300,324,172,186,186,211,211,211,270,270,312,155,169,169,284,284,295,295,307,357,370,699,649,682,709,709,709,729,749,445,445,595,595,633,633,731,185,188,248,108,110,184,221,300,319,325,331,337,575,586,610,622,661,674,532,542,590,551,640,693,757,772,826,842,858,1068,1089,1147,1191,1214,832,877,894,911,1009,1098,1119,1181,1204,1575,1684,1717,1901,1939,1999,1650,1701,1829,1711,1827,1921,1959,1998,2056,2249,2293,2338,2506,2556,2734,2788,2843,2618,2735,3008],"floor_reached":158,"language":"ENG","playtime":10803,"items_purged":["Strike_MRS","Strike_MRS","Defend_MRS","MasterSpark","Defend_MRS","Defend_MRS"],"score":4728,"play_id":"992baf73-0382-46d5-b6e6-29097148f4c1","local_time":"20210223220837","is_ascension_mode":true,"campfire_choices":[{"data":"DC","floor":7,"key":"SMITH"},{"data":"EscapeVelocity","floor":12,"key":"SMITH"},{"data":"GasGiant","floor":15,"key":"SMITH"},{"data":"SuperNova","floor":23,"key":"SMITH"},{"data":"MeteoricShower","floor":25,"key":"SMITH"},{"data":"Strike_MRS","floor":27,"key":"PURGE"},{"data":"Strike_MRS","floor":32,"key":"PURGE"},{"floor":40,"key":"REST"},{"data":"Occultation","floor":42,"key":"SMITH"},{"data":"TreasureHunter","floor":45,"key":"SMITH"},{"data":"Thinking Ahead","floor":49,"key":"SMITH"},{"data":"DemoMod:Deposit","floor":57,"key":"SMITH"},{"data":"infinitespire:TheBestDefense","floor":62,"key":"SMITH"},{"data":"ShootingEcho","floor":66,"key":"SMITH"},{"data":"SatelliteIllusion","floor":83,"key":"SMITH"},{"data":"conspire:Banana","floor":93,"key":"SMITH"},{"data":"Parasite","floor":100,"key":"PURGE"},{"data":"Riddle With Holes","floor":108,"key":"SMITH"},{"data":"J.A.X.","floor":114,"key":"SMITH"},{"data":"MachineGunSpark","floor":117,"key":"SMITH"},{"data":"Insight","floor":125,"key":"SMITH"},{"data":"Deep Breath","floor":129,"key":"SMITH"},{"data":"StarDustReverie","floor":131,"key":"SMITH"},{"floor":134,"key":"RECALL"}],"circlet_count":1,"master_deck":["UpSweep+1","ShootingEcho+1","EscapeVelocity+1","GasGiant+1","SuperNova+1","Occultation+1","TreasureHunter+1","GasGiant+1","MeteoricShower+1","ShootingEcho+1","StarBarrage+1","WitchLeyline+1","infinitespire:TheBestDefense+1","6A+1","Thinking Ahead+1","DemoMod:Deposit+1","SporeBomb+1","SuperPerseids+1","GasGiant+1","WitchLeyline+1","J.A.X.+1","SatelliteIllusion+1","CollectingQuirk+1","conspire:Banana+1","SprinkleStarSeal+1","Deep Breath+1","StarDustReverie+1","Riddle With Holes+1","MachineGunSpark+1","Insight+1"],"relics":["HushsDoor","Chaos","Pyrelight","Snack Pack","DemoMod:MeatBun","MyShadow","AmplifyWand","Golden Idol","Peace Pipe","DollysMirror","DemoMod:SerJunkan","ClockworkSouvenir","Circlet","DemoMod:RingOfEthereal","TheAbacus","Guardian:PocketSentry","infinitespire:FocusingShard","YumHeart","ReplayTheSpireMod:ShopPack","construct:RocketBooster","Strawberry","DemoMod:Junk","theForsaken:Lifeblossom","Bag of Preparation","Philosopher\u0027s Stone","hubris:BottledRain","Blue Doll","Ring of Chaos","Old Coin","MealTicket","Replay:Bandana","Replay:Baseball","BookOfRevelations","beaked:SacredDeck","SatanicBible","GuppysTail","hubris:Towel","hubris:SlimyHat","hubris:Potato","thethorton:BankDeed","infinitespire:Bottled Soul","TheBattery","hubris:MobiusCoin","RampagingMagicTools","GuppysHairball","m_TsuchinokoRing","DemoMod:MonsterBlood","Habit","ReplayTheSpireMod:Lightbulb","Pear","Singing Bowl","theForsaken:ScaryMask","thethorton:CrushedCigarette","BreadOfAWashokuLover","conspire:TreasureMap","Replay:Mystery Machine","DemoMod:Metronome","Potion Belt","infinitespire:Beetle Shell","Chameleon Ring","Pen Nib","Busted Crown","Chemical X","hubris:PeanutButter","SteamSale","Replay:Wax Seal","infinitespire:Midas Blood","infinitespire:ShieldingShard","Boot","Coffee Dripper","SimpleLauncher","Bottled Tornado","Replay:Rubber Ducky","DemoMod:GlassGuonStoneRelic"],"acts_visited":["Exordium","TheCity","TheBeyond","Exordium","TheCity","TheBeyond","Exordium","TheCity","TheBeyond","TheEnding"],"potions_floor_usage":[24,24,33,33,41,41,54,74,74,91,97,101,127,143,147,157],"damage_taken":[{"damage":1,"enemies":"2 Louse","floor":1,"turns":3},{"damage":2,"enemies":"conspire:RoseBush","floor":5,"turns":2},{"damage":0,"enemies":"3 Sentries","floor":6,"turns":2},{"damage":0,"enemies":"Gremlin Nob","floor":8,"turns":3},{"damage":17,"enemies":"Lagavulin","floor":11,"turns":3},{"damage":1,"enemies":"Jaw Worm","floor":14,"turns":2},{"damage":11,"enemies":"Slime Boss","floor":16,"turns":6},{"damage":13,"enemies":"conspire:FuzzyDice","floor":18,"turns":4},{"damage":0,"enemies":"Spheric Guardian","floor":19,"turns":3},{"damage":15,"enemies":"Centurion and Healer","floor":22,"turns":4},{"damage":3,"enemies":"theDuelist:KaibaA2","floor":24,"turns":4},{"damage":12,"enemies":"Snake Plant","floor":29,"turns":3},{"damage":8,"enemies":"Shelled Parasite and Fungi","floor":31,"turns":5},{"damage":25,"enemies":"Collector","floor":33,"turns":7},{"damage":42,"enemies":"3 Darklings","floor":35,"turns":5},{"damage":12,"enemies":"Orb Walker","floor":36,"turns":3},{"damage":6,"enemies":"Spire Growth","floor":39,"turns":6},{"damage":12,"enemies":"Nightmare","floor":41,"turns":6},{"damage":20,"enemies":"Nemesis","floor":46,"turns":8},{"damage":0,"enemies":"Reptomancer","floor":48,"turns":4},{"damage":20,"enemies":"Donu and Deca","floor":50,"turns":7},{"damage":1,"enemies":"Cultist","floor":52,"turns":3},{"damage":64,"enemies":"conspire:MimicChest","floor":54,"turns":6},{"damage":0,"enemies":"2 Louse","floor":56,"turns":2},{"damage":0,"enemies":"Replay:BlueRogue","floor":61,"turns":2},{"damage":0,"enemies":"Small Slimes","floor":63,"turns":2},{"damage":0,"enemies":"3 Louse","floor":65,"turns":2},{"damage":0,"enemies":"Hexaghost","floor":67,"turns":3},{"damage":0,"enemies":"2 Thieves","floor":69,"turns":2},{"damage":0,"enemies":"Spheric Guardian","floor":71,"turns":1},{"damage":0,"enemies":"Shelled Parasite and Fungi","floor":73,"turns":2},{"damage":0,"enemies":"Slavers","floor":74,"turns":2},{"damage":0,"enemies":"theDuelist:KaibaA2","floor":76,"turns":2},{"damage":4,"enemies":"Chosen and Byrds","floor":80,"turns":4},{"damage":3,"enemies":"Sentry and Sphere","floor":81,"turns":1},{"damage":0,"enemies":"Automaton","floor":84,"turns":4},{"damage":0,"enemies":"Orb Walker","floor":86,"turns":2},{"damage":0,"enemies":"Mind Bloom Boss Battle","floor":88,"turns":3},{"damage":0,"enemies":"Giant Head","floor":91,"turns":5},{"damage":0,"enemies":"3 Shapes","floor":95,"turns":3},{"damage":0,"enemies":"Writhing Mass","floor":97,"turns":4},{"damage":0,"enemies":"Awakened One","floor":101,"turns":5},{"damage":0,"enemies":"Cultist","floor":103,"turns":2},{"damage":0,"enemies":"Small Slimes","floor":105,"turns":1},{"damage":0,"enemies":"3 Sentries","floor":109,"turns":2},{"damage":0,"enemies":"2 Louse","floor":112,"turns":1},{"damage":0,"enemies":"Lagavulin","floor":113,"turns":2},{"damage":0,"enemies":"Gremlin Gang","floor":115,"turns":1},{"damage":0,"enemies":"Slime Boss","floor":118,"turns":2},{"damage":0,"enemies":"Shell Parasite","floor":120,"turns":2},{"damage":0,"enemies":"Spheric Guardian","floor":121,"turns":1},{"damage":0,"enemies":"Snake Plant","floor":124,"turns":1},{"damage":0,"enemies":"Book of Stabbing","floor":127,"turns":3},{"damage":0,"enemies":"Slavers","floor":130,"turns":1},{"damage":0,"enemies":"Gremlin Leader","floor":132,"turns":3},{"damage":0,"enemies":"Sentry and Sphere","floor":133,"turns":1},{"damage":24,"enemies":"hubris:MusketHawk","floor":135,"turns":6},{"damage":0,"enemies":"3 Shapes","floor":137,"turns":1},{"damage":0,"enemies":"Orb Walker","floor":139,"turns":2},{"damage":0,"enemies":"Spire Growth","floor":140,"turns":2},{"damage":0,"enemies":"Nemesis","floor":142,"turns":3},{"damage":0,"enemies":"Writhing Mass","floor":143,"turns":2},{"damage":0,"enemies":"Sphere and 2 Shapes","floor":146,"turns":2},{"damage":0,"enemies":"Giant Head","floor":147,"turns":4},{"damage":0,"enemies":"Spire Growth","floor":150,"turns":3},{"damage":0,"enemies":"infinitespire:LordOfFortification","floor":152,"turns":1},{"damage":0,"enemies":"Shield and Spear","floor":156,"turns":2},{"damage":0,"enemies":"The Heart","floor":157,"turns":6}],"seed_played":"6550772773382718675","potions_obtained":[{"floor":6,"key":"DemoMod:LeadSkinPotion"},{"floor":14,"key":"Weak Potion"},{"floor":18,"key":"hexamod:SoulburnPotion"},{"floor":29,"key":"BlessingOfTheForge"},{"floor":36,"key":"LifebloodPotion"},{"floor":39,"key":"DeathKnight:RimePotion"},{"floor":41,"key":"Elixir"},{"floor":50,"key":"champ:CounterPotion"},{"floor":54,"key":"DeathKnight:RimePotion"},{"floor":56,"key":"Block Potion"},{"floor":81,"key":"Explosive Potion"},{"floor":86,"key":"Dexterity Potion"},{"floor":95,"key":"FearPotion"},{"floor":105,"key":"construct:ShiftPotion"},{"floor":118,"key":"BottledSpark"},{"floor":124,"key":"DistilledChaos"},{"floor":130,"key":"DeathKnight:RimePotion"},{"floor":133,"key":"Fire Potion"},{"floor":135,"key":"SpeedPotion"},{"floor":143,"key":"FearPotion"},{"floor":149,"key":"conspire:TimeTravelPotion"},{"floor":151,"key":"GamblersBrew"},{"floor":154,"key":"DemoMod:BlankPotion"}],"is_trial":false,"path_per_floor":["M","$","?","?","M","E","R","E","T","T","E","R","?","M","R","B",null,"M","M","AVR","?","M","R","E","R","T","R","?","M","$","M","R","B",null,"M","M","?","AVR","M","R","NM","R","T","$","R","E","M","E","R","B",null,"M","?","?","$","M","R","T","AVR","T","E","R","M","$","M","R","B",null,"M","?","M","?","M","E","?","E","T","$","?","M","M","$","R","B",null,"M","?","?","$","?","E","$","R","T","M","?","M","?","$","R","B",null,"M","?","M","?","$","R","E","?","T","M","E","R","M","$","R","B",null,"M","M","?","$","M","R","AVR","E","T","R","E","R","E","M","R","B",null,"M","$","M","M","$","E","M","R","T","M","E","AVR","R","M","R","B",null,"R","$","E","B",null],"character_chosen":"MARISA","items_purchased":["infinitespire:FocusingShard","YumHeart","theForsaken:Lifeblossom","Blue Doll","GasGiant","Replay:Baseball","BookOfRevelations","SatanicBible","GuppysTail","hubris:Potato","thethorton:BankDeed","TheBattery","GuppysHairball","Habit","BreadOfAWashokuLover","conspire:TreasureMap","Chemical X","hubris:PeanutButter","SteamSale","SimpleLauncher","Bottled Tornado"],"campfire_rested":1,"item_purchase_floors":[44,44,55,64,68,82,82,85,85,89,89,92,102,107,123,123,138,138,141,155,155],"current_hp_per_floor":[81,81,81,81,79,79,79,82,82,82,65,65,65,64,64,57,76,65,67,67,67,56,56,57,57,57,57,57,45,45,39,39,18,76,38,26,25,30,24,48,36,36,36,61,61,45,45,47,47,31,88,87,87,50,50,55,55,55,55,55,62,62,67,67,72,72,81,85,85,85,85,70,77,84,84,85,85,85,85,81,80,85,85,85,65,67,67,69,69,66,68,68,68,68,70,55,65,55,70,69,73,63,65,65,65,60,72,72,72,72,82,84,84,84,86,86,86,88,88,90,94,94,94,98,98,98,102,102,102,106,106,112,114,114,133,133,135,135,137,139,139,143,149,149,149,153,159,159,159,163,163,167,167,167,167,169,175],"gold":3068,"neow_bonus":"TEN_PERCENT_HP_BONUS","is_daily":false,"chose_seed":false,"campfire_upgraded":19,"win_rate":0.0,"timestamp":1614114517,"path_taken":["M","$","?","?","M","E","R","E","T","?","E","R","?","M","R","BOSS","M","M","AVR","?","M","R","E","R","T","R","?","M","$","?","R","BOSS","M","M","?","AVR","M","R","NM","R","T","$","R","E","M","E","R","BOSS","M","?","?","?","M","R","?","AVR","T","E","R","M","$","?","R","BOSS","M","?","?","?","M","E","?","E","T","$","?","M","M","$","R","BOSS","M","?","?","$","?","E","?","R","T","M","?","?","?","$","R","BOSS","M","?","M","?","$","R","E","?","T","M","E","R","?","?","R","BOSS","M","M","?","$","M","R","AVR","E","T","R","E","R","E","M","R","BOSS","M","$","M","M","$","E","M","R","T","M","E","AVR","R","M","R","BOSS","R","$","E","BOSS"],"items_purchased_type":["Relic","Relic","Relic","Relic","Card","Relic","Relic","Relic","Relic","Relic","Relic","Relic","Relic","Relic","Relic","Relic","Relic","Relic","Relic","Relic","Relic"],"build_version":"2020-12-22","purchased_purges":6,"victory":true,"max_hp_per_floor":[82,82,82,82,82,82,82,82,82,82,82,82,76,76,76,76,76,76,76,76,76,76,76,76,76,76,76,76,76,76,76,76,76,76,76,76,76,81,81,81,81,81,81,81,81,81,81,81,81,81,88,88,88,88,88,88,88,88,88,88,88,88,88,88,88,88,88,85,85,85,85,85,85,85,85,85,85,85,85,85,85,85,85,85,65,67,67,69,69,66,68,68,68,68,70,70,72,72,72,69,73,63,65,65,65,72,72,72,72,72,82,84,84,84,86,86,86,88,88,90,94,94,94,98,98,98,102,102,102,106,106,112,114,114,133,133,135,135,137,139,139,143,149,149,149,153,159,159,159,163,163,167,167,167,167,169,175],"card_choices":[{"not_picked":["GrandCross","PowerUp"],"picked":"DC","floor":1},{"not_picked":["ShootingEcho","MagicChant"],"picked":"Bomb","floor":5},{"not_picked":["SporeBomb","GravityBeat"],"picked":"ShootingEcho","floor":6},{"not_picked":["SuperNova","AsteroidBelt"],"picked":"EscapeVelocity","floor":8},{"not_picked":["MilkyWay","DC"],"picked":"GasGiant","floor":11},{"not_picked":["UnstableBomb","NonDirectionalLaser","GrandCross"],"picked":"SKIP","floor":14},{"not_picked":["JA","BlazingStar"],"picked":"SuperNova","floor":16},{"not_picked":["GalacticHalo","GrandCross+1","DC"],"picked":"SKIP","floor":18},{"not_picked":["Singularity","ChargeUpSpray"],"picked":"Occultation","floor":19},{"not_picked":["WitchOfGreed+1","UnstableBomb"],"picked":"TreasureHunter","floor":22},{"not_picked":["AsteroidBelt","IllusionStar"],"picked":"MeteoricShower","floor":24},{"not_picked":["GalacticHalo","StarBarrage","UnstableBomb+1"],"picked":"SKIP","floor":29},{"not_picked":["GalacticHalo","UnstableBomb+1"],"picked":"StarBarrage","floor":29},{"not_picked":["MagicAbsorber","Orbital"],"picked":"WitchLeyline","floor":31},{"not_picked":["SporeBomb","IllusionStar","DC"],"picked":"SKIP","floor":35},{"not_picked":["ChargeUpSpray+1","Orbital+1","PowerUp+1"],"picked":"SKIP","floor":36},{"not_picked":["PowerUp","LuminesStrike+1","DC"],"picked":"SKIP","floor":39},{"not_picked":["ReplayTheSpireMod:Book of Names","infinitespire:UltimateForm"],"picked":"infinitespire:TheBestDefense","floor":41},{"not_picked":["NonDirectionalLaser+1","Acceleration"],"picked":"6A+1","floor":41},{"not_picked":["MilkyWay+1","OrrerysSun","6A"],"picked":"SKIP","floor":46},{"not_picked":["Sadistic Nature","Secret Weapon"],"picked":"Thinking Ahead","floor":47},{"not_picked":["Thinking Ahead","sagemod:Refine"],"picked":"ChaosCard","floor":47},{"not_picked":["ReplayTheSpireMod:Trickstab","hubris:Ssssneak"],"picked":"DemoMod:Deposit","floor":47},{"not_picked":["PowerUp+1","DarkMatter+1","IllusionStar+1"],"picked":"SKIP","floor":48},{"not_picked":["Occultation","NonDirectionalLaser","MysteriousBeam"],"picked":"SKIP","floor":52},{"not_picked":["DoubleSpark","EventHorizon"],"picked":"SporeBomb","floor":54},{"not_picked":["WitchOfGreed","GalacticHalo"],"picked":"SuperPerseids","floor":56},{"not_picked":["DeepEcoloBomb","SporeBomb","GalacticHalo"],"picked":"SKIP","floor":61},{"not_picked":["DragonMeteor","EarthLightRay","OrrerysSun"],"picked":"SKIP","floor":63},{"not_picked":["StarlightTyphoon","WitchLeyline","MagicAbsorber"],"picked":"SKIP","floor":65},{"not_picked":["GrandCross+1","PowerUp+1","OortCloud"],"picked":"SKIP","floor":69},{"not_picked":["MysteriousBeam+1","AsteroidBelt+1","WitchLeyline"],"picked":"SKIP","floor":71},{"not_picked":["ChargingUp","PowerUp","AsteroidBelt"],"picked":"SKIP","floor":73},{"not_picked":["IllusionStar","ManaConvection","MagicChant"],"picked":"SKIP","floor":74},{"not_picked":["MysteriousBeam+1","NonDirectionalLaser+1","PowerUp"],"picked":"SKIP","floor":76},{"not_picked":["GrandCross","AsteroidBelt+1","UnstableBomb+1"],"picked":"SKIP","floor":80},{"not_picked":["GrandCross","AsteroidBelt+1","UnstableBomb+1"],"picked":"SKIP","floor":80},{"not_picked":["DC+1","Acceleration"],"picked":"SatelliteIllusion","floor":81},{"not_picked":["SuperNova","FinalSpark"],"picked":"CollectingQuirk","floor":84},{"not_picked":["DoubleSpark","ShootingEcho+1","AsteroidBelt"],"picked":"SKIP","floor":86},{"not_picked":["OpenUniverse+1","WitchOfGreed+1"],"picked":"SprinkleStarSeal+1","floor":88},{"not_picked":["StarBarrage","GrandCross","MagicChant"],"picked":"SKIP","floor":91},{"not_picked":["ChargingUp+1","SporeBomb","GalacticHalo"],"picked":"SKIP","floor":95},{"not_picked":["SporeBomb","DeepEcoloBomb","MagicAbsorber"],"picked":"SKIP","floor":97},{"not_picked":["Survey Options","Secret Technique"],"picked":"Deep Breath","floor":98},{"not_picked":["ManaRampage","AbsoluteMagnitude"],"picked":"StarDustReverie","floor":101},{"not_picked":["LuminesStrike","GravityBeat","UnstableBomb"],"picked":"SKIP","floor":103},{"not_picked":["ShootingEcho","SporeBomb"],"picked":"Riddle With Holes","floor":105},{"not_picked":["MysteriousBeam","AsteroidBelt","ShootTheMoon"],"picked":"SKIP","floor":109},{"not_picked":["Slice","Infinite Blades","EventHorizon"],"picked":"SKIP","floor":112},{"not_picked":["Cloak And Dagger","LuminesStrike"],"picked":"MachineGunSpark","floor":113},{"not_picked":["DragonMeteor","Deflect","FinalSpark"],"picked":"Singing Bowl","floor":115},{"not_picked":["Tools of the Trade","JA","A Thousand Cuts"],"picked":"Singing Bowl","floor":118},{"not_picked":["GrandCross","AlicesGift","DarkSpark"],"picked":"Singing Bowl","floor":120},{"not_picked":["IllusionStar","OneTimeOff","AlicesGift+1"],"picked":"Singing Bowl","floor":121},{"not_picked":["MachineGunSpark","DC","DarkMatter+1"],"picked":"Singing Bowl","floor":124},{"not_picked":["OortCloud","StarBarrage","DarkSpark+1"],"picked":"Singing Bowl","floor":127},{"not_picked":["RefractionSpark","StarlightTyphoon","DC"],"picked":"Singing Bowl","floor":130},{"not_picked":["Acceleration","StarDustReverie","BinaryStars"],"picked":"Singing Bowl","floor":132},{"not_picked":["WitchLeyline","IllusionStar+1","EventHorizon"],"picked":"Singing Bowl","floor":133},{"not_picked":["JA","TreasureHunter","MillisecondPulsars"],"picked":"Singing Bowl","floor":135},{"not_picked":["MeteoricShower"],"picked":"Singing Bowl","floor":137},{"not_picked":["ShootTheMoon"],"picked":"Singing Bowl","floor":139},{"not_picked":["IllusionStar"],"picked":"Singing Bowl","floor":140},{"not_picked":["PropBag"],"picked":"Singing Bowl","floor":142},{"not_picked":["DarkSpark+1"],"picked":"Singing Bowl","floor":143},{"not_picked":["MaximisePower"],"picked":"Singing Bowl","floor":146},{"not_picked":["OrrerysSun+1"],"picked":"Singing Bowl","floor":147},{"not_picked":["SuperPerseids"],"picked":"Singing Bowl","floor":150},{"not_picked":["SuperNova"],"picked":"Singing Bowl","floor":152},{"not_picked":["Robbery+1"],"picked":"Singing Bowl","floor":156},{"not_picked":["SuperNova"],"picked":"Singing Bowl","floor":157}],"player_experience":1781881,"relics_obtained":[{"floor":6,"key":"Snack Pack"},{"floor":8,"key":"DemoMod:MeatBun"},{"floor":9,"key":"MyShadow"},{"floor":10,"key":"AmplifyWand"},{"floor":24,"key":"DollysMirror"},{"floor":26,"key":"DemoMod:SerJunkan"},{"floor":41,"key":"TheAbacus"},{"floor":43,"key":"Guardian:PocketSentry"},{"floor":46,"key":"ReplayTheSpireMod:ShopPack"},{"floor":48,"key":"construct:RocketBooster"},{"floor":54,"key":"DemoMod:Junk"},{"floor":58,"key":"Bag of Preparation"},{"floor":60,"key":"hubris:BottledRain"},{"floor":61,"key":"DemoMod:Junk"},{"floor":74,"key":"Old Coin"},{"floor":76,"key":"MealTicket"},{"floor":77,"key":"Replay:Bandana"},{"floor":88,"key":"hubris:SlimyHat"},{"floor":91,"key":"infinitespire:Bottled Soul"},{"floor":94,"key":"hubris:MobiusCoin"},{"floor":109,"key":"ReplayTheSpireMod:Lightbulb"},{"floor":111,"key":"Pear"},{"floor":113,"key":"Singing Bowl"},{"floor":113,"key":"theForsaken:ScaryMask"},{"floor":127,"key":"Replay:Mystery Machine"},{"floor":127,"key":"DemoMod:Metronome"},{"floor":128,"key":"Potion Belt"},{"floor":130,"key":"infinitespire:Beetle Shell"},{"floor":132,"key":"Chameleon Ring"},{"floor":132,"key":"Pen Nib"},{"floor":142,"key":"Replay:Wax Seal"},{"floor":145,"key":"infinitespire:Midas Blood"},{"floor":147,"key":"infinitespire:ShieldingShard"},{"floor":147,"key":"Boot"},{"floor":156,"key":"Replay:Rubber Ducky"}],"event_choices":[{"cards_removed":["Defend_MRS"],"damage_healed":0,"gold_gain":0,"player_choice":"Forget","damage_taken":0,"max_hp_gain":0,"max_hp_loss":0,"event_name":"Living Wall","floor":4,"gold_loss":0},{"damage_healed":0,"gold_gain":0,"player_choice":"Lose Max HP","damage_taken":0,"relics_obtained":["Golden Idol"],"max_hp_gain":0,"max_hp_loss":6,"event_name":"Golden Idol","floor":13,"gold_loss":0},{"damage_healed":0,"gold_gain":0,"player_choice":"Read","damage_taken":0,"max_hp_gain":0,"max_hp_loss":0,"event_name":"The Library","floor":28,"gold_loss":0,"cards_obtained":["ShootingEcho"]},{"damage_healed":0,"gold_gain":0,"player_choice":"Read","damage_taken":0,"max_hp_gain":0,"max_hp_loss":0,"event_name":"The Library","floor":70,"gold_loss":0,"cards_obtained":["WitchLeyline"]},{"damage_healed":0,"gold_gain":0,"player_choice":"Bet on Murderer","damage_taken":0,"max_hp_gain":0,"max_hp_loss":0,"event_name":"The Joust","floor":75,"gold_loss":50},{"damage_healed":0,"gold_gain":0,"player_choice":"Obtain J.A.X.","damage_taken":0,"max_hp_gain":0,"max_hp_loss":0,"event_name":"Drug Dealer","floor":79,"gold_loss":0,"cards_obtained":["J.A.X."]},{"damage_healed":0,"gold_gain":0,"player_choice":"Fight","damage_taken":0,"max_hp_gain":0,"max_hp_loss":0,"event_name":"MindBloom","floor":88,"gold_loss":0},{"damage_healed":0,"gold_gain":0,"player_choice":"Max HP","damage_taken":0,"max_hp_gain":0,"max_hp_loss":3,"event_name":"Winding Halls","floor":90,"gold_loss":0},{"damage_healed":0,"gold_gain":0,"player_choice":"Memory 3","damage_taken":10,"max_hp_gain":0,"max_hp_loss":0,"event_name":"SensoryStone","floor":98,"gold_loss":0},{"damage_healed":0,"gold_gain":1,"player_choice":"Relic ","damage_taken":12,"max_hp_gain":0,"max_hp_loss":0,"event_name":"betterThird:BetterScrap","floor":106,"gold_loss":0,"cards_obtained":["Thunder Strike"]},{"cards_removed":["DC"],"damage_healed":0,"gold_gain":0,"player_choice":"Card Removal","damage_taken":0,"max_hp_gain":0,"max_hp_loss":0,"event_name":"The Cleric","floor":110,"gold_loss":50},{"damage_healed":0,"gold_gain":0,"player_choice":"Insight","damage_taken":0,"max_hp_gain":0,"max_hp_loss":0,"event_name":"betterThird:BetterWriting","floor":122,"gold_loss":0,"cards_obtained":["Insight"]}],"is_beta":false,"boss_relics":[{"not_picked":["infinitespire:EmpoweringShard","SalivaCoin"],"picked":"Peace Pipe"},{"not_picked":[]},{"not_picked":["Winged Necklace","hubris:Metronome"],"picked":"ClockworkSouvenir"},{"not_picked":[]},{"not_picked":["hubris:ScarierMask","ReplayFunnel"],"picked":"Strawberry"},{"not_picked":[]},{"not_picked":["hubris:ScarierMask","ReplayTheSpireMod:SealedPack"],"picked":"Ring of Chaos"},{"not_picked":[]},{"not_picked":["Calling Bell","BewitchedHakkero"],"picked":"beaked:SacredDeck"},{"not_picked":[]},{"not_picked":["Kintsugi","DemoMod:RiddleOfLead"],"picked":"RampagingMagicTools"},{"not_picked":[]},{"not_picked":["ChewingGum","infinitespire:Cupcake"],"picked":"thethorton:CrushedCigarette"},{"not_picked":[]},{"not_picked":["hubris:CrackedHourglass","hubris:ScarierMask"],"picked":"Busted Crown"},{"not_picked":[]},{"not_picked":["Kintsugi","Honey Jar","theForsaken:PaleLantern"]}],"items_purged_floors":[2,20,30,38,44,59],"is_endless":true,"potions_floor_spawned":[6,14,18,29,36,39,41,50,54,56,67,73,81,86,88,95,105,113,118,121,124,130,133,135,137,142,143,146],"ascension_level":1}}