{"host":"gk9qdtkqd8dwfeg2","time":1614089099,"event":{"mods":["Act Like it!","Aspiration","BaseMod","Colored Powertips","Gensokyo","Minty Spire (QoL Compilation)","Quick Restart","Reimu£®≤©¿ˆ¡È√Œ£©","Remilia£®¿Ÿ√◊¿Ú—«£©","Replay The Spire","Shop Mod","StSLib","TestMod","The Servant 0.9.4","Waifu the Spire","Youmu£®ªÍ∆«—˝√Œ£©","°æ“≈ŒÔø®≈∆°øREMEMod"],"gold_per_floor":[118,118,153,153,153,184,184,233,260,270,309,334,334,344,344,440,440,460,151,251,270,287,287,336,346,346,346,372,51,68,92,92,92,92],"floor_reached":33,"language":"ZHS","playtime":4774,"items_purged":[],"score":765,"play_id":"8af98360-0e91-4bf7-9bc6-6983c336fde0","local_time":"20210223220459","daily_mods":["Insanity","Purple Cards","DeadlyEvents"],"is_ascension_mode":true,"campfire_choices":[{"floor":7,"key":"REST"},{"data":"MurderousAura","floor":13,"key":"SMITH"},{"data":"Stigmanizer","floor":15,"key":"SMITH"},{"data":"CharismaGuard","floor":23,"key":"SMITH"},{"data":"MastersStateliness","floor":32,"key":"SMITH"}],"circlet_count":0,"master_deck":["AscendersBane","NightDance","NightDance","StarOfDavid","MastersStateliness","ScarletNetherworld","FitfulNightmare","MastersStateliness+1","Stigmanizer","Stigmanizer+1","ScarletDevil","BloodHunter","BombardNight","CharismaGuard","ScarletDevilSign","VampirishNight","EndlessAdversity","ForbiddenFruit","StarOfDavid","ScarletSymphony","Septette","HunterOfTheNight","VampireFantasy","SuperhumanBloodyKnife","VampireFantasy","VampireKiss","BloodAndWine","ScarletImprint","EndlessAdversity","DiffusionOfMisfortune","UnstableMagic","BloodHunter","EternalNight","Stigmanizer","BloodyTrap","MillenniumVampire","NightLord","UnstableMagic","NightLord","ScarletSymphony","BloodHunter","FavorOfDestiny","BlasphemousPunishment","MiserableFate","ScarletSymphony","BloodHunter","MillenniumVampire","VampireClaw","DiffusionOfMisfortune","UnderTheZenith","MurderousAura+1","MiserableFate","CharismaGuard","CharismaGuard+1","BloodyCatastrophe","ScarletGensokyo","HellFireSword","BloodyHallows","DevilSight","Steam Power","ScarletDream+1","VampirishNight+1","Gensokyo:AllTheWorldsEvil"],"relics":["ScarletHat","testmod-TestBox","REME_ComplimentaryCards","testmod-HeartOfDaVinci","Gensokyo:Justice","Pear","Letter Opener","Pondfish Scales","Oddly Smooth Stone","Hakurouken","Coffee Dripper","ClockworkSouvenir","HandDrill","TungstenRod","Cracked Core","Tiny Chest","Happy Flower","testmod-IndustrialRevolution","aspiration:ChemicalBlood","MerchantsRug","testmod-Antiphasic"],"acts_visited":["Exordium","Gensokyo:Gensokyo"],"potions_floor_usage":[10,12,20,30,33,33],"damage_taken":[{"damage":13,"enemies":"Gensokyo:3_Fairies","floor":1,"turns":3},{"damage":5,"enemies":"Gensokyo:Python","floor":3,"turns":3},{"damage":15,"enemies":"Gensokyo:Mamizou","floor":6,"turns":9},{"damage":7,"enemies":"Gensokyo:Aya","floor":8,"turns":4},{"damage":0,"enemies":"Gensokyo:2_Kodama","floor":10,"turns":4},{"damage":8,"enemies":"Gensokyo:CorruptedTreant","floor":11,"turns":3},{"damage":0,"enemies":"Gensokyo:Mamizou","floor":12,"turns":7},{"damage":0,"enemies":"Gensokyo:Kitsune","floor":14,"turns":4},{"damage":23,"enemies":"Gensokyo:Kokoro","floor":16,"turns":10},{"damage":19,"enemies":"Gensokyo:AngelMirror","floor":18,"turns":5},{"damage":8,"enemies":"Gensokyo:AngelMirror","floor":20,"turns":8},{"damage":0,"enemies":"Gensokyo:2_Gloops","floor":21,"turns":3},{"damage":0,"enemies":"Gensokyo:Slime_Group","floor":22,"turns":3},{"damage":41,"enemies":"Gensokyo:Reisen","floor":24,"turns":5},{"damage":0,"enemies":"Gensokyo:Swordslinger","floor":25,"turns":4},{"damage":0,"enemies":"Gensokyo:Koishi","floor":28,"turns":4},{"damage":4,"enemies":"Gensokyo:Monolith_and_Dog","floor":30,"turns":4},{"damage":59,"enemies":"Gensokyo:Eternal_Rivals","floor":33,"turns":4}],"seed_played":"-7586973719376516901","potions_obtained":[{"floor":6,"key":"REME_GoldPotion"},{"floor":8,"key":"Explosive Potion"},{"floor":10,"key":"BlessingOfTheForge"},{"floor":12,"key":"Regen Potion"},{"floor":21,"key":"Languid Potion"},{"floor":33,"key":"Block Potion"},{"floor":33,"key":"Swift Potion"}],"is_trial":true,"path_per_floor":["M","$","M","?","?","E","R","E","T","M","M","E","R","M","R","B",null,"M","COS","?","M","M","R","E","M","T","?","E","$","M","T","R","B"],"character_chosen":"REMILIA","items_purchased":["aspiration:ChemicalBlood","MerchantsRug"],"campfire_rested":1,"item_purchase_floors":[29,29],"current_hp_per_floor":[51,51,50,50,40,29,53,51,51,55,49,52,52,55,55,41,70,53,53,73,75,80,80,40,50,50,50,50,50,47,47,47,0,0],"gold":92,"neow_bonus":"","is_daily":false,"chose_seed":false,"campfire_upgraded":4,"win_rate":0.0,"timestamp":1614089099,"path_taken":["M","$","M","?","?","E","R","E","T","M","M","E","R","M","R","BOSS","M","COS","?","M","M","R","E","M","T","?","?","$","?","?","R","BOSS"],"items_purchased_type":["Relic","Relic"],"build_version":"2020-12-22","purchased_purges":0,"victory":false,"max_hp_per_floor":[70,70,70,70,80,80,80,80,80,80,80,80,80,80,80,80,80,80,80,80,80,80,80,80,80,80,80,80,80,80,80,80,80,80],"card_choices":[{"not_picked":["MastersStateliness","BloodHunter"],"picked":"MiserableFate","floor":1},{"not_picked":["Stigmanizer","BloodyMagicSquare","BloodHunter"],"picked":"SKIP","floor":3},{"not_picked":["BlasphemousPunishment","EndlessAdversity"],"picked":"CharismaGuard","floor":6},{"not_picked":["EndlessAdversity","DiffusionOfMisfortune"],"picked":"CharismaGuard","floor":8},{"not_picked":["BlasphemousPunishment","VampireKiss"],"picked":"BloodyCatastrophe","floor":10},{"not_picked":["DiffusionOfMisfortune","ScarletDevil"],"picked":"ScarletGensokyo","floor":11},{"not_picked":["ScarletImprint","StarOfDavid","RedRainbow"],"picked":"SKIP","floor":12},{"not_picked":["ScarletImprint","StarOfDavid","RedRainbow"],"picked":"SKIP","floor":12},{"not_picked":["Stigmanizer","RedMagic","StarOfDavid"],"picked":"SKIP","floor":14},{"not_picked":["CurseOfVladTepes","ChaoticDestiny"],"picked":"BloodyHallows","floor":16},{"not_picked":["UnderTheZenith","Stigmanizer"],"picked":"DevilSight","floor":18},{"not_picked":["RedRainbow","DiffusionOfMisfortune"],"picked":"ScarletDream+1","floor":21},{"not_picked":["BloodyMagicSquare","ScarletImprint","BloodAndWine"],"picked":"SKIP","floor":22},{"not_picked":["ForbiddenFruit","DiffusionOfMisfortune"],"picked":"VampirishNight+1","floor":24},{"not_picked":["BadLadyScramble+1","Stigmanizer","RedMagic+1"],"picked":"SKIP","floor":25},{"not_picked":["BloodHunter","AfternoonTea+1","NightLord"],"picked":"SKIP","floor":28},{"not_picked":["ScarletDevilSign","StarOfDavid","RedRainbow"],"picked":"SKIP","floor":30}],"player_experience":826670,"relics_obtained":[{"floor":6,"key":"Letter Opener"},{"floor":8,"key":"Pondfish Scales"},{"floor":9,"key":"Oddly Smooth Stone"},{"floor":12,"key":"Hakurouken"},{"floor":20,"key":"TungstenRod"},{"floor":20,"key":"Cracked Core"},{"floor":24,"key":"Tiny Chest"},{"floor":26,"key":"Happy Flower"},{"floor":28,"key":"testmod-IndustrialRevolution"},{"floor":31,"key":"testmod-Antiphasic"}],"event_choices":[],"is_beta":false,"boss_relics":[{"not_picked":["testmod-KeyOfTheVoid","testmod-Prudence"],"picked":"Coffee Dripper"}],"items_purged_floors":[],"is_endless":false,"potions_floor_spawned":[8,10,11,14,16,21,22,24],"killed_by":"Gensokyo:Eternal_Rivals","ascension_level":20}}