{"host":"64gqi7dm4ozxia1w","time":1614069292,"event":{"mods":["Act Like it!","BaseMod","CapriCore","Colored Map","Friendly Minions","Minty Spire (QoL Compilation)","Reliquary","Ruina","StSLib","The Immortal"],"gold_per_floor":[114,130,33,33,33,62,62,81,81,93,93,93,93],"floor_reached":11,"language":"KOR","playtime":466,"items_purged":[],"score":73,"play_id":"deae804f-5412-4be4-a848-c7493f13c115","local_time":"20210223173452","is_ascension_mode":false,"campfire_choices":[{"data":"MokouMod:HeartofFire","floor":7,"key":"SMITH"}],"circlet_count":0,"master_deck":["MokouMod:Strike","MokouMod:Strike","MokouMod:Strike","MokouMod:Strike","MokouMod:Strike","MokouMod:Defend","MokouMod:Defend","MokouMod:Defend","MokouMod:HeatSpark","Dark Shackles","MokouMod:Wildfire","MokouMod:Overheat","MokouMod:ScorchedEarth","MokouMod:FlareStarter","MokouMod:HeartofFire+1","MokouMod:BurningHiddenBullet"],"relics":["MokouMod:PhoenixFeather","reliquary:Firecrackers","reliquary:JackalopeAntler"],"acts_visited":["Exordium"],"potions_floor_usage":[11],"damage_taken":[{"damage":5,"enemies":"Cultist","floor":1,"turns":4},{"damage":6,"enemies":"Jaw Worm","floor":2,"turns":3},{"damage":19,"enemies":"3 Sentries","floor":6,"turns":9},{"damage":7,"enemies":"2 Louse","floor":8,"turns":3},{"damage":6,"enemies":"Blue Slaver","floor":10,"turns":5},{"damage":11,"enemies":"Lagavulin","floor":11,"turns":7}],"seed_played":"-6364627857193303996","potions_obtained":[{"floor":1,"key":"ColorlessPotion"},{"floor":2,"key":"DistilledChaos"}],"is_trial":false,"path_per_floor":["M","M","$","?","?","E","R","M","T","M","E"],"character_chosen":"MKU","items_purchased":["MokouMod:ScorchedEarth","MokouMod:FlareStarter"],"campfire_rested":0,"item_purchase_floors":[3,3],"current_hp_per_floor":[70,64,64,57,62,43,43,36,36,30,19,19,19],"gold":93,"neow_bonus":"RANDOM_COLORLESS","is_daily":false,"chose_seed":false,"campfire_upgraded":1,"win_rate":0.0,"timestamp":1614069292,"path_taken":["M","?","?","?","?","E","R","M","T","M","E"],"items_purchased_type":["Card","Card"],"build_version":"2020-12-22","purchased_purges":0,"victory":false,"max_hp_per_floor":[75,75,75,75,80,80,80,80,80,80,80,80,80],"card_choices":[{"not_picked":["Deep Breath","Jack Of All Trades"],"picked":"Dark Shackles","floor":0},{"not_picked":["MokouMod:Burn","MokouMod:EternalBurstReactor"],"picked":"MokouMod:Wildfire","floor":1},{"not_picked":["MokouMod:IgnitionBlast","MokouMod:UncontrollableSolarReaction"],"picked":"MokouMod:Overheat","floor":2},{"not_picked":["MokouMod:InfernalWave","MokouMod:HeatCyclone"],"picked":"MokouMod:HeartofFire","floor":6},{"not_picked":["MokouMod:HeatCyclone","MokouMod:Cataclysm","MokouMod:ScorchingColumn"],"picked":"SKIP","floor":8},{"not_picked":["MokouMod:InfernalWave","MokouMod:RoaringFlare"],"picked":"MokouMod:BurningHiddenBullet","floor":10}],"player_experience":413940,"relics_obtained":[{"floor":6,"key":"reliquary:Firecrackers"},{"floor":9,"key":"reliquary:JackalopeAntler"}],"event_choices":[{"cards_removed":["MokouMod:Defend"],"damage_healed":0,"gold_gain":0,"player_choice":"Card Removal","damage_taken":7,"max_hp_gain":0,"max_hp_loss":0,"event_name":"Golden Wing","floor":4,"gold_loss":0},{"damage_healed":0,"gold_gain":0,"player_choice":"Donut","damage_taken":0,"max_hp_gain":5,"max_hp_loss":0,"event_name":"Big Fish","floor":5,"gold_loss":0}],"is_beta":false,"boss_relics":[],"items_purged_floors":[],"is_endless":false,"potions_floor_spawned":[1,2],"killed_by":"Lagavulin","ascension_level":0}}