{"host":"uu5atvg0x4du4ixw","time":1614081350,"event":{"mods":["Act Like it!","BaseMod","Koishi","Minty Spire (QoL Compilation)","StSLib","The Servant 0.9.4"],"gold_per_floor":[117,192,192,206,216,251,251,251,251,268,280,280,280,280],"floor_reached":13,"language":"ZHS","playtime":372,"items_purged":[],"score":85,"play_id":"ea3ed441-e2b7-44aa-9300-e153a75e890b","local_time":"20210223195550","is_ascension_mode":false,"campfire_choices":[{"data":"DoubleEdge","floor":7,"key":"SMITH"},{"floor":12,"key":"DIG"}],"circlet_count":0,"master_deck":["Strike_S","Strike_S","Strike_S","Strike_S","Defend_S","Defend_S","Defend_S","Defend_S","KidneyShot","Exchange","FastForward","Ricochet","DoubleEdge+1","Revamp"],"relics":["Uniform","NeowsBlessing","Du-Vu Doll","PocketWatch","Shovel","Peace Pipe","CaptainsWheel"],"acts_visited":["Exordium"],"potions_floor_usage":[11],"damage_taken":[{"damage":0,"enemies":"2 Louse","floor":1,"turns":1},{"damage":0,"enemies":"Jaw Worm","floor":4,"turns":1},{"damage":0,"enemies":"Cultist","floor":5,"turns":1},{"damage":14,"enemies":"Gremlin Nob","floor":6,"turns":4},{"damage":12,"enemies":"Exordium Thugs","floor":10,"turns":3},{"damage":7,"enemies":"Large Slime","floor":11,"turns":5},{"damage":13,"enemies":"Lagavulin","floor":13,"turns":8}],"seed_played":"-6516077311520524542","potions_obtained":[{"floor":1,"key":"DistilledChaos"}],"is_trial":false,"path_per_floor":["M","?","?","M","M","E","R","T","T","M","M","R","E"],"character_chosen":"THE_SERVANT","items_purchased":[],"campfire_rested":0,"item_purchase_floors":[],"current_hp_per_floor":[65,54,42,42,42,28,28,28,28,16,9,9,0,0],"gold":280,"neow_bonus":"THREE_ENEMY_KILL","is_daily":false,"chose_seed":false,"campfire_upgraded":1,"win_rate":0.0,"timestamp":1614081350,"path_taken":["M","?","?","M","M","E","R","?","T","M","?","R","E"],"items_purchased_type":[],"build_version":"2020-12-22","purchased_purges":0,"victory":false,"max_hp_per_floor":[65,65,65,65,65,65,65,65,65,65,65,65,65,65],"card_choices":[{"not_picked":["Collapse","Starlight"],"picked":"FastForward","floor":1},{"not_picked":["Unruled","ShatteredReality"],"picked":"Ricochet","floor":4},{"not_picked":["Rearm","DualDimension"],"picked":"DoubleEdge","floor":5},{"not_picked":["Rewind","Sabotage"],"picked":"Revamp","floor":6},{"not_picked":["TimeWarp","Luminosity","ShatteredReality"],"picked":"SKIP","floor":10},{"not_picked":["ShatteredReality","Defy","Spin"],"picked":"SKIP","floor":11}],"player_experience":54969,"relics_obtained":[{"floor":6,"key":"PocketWatch"},{"floor":8,"key":"Shovel"},{"floor":9,"key":"Peace Pipe"},{"floor":12,"key":"CaptainsWheel"}],"event_choices":[{"damage_healed":0,"gold_gain":75,"player_choice":"Gather Gold","damage_taken":11,"max_hp_gain":0,"max_hp_loss":0,"event_name":"World of Goop","floor":2,"gold_loss":0},{"damage_healed":0,"gold_gain":0,"player_choice":"Success","damage_taken":12,"relics_obtained":["Du-Vu Doll"],"max_hp_gain":0,"max_hp_loss":0,"event_name":"Scrap Ooze","floor":3,"gold_loss":0}],"is_beta":false,"boss_relics":[],"items_purged_floors":[],"is_endless":false,"potions_floor_spawned":[1],"killed_by":"Lagavulin","ascension_level":0}}