{"host":"v54ek091sdz7ha6h","time":1614090882,"event":{"mods":["BaseMod","Colored Map","Colored Powertips","Custom Start","DeckTracker","Highlight Path","KOR Keyword Fix","Minty Spire (QoL Compilation)","Random Character Button","Rare Cards Sparkle","Relic Stats","StSLib","SuperFastMode","everything is the same but u backflip on backflip"],"gold_per_floor":[114,132,132,207,157,157,157,157,209,209,240,257,267,280,280,378,378,392,412,423,21,120,147,147,164,164,189,201,232,26,26,26,126,126,146,164,164,212,212,212,241,258,284,334,366,366,385,401,401,401,401,401,45,70,70],"floor_reached":56,"language":"KOR","playtime":2372,"items_purged":["Strike_G","Blade Dance+1"],"score":1602,"play_id":"883cfe75-88f2-4aba-ada1-e6e8fb63b869","local_time":"20210223233442","is_ascension_mode":false,"campfire_choices":[{"data":"Blade Dance","floor":6,"key":"SMITH"},{"floor":8,"key":"REST"},{"data":"Neutralize","floor":10,"key":"SMITH"},{"data":"Choke","floor":15,"key":"SMITH"},{"data":"Tactician","floor":24,"key":"SMITH"},{"data":"Prepared","floor":28,"key":"SMITH"},{"data":"Acrobatics","floor":32,"key":"SMITH"},{"data":"Malaise","floor":40,"key":"SMITH"},{"floor":49,"key":"RECALL"},{"data":"Backflip","floor":52,"key":"SMITH"}],"circlet_count":0,"master_deck":["Defend_G","Defend_G","Survivor","Neutralize+1","Backflip+1","Tactician+1","Acrobatics+1","Choke+1","Flying Knee","Die Die Die","Bullet Time+1","Blur+1","Venomology+1","Reflex+1","Cloak And Dagger+1","Prepared+1","PiercingWail+1","After Image","Malaise+1","Blade Dance+1"],"relics":["Ring of the Snake","Bronze Scales","Potion Belt","Gremlin Horn","Astrolabe","Medical Kit","InkBottle","Happy Flower","MawBank","Centennial Puzzle","Busted Crown","Lizard Tail","White Beast Statue","Oddly Smooth Stone","Ice Cream","Shuriken","Membership Card","Lantern","Bottled Lightning"],"acts_visited":["Exordium","TheCity","TheBeyond","TheEnding"],"potions_floor_usage":[11,23,23,23,25,29,29,29,33,33,33,33,33,35,36,38,41,42,42,44,44,45,47,48,50,50,54,55,55,55,55],"damage_taken":[{"damage":0,"enemies":"2 Louse","floor":1,"turns":2},{"damage":0,"enemies":"Small Slimes","floor":2,"turns":3},{"damage":8,"enemies":"3 Sentries","floor":11,"turns":7},{"damage":0,"enemies":"Cultist","floor":12,"turns":3},{"damage":0,"enemies":"Exordium Wildlife","floor":13,"turns":3},{"damage":0,"enemies":"Blue Slaver","floor":14,"turns":3},{"damage":29,"enemies":"Slime Boss","floor":16,"turns":10},{"damage":0,"enemies":"Shell Parasite","floor":18,"turns":1},{"damage":0,"enemies":"3 Byrds","floor":19,"turns":3},{"damage":0,"enemies":"Centurion and Healer","floor":20,"turns":5},{"damage":5,"enemies":"Book of Stabbing","floor":23,"turns":5},{"damage":1,"enemies":"Sentry and Sphere","floor":25,"turns":5},{"damage":0,"enemies":"3 Cultists","floor":27,"turns":4},{"damage":0,"enemies":"Snecko","floor":29,"turns":1},{"damage":0,"enemies":"Automaton","floor":33,"turns":6},{"damage":0,"enemies":"Orb Walker","floor":35,"turns":2},{"damage":0,"enemies":"3 Darklings","floor":36,"turns":3},{"damage":1,"enemies":"2 Orb Walkers","floor":38,"turns":5},{"damage":0,"enemies":"Giant Head","floor":41,"turns":4},{"damage":0,"enemies":"Sphere and 2 Shapes","floor":42,"turns":3},{"damage":0,"enemies":"Mind Bloom Boss Battle","floor":44,"turns":4},{"damage":0,"enemies":"Reptomancer","floor":45,"turns":2},{"damage":2,"enemies":"Transient","floor":47,"turns":5},{"damage":0,"enemies":"3 Darklings","floor":48,"turns":3},{"damage":0,"enemies":"Awakened One","floor":50,"turns":6},{"damage":0,"enemies":"Shield and Spear","floor":54,"turns":4},{"damage":0,"enemies":"The Heart","floor":55,"turns":5}],"seed_played":"-2243900816751545378","potions_obtained":[{"floor":2,"key":"DistilledChaos"},{"floor":16,"key":"Swift Potion"},{"floor":18,"key":"Block Potion"},{"floor":23,"key":"Fruit Juice"},{"floor":27,"key":"Swift Potion"},{"floor":29,"key":"Poison Potion"},{"floor":42,"key":"Explosive Potion"},{"floor":44,"key":"Strength Potion"},{"floor":47,"key":"LiquidBronze"},{"floor":54,"key":"FearPotion"}],"is_trial":false,"path_per_floor":["M","M","?","?","?","R","?","R","T","R","E","M","M","M","R","B",null,"M","M","M","$","?","E","R","M","T","M","R","M","$","?","R","B",null,"M","M","T","?","?","R","E","M","T","?","E","?","M","M","R","B",null,"R","$","E","B",null],"character_chosen":"THE_SILENT","items_purchased":["Medical Kit","InkBottle","Centennial Puzzle","Membership Card","Lantern","Fruit Juice","Dexterity Potion"],"campfire_rested":1,"item_purchase_floors":[21,21,30,53,53,53,53],"current_hp_per_floor":[70,70,45,34,34,34,27,48,48,48,40,40,40,40,40,11,70,70,70,70,70,70,65,65,64,64,64,64,64,64,64,64,69,75,75,75,75,74,74,74,74,74,74,74,74,64,62,62,62,62,75,75,75,80,80],"gold":70,"neow_bonus":"REMOVE_CARD","is_daily":false,"chose_seed":false,"campfire_upgraded":8,"win_rate":0.0,"timestamp":1614090882,"path_taken":["M","M","?","?","?","R","?","R","T","R","E","M","M","M","R","BOSS","M","M","M","$","?","E","R","M","T","M","R","M","$","?","R","BOSS","M","M","?","?","?","R","E","M","T","?","E","?","?","M","R","BOSS","R","$","E","BOSS"],"items_purchased_type":["Relic","Relic","Relic","Relic","Relic","Potion","Potion"],"build_version":"2020-12-22","purchased_purges":2,"victory":true,"max_hp_per_floor":[70,70,70,70,70,70,70,70,70,70,70,70,70,70,70,70,70,70,70,70,70,70,70,70,70,70,70,70,70,70,70,70,75,75,75,75,75,75,75,75,75,75,75,75,75,75,75,75,75,75,75,75,75,80,80],"relic_stats":{"Gremlin Horn":[20,27],"Happy Flower":[20],"counters":[27,107],"Astrolabe":["Bullet Time","Blur","Venomology"],"Medical Kit":[11],"MawBank":48,"Centennial Puzzle":[6],"Lizard Tail":0,"Busted Crown":26,"Shuriken":[46],"Bronze Scales":[272],"obtain_stats":[{"Potion Belt":9,"Ice Cream":44,"Lantern":53,"Gremlin Horn":11,"Happy Flower":23,"Astrolabe":17,"Oddly Smooth Stone":43,"Medical Kit":21,"MawBank":26,"White Beast Statue":41,"Centennial Puzzle":30,"Lizard Tail":38,"Busted Crown":34,"Shuriken":45,"Bronze Scales":3,"Membership Card":53,"Bottled Lightning":54,"InkBottle":21,"Ring of the Snake":0},{"Potion Belt":2,"Ice Cream":21,"Lantern":25,"Gremlin Horn":3,"Happy Flower":11,"Astrolabe":7,"Oddly Smooth Stone":20,"Medical Kit":10,"MawBank":12,"White Beast Statue":19,"Centennial Puzzle":14,"Lizard Tail":18,"Busted Crown":15,"Shuriken":22,"Bronze Scales":2,"Membership Card":25,"Bottled Lightning":26,"InkBottle":10,"Ring of the Snake":0},{"Potion Belt":5,"Ice Cream":82,"Lantern":98,"Gremlin Horn":12,"Happy Flower":45,"Astrolabe":31,"Oddly Smooth Stone":78,"Medical Kit":40,"MawBank":50,"White Beast Statue":75,"Centennial Puzzle":55,"Lizard Tail":71,"Busted Crown":61,"Shuriken":84,"Bronze Scales":5,"Membership Card":98,"Bottled Lightning":102,"InkBottle":40,"Ring of the Snake":0}],"InkBottle":[51],"Ring of the Snake":[54]},"card_choices":[{"not_picked":["Slice","Caltrops"],"picked":"Backflip","floor":1},{"not_picked":["Slice","Tactician"],"picked":"Blade Dance","floor":2},{"not_picked":["Infinite Blades","Footwork"],"picked":"Tactician","floor":11},{"not_picked":["Deadly Poison","Deflect"],"picked":"Acrobatics","floor":12},{"not_picked":["Blade Dance","Poisoned Stab"],"picked":"Choke","floor":13},{"not_picked":["Bane","Dodge and Roll"],"picked":"Flying Knee","floor":14},{"not_picked":["Unload","Venomology"],"picked":"Die Die Die","floor":16},{"not_picked":["Cloak And Dagger","Prepared"],"picked":"Reflex","floor":18},{"not_picked":["Masterful Stab","Backflip","Blur"],"picked":"SKIP","floor":19},{"not_picked":["Deadly Poison+1","Heel Hook+1","Expertise"],"picked":"SKIP","floor":20},{"not_picked":["Well Laid Plans","Flying Knee"],"picked":"Cloak And Dagger+1","floor":23},{"not_picked":["Dodge and Roll","Dagger Spray"],"picked":"Prepared","floor":25},{"not_picked":["Expertise","Dagger Throw"],"picked":"PiercingWail+1","floor":27},{"not_picked":["Catalyst","Masterful Stab"],"picked":"After Image","floor":29},{"not_picked":["Wraith Form v2","Night Terror"],"picked":"Malaise","floor":33},{"not_picked":["Dagger Spray"],"picked":"SKIP","floor":35},{"not_picked":[],"picked":"Blade Dance+1","floor":36},{"not_picked":["Backstab"],"picked":"SKIP","floor":41},{"not_picked":["Backstab"],"picked":"SKIP","floor":42},{"not_picked":["Noxious Fumes+1"],"picked":"SKIP","floor":45},{"not_picked":["Underhanded Strike"],"picked":"SKIP","floor":47},{"not_picked":["Acrobatics"],"picked":"SKIP","floor":48},{"not_picked":["Eviscerate"],"picked":"SKIP","floor":54}],"player_experience":1493340,"relics_obtained":[{"floor":9,"key":"Potion Belt"},{"floor":11,"key":"Gremlin Horn"},{"floor":23,"key":"Happy Flower"},{"floor":26,"key":"MawBank"},{"floor":38,"key":"Lizard Tail"},{"floor":41,"key":"White Beast Statue"},{"floor":43,"key":"Oddly Smooth Stone"},{"floor":44,"key":"Ice Cream"},{"floor":45,"key":"Shuriken"},{"floor":54,"key":"Bottled Lightning"}],"event_choices":[{"damage_healed":0,"gold_gain":0,"player_choice":"Success","damage_taken":25,"relics_obtained":["Bronze Scales"],"max_hp_gain":0,"max_hp_loss":0,"event_name":"Scrap Ooze","floor":3,"gold_loss":0},{"damage_healed":0,"gold_gain":75,"player_choice":"Gather Gold","damage_taken":11,"max_hp_gain":0,"max_hp_loss":0,"event_name":"World of Goop","floor":4,"gold_loss":0},{"cards_removed":["Strike_G"],"damage_healed":0,"gold_gain":0,"player_choice":"Card Removal","damage_taken":0,"max_hp_gain":0,"max_hp_loss":0,"event_name":"The Cleric","floor":5,"gold_loss":50},{"cards_removed":["Strike_G"],"damage_healed":0,"gold_gain":0,"player_choice":"Card Removal","damage_taken":7,"max_hp_gain":0,"max_hp_loss":0,"event_name":"Golden Wing","floor":7,"gold_loss":0},{"damage_healed":0,"gold_gain":99,"player_choice":"Stole From Cult","damage_taken":0,"max_hp_gain":0,"max_hp_loss":0,"event_name":"Nest","floor":22,"gold_loss":0},{"damage_healed":0,"gold_gain":0,"player_choice":"Upgraded","damage_taken":0,"max_hp_gain":0,"max_hp_loss":0,"event_name":"Upgrade Shrine","floor":31,"gold_loss":0,"cards_upgraded":["Reflex"]},{"damage_healed":0,"gold_gain":0,"player_choice":"Fight","damage_taken":0,"max_hp_gain":0,"max_hp_loss":0,"event_name":"Mysterious Sphere","floor":38,"gold_loss":0},{"cards_removed":["Defend_G"],"damage_healed":0,"gold_gain":0,"player_choice":"Removed Skill","damage_taken":0,"max_hp_gain":0,"max_hp_loss":0,"event_name":"Falling","floor":39,"gold_loss":0},{"damage_healed":0,"gold_gain":0,"player_choice":"Fight","damage_taken":0,"max_hp_gain":0,"max_hp_loss":0,"event_name":"MindBloom","floor":44,"gold_loss":0},{"damage_healed":0,"gold_gain":0,"player_choice":"Memory 3","damage_taken":10,"max_hp_gain":0,"max_hp_loss":0,"event_name":"SensoryStone","floor":46,"gold_loss":0}],"is_beta":false,"boss_relics":[{"not_picked":["Ectoplasm","SacredBark"],"picked":"Astrolabe"},{"not_picked":["Ring of the Serpent","Sozu"],"picked":"Busted Crown"}],"items_purged_floors":[30,53],"is_endless":false,"potions_floor_spawned":[2,16,18,23,27,29,36,42,44,45,47,48,54],"ascension_level":0}}