{"host":"sav7uxregyirlf69","time":1614068846,"event":{"mods":["AchievementEnabler","BaseMod","Colored Map","DeckTracker","Keyboard Shortcuts","Minty Spire (QoL Compilation)","READ ME - Guardian Mod","StSLib","SuperFastMode"],"gold_per_floor":[15,26,42,53,53,53,80,80,80,80,100,25,25,36,36,113,113,130,45,45,45],"floor_reached":20,"language":"KOR","playtime":345,"items_purged":["Strike_B"],"score":348,"play_id":"20c81ba4-2dd0-4120-8201-2e38147b6311","local_time":"20210223172726","is_ascension_mode":true,"campfire_choices":[{"data":"Sunder","floor":6.0,"key":"SMITH"},{"data":"Dualcast","floor":8,"key":"SMITH"},{"data":"Coolheaded","floor":13,"key":"SMITH"},{"data":"Rainbow","floor":15,"key":"SMITH"}],"circlet_count":0,"master_deck":["AscendersBane","Strike_B","Strike_B","Strike_B","Defend_B","Defend_B","Defend_B","Defend_B","Zap","Dualcast+1","Rainbow+1","Coolheaded+1","Conserve Battery","Sunder+1","Beam Cell","Double Energy","Self Repair","Consume","Core Surge","Undo"],"relics":["Cracked Core","Cables","StrikeDummy","Philosopher\u0027s Stone","Centennial Puzzle"],"acts_visited":["Exordium","TheCity"],"potions_floor_usage":[7],"damage_taken":[{"damage":0.0,"enemies":"Cultist","floor":1.0,"turns":4.0},{"damage":8.0,"enemies":"Jaw Worm","floor":2.0,"turns":3.0},{"damage":5.0,"enemies":"Small Slimes","floor":3.0,"turns":4.0},{"damage":11.0,"enemies":"Blue Slaver","floor":4.0,"turns":4.0},{"damage":6,"enemies":"3 Sentries","floor":7,"turns":6},{"damage":0,"enemies":"3 Louse","floor":11,"turns":3},{"damage":8,"enemies":"2 Fungi Beasts","floor":14,"turns":4},{"damage":20,"enemies":"The Guardian","floor":16,"turns":9},{"damage":24,"enemies":"Shell Parasite","floor":18,"turns":4},{"damage":34,"enemies":"3 Byrds","floor":20,"turns":3}],"seed_played":"-2670974188542182996","potions_obtained":[{"floor":4.0,"key":"ColorlessPotion"},{"floor":14,"key":"Ancient Potion"}],"is_trial":false,"path_per_floor":["M","M","M","M","$","R","E","R","T","T","M","$","R","M","R","B",null,"M","?","M"],"character_chosen":"DEFECT","items_purchased":[],"campfire_rested":0,"item_purchase_floors":[],"current_hp_per_floor":[64,56,51,40,40,40,34,34,34,34,34,34,34,26,26,13,57,33,33,0,0],"gold":45,"neow_bonus":"THREE_RARE_CARDS","is_daily":false,"chose_seed":false,"campfire_upgraded":4,"win_rate":0.0,"timestamp":1614068846,"path_taken":["M","M","M","M","?","R","E","R","T","?","M","?","R","M","R","BOSS","M","?","M"],"items_purchased_type":[],"build_version":"2020-12-22","purchased_purges":1,"victory":false,"max_hp_per_floor":[71,71,71,71,71,71,71,71,71,71,71,71,71,71,71,71,71,71,71,71,71],"card_choices":[{"not_picked":["Reboot","Meteor Strike"],"picked":"Rainbow","floor":0.0},{"not_picked":["Barrage","Go for the Eyes"],"picked":"Coolheaded","floor":1.0},{"not_picked":["Lockon","Stack"],"picked":"Conserve Battery","floor":2.0},{"not_picked":["Redo","Compile Driver"],"picked":"Sunder","floor":3.0},{"not_picked":["Go for the Eyes","Hello World"],"picked":"Beam Cell","floor":4.0},{"not_picked":["Machine Learning","Streamline"],"picked":"Double Energy","floor":7},{"not_picked":["Tempest","Beam Cell"],"picked":"Self Repair","floor":11},{"not_picked":["Stack","Ball Lightning"],"picked":"Consume","floor":14},{"not_picked":["Machine Learning","Thunder Strike"],"picked":"Core Surge","floor":16},{"not_picked":["Sweeping Beam","Melter"],"picked":"Undo","floor":18}],"player_experience":1672608,"relics_obtained":[{"floor":7,"key":"Cables"},{"floor":10,"key":"StrikeDummy"}],"event_choices":[{"damage_healed":0,"gold_gain":0,"player_choice":"Obtained Relic","damage_taken":0,"relics_obtained":["Centennial Puzzle"],"max_hp_gain":0,"max_hp_loss":0,"event_name":"Addict","floor":19,"gold_loss":85}],"is_beta":false,"boss_relics":[{"not_picked":["Runic Dome","SacredBark"],"picked":"Philosopher\u0027s Stone"}],"items_purged_floors":[12],"is_endless":false,"potions_floor_spawned":[4,14],"killed_by":"3 Byrds","ascension_level":20}}