{"host":"skr63qsdfgeey3it","time":1614060883,"event":{"mods":["BaseMod","Colored Map","Hubris","Minty Spire (QoL Compilation)","Monster B Gone","Reliquary","Replay The Spire","Spicy Shops","StSLib"],"gold_per_floor":[115,115,133,133,159,194,119,133,157,183,183,14,47,47,47,121,121,134,153,167,117,80,80,92,92,92],"floor_reached":25,"language":"ENG","playtime":763,"items_purged":["Strike_B"],"score":439,"play_id":"af35cf4f-5aba-4ec1-9294-4ef2b6fa63b0","local_time":"20210223001443","is_ascension_mode":true,"campfire_choices":[{"floor":15,"key":"REST"},{"floor":23,"key":"REST"}],"circlet_count":0,"master_deck":["AscendersBane","Strike_B","Strike_B+1","Strike_B+1","Defend_B+1","Defend_B","Defend_B+1","Defend_B","Zap","Dualcast","Gash","Beam Cell+1","Hologram","Go for the Eyes","hubris:DoWhile","Gash","Echo Form","Turbo","hubris:PowerSurge","Coolheaded","Cold Snap+1","Stack"],"relics":["Cracked Core","NeowsBlessing","Regal Pillow","FossilizedHelix","War Paint","hubris:SlimyHat","hubris:Towel","Lee\u0027s Waffle","Replay:Wax Seal","reliquary:ExpiredCoupon","hubris:VirtuousBlindfold"],"acts_visited":["Exordium","TheCity"],"potions_floor_usage":[8,10,19],"damage_taken":[{"damage":0,"enemies":"Small Slimes","floor":1,"turns":1},{"damage":0,"enemies":"Jaw Worm","floor":3,"turns":1},{"damage":0,"enemies":"3 Sentries","floor":6,"turns":1},{"damage":0,"enemies":"2 Louse","floor":8,"turns":1},{"damage":3,"enemies":"Gremlin Nob","floor":10,"turns":4},{"damage":35,"enemies":"3 Sentries","floor":13,"turns":7},{"damage":42,"enemies":"Hexaghost","floor":16,"turns":9},{"damage":24,"enemies":"Shell Parasite","floor":18,"turns":4},{"damage":13,"enemies":"Spheric Guardian","floor":19,"turns":5},{"damage":43,"enemies":"3 Cultists","floor":20,"turns":6},{"damage":6,"enemies":"Snecko","floor":24,"turns":4},{"damage":46,"enemies":"Book of Stabbing","floor":25,"turns":7}],"seed_played":"-685314395338601517","potions_obtained":[{"floor":3,"key":"Explosive Potion"},{"floor":8,"key":"DuplicationPotion"},{"floor":10,"key":"FairyPotion"},{"floor":13,"key":"Toxic Potion"}],"is_trial":false,"path_per_floor":["M","?","M","?","T","E","$","M","T","E","?","$","E","?","R","B",null,"M","M","M","?","$","R","M","E"],"character_chosen":"DEFECT","items_purchased":["Lee\u0027s Waffle","Cold Snap+1"],"campfire_rested":2,"item_purchase_floors":[12,22],"current_hp_per_floor":[64,43,43,43,43,43,43,43,43,40,40,78,43,17,55,13,62,38,25,10,10,10,48,42,0,0],"gold":92,"neow_bonus":"THREE_ENEMY_KILL","is_daily":false,"chose_seed":false,"campfire_upgraded":0,"win_rate":0.0,"timestamp":1614060883,"path_taken":["M","?","M","?","?","E","?","?","T","E","?","$","E","?","R","BOSS","M","M","M","?","?","R","?","E"],"items_purchased_type":["Relic","Card"],"build_version":"2020-12-22","purchased_purges":1,"victory":false,"max_hp_per_floor":[71,71,71,71,71,71,71,71,71,71,71,78,78,78,78,78,78,78,78,78,78,78,78,78,78,78],"card_choices":[{"not_picked":["Cold Snap","Scrape"],"picked":"Gash","floor":1},{"not_picked":["Coolheaded","Hello World"],"picked":"Beam Cell","floor":3},{"not_picked":["Ball Lightning","Compile Driver"],"picked":"Hologram","floor":6},{"not_picked":["Stack","Steam"],"picked":"Go for the Eyes","floor":8},{"not_picked":["Skim","Beam Cell"],"picked":"hubris:DoWhile","floor":10},{"not_picked":["BasicCrystalCard","Hologram"],"picked":"Gash","floor":13},{"not_picked":["Multi-Cast","Amplify"],"picked":"Echo Form","floor":16},{"not_picked":["ReplayTheSpireMod:GoodbyeWorld","Capacitor"],"picked":"Turbo","floor":18},{"not_picked":["Turbo","Streamline"],"picked":"hubris:PowerSurge","floor":19},{"not_picked":["FTL","Stack"],"picked":"Coolheaded","floor":20},{"not_picked":["Chaos","Steam"],"picked":"Stack","floor":24}],"player_experience":997453,"relics_obtained":[{"floor":5,"key":"Regal Pillow"},{"floor":6,"key":"FossilizedHelix"},{"floor":9,"key":"War Paint"},{"floor":10,"key":"hubris:SlimyHat"},{"floor":13,"key":"Replay:Wax Seal"}],"event_choices":[{"damage_healed":0,"gold_gain":0,"player_choice":"Entered Light","damage_taken":21,"max_hp_gain":0,"max_hp_loss":0,"event_name":"Shining Light","floor":2,"gold_loss":0,"cards_upgraded":["Strike_B","Strike_B"]},{"damage_healed":0,"gold_gain":0,"player_choice":"Grow","damage_taken":0,"max_hp_gain":0,"max_hp_loss":0,"event_name":"Living Wall","floor":4,"gold_loss":0,"cards_upgraded":["Beam Cell"]},{"damage_healed":0,"gold_gain":0,"player_choice":"Success","damage_taken":26,"relics_obtained":["reliquary:ExpiredCoupon"],"max_hp_gain":0,"max_hp_loss":0,"event_name":"Scrap Ooze","floor":14,"gold_loss":0},{"damage_healed":0,"gold_gain":0,"player_choice":"Bet on Murderer","damage_taken":0,"max_hp_gain":0,"max_hp_loss":0,"event_name":"The Joust","floor":21,"gold_loss":50}],"is_beta":false,"boss_relics":[{"not_picked":["Runic Pyramid","SlaversCollar"],"picked":"hubris:VirtuousBlindfold"}],"items_purged_floors":[7],"is_endless":false,"potions_floor_spawned":[3,8,10,13],"killed_by":"Book of Stabbing","ascension_level":16}}