{"host":"aapp7ew3jk5k1bvd","time":1614071211,"event":{"mods":["AchievementEnabler","BaseMod","Colored Map","Custom Start","Keyboard Shortcuts","Minty Spire (QoL Compilation)","Permanent Neow","Quick Restart","StSLib","SuperFastMode"],"gold_per_floor":[113,126,51,51,51,51,0,0,24,37,37,55,130,146,146,146,146],"floor_reached":16,"language":"KOR","playtime":262,"items_purged":["Strike_R"],"score":153,"play_id":"73dcf284-a9ba-44ce-897a-7fc6b58bbe8f","local_time":"20210223180651","is_ascension_mode":true,"campfire_choices":[{"data":"Dropkick","floor":6.0,"key":"SMITH"},{"data":"Reckless Charge","floor":8.0,"key":"SMITH"},{"floor":15.0,"key":"REST"}],"circlet_count":0,"master_deck":["AscendersBane","Strike_R","Strike_R+1","Strike_R","Defend_R","Defend_R+1","Defend_R","Defend_R","Bash","Dropkick+1","Evolve","Reckless Charge+1","Pommel Strike+1","Shrug It Off"],"relics":["Burning Blood","Oddly Smooth Stone","Dream Catcher","Molten Egg 2"],"acts_visited":["Exordium"],"potions_floor_usage":[],"damage_taken":[{"damage":7.0,"enemies":"Small Slimes","floor":1.0,"turns":4.0},{"damage":12.0,"enemies":"Jaw Worm","floor":2.0,"turns":2.0},{"damage":4.0,"enemies":"2 Louse","floor":10.0,"turns":3.0},{"damage":15.0,"enemies":"Exordium Thugs","floor":12.0,"turns":4.0},{"damage":10.0,"enemies":"Gremlin Gang","floor":14.0,"turns":6.0},{"damage":32,"enemies":"Slime Boss","floor":16,"turns":4}],"seed_played":"-6898548042953685764","potions_obtained":[{"floor":10.0,"key":"Dexterity Potion"},{"floor":12.0,"key":"Weak Potion"}],"is_trial":false,"path_per_floor":["M","M","$","?","?","R","?","R","T","M","T","M","?","M","R","B"],"character_chosen":"IRONCLAD","items_purchased":[],"campfire_rested":1,"item_purchase_floors":[],"current_hp_per_floor":[67,61,61,61,46,46,46,46,46,48,48,39,32,28,50,18,18],"gold":146,"neow_bonus":"THREE_CARDS","is_daily":false,"chose_seed":false,"campfire_upgraded":2,"win_rate":0.0,"timestamp":1614071211,"path_taken":["M","M","$","?","?","R","?","R","T","?","?","?","?","M","R","BOSS"],"items_purchased_type":[],"build_version":"2020-12-22","purchased_purges":1,"victory":false,"max_hp_per_floor":[75,75,75,75,75,75,75,75,75,75,75,75,75,75,75,75,75],"card_choices":[{"not_picked":["Uppercut","Heavy Blade"],"picked":"Dropkick","floor":0.0},{"not_picked":["Twin Strike","Perfected Strike"],"picked":"Evolve","floor":1.0},{"not_picked":["Flame Barrier","Wild Strike"],"picked":"Reckless Charge","floor":2.0},{"not_picked":["Havoc","Heavy Blade","Thunderclap"],"picked":"SKIP","floor":10.0},{"not_picked":["Flame Barrier","True Grit","Seeing Red"],"picked":"SKIP","floor":12.0},{"not_picked":["True Grit","Sword Boomerang+1"],"picked":"Pommel Strike+1","floor":14.0},{"not_picked":["Battle Trance","Ghostly Armor"],"picked":"Shrug It Off","floor":15.0}],"player_experience":1065533,"relics_obtained":[{"floor":9.0,"key":"Dream Catcher"},{"floor":11.0,"key":"Molten Egg 2"}],"event_choices":[{"cards_removed":["Strike_R"],"damage_healed":0.0,"max_hp_gain":0.0,"max_hp_loss":0.0,"gold_gain":0.0,"event_name":"Living Wall","player_choice":"Forget","floor":4.0,"gold_loss":0.0,"damage_taken":0.0},{"damage_healed":0.0,"max_hp_gain":0.0,"max_hp_loss":0.0,"gold_gain":0.0,"event_name":"Shining Light","player_choice":"Entered Light","floor":5.0,"gold_loss":0.0,"damage_taken":15.0,"cards_upgraded":["Strike_R","Defend_R"]},{"damage_healed":0.0,"max_hp_gain":0.0,"max_hp_loss":0.0,"gold_gain":0.0,"event_name":"WeMeetAgain","player_choice":"Paid Gold","floor":7.0,"gold_loss":51.0,"damage_taken":0.0,"relics_obtained":["Oddly Smooth Stone"]},{"damage_healed":0.0,"max_hp_gain":0.0,"max_hp_loss":0.0,"gold_gain":75.0,"event_name":"FaceTrader","player_choice":"Touch","floor":13.0,"gold_loss":0.0,"damage_taken":7.0}],"is_beta":false,"boss_relics":[],"items_purged_floors":[3],"is_endless":false,"potions_floor_spawned":[10,12,14],"killed_by":"Slime Boss","ascension_level":14}}