{"host":"2xnjhc1nuqzfyzm4","time":1614039829,"event":{"mods":["100% Spire Juice","Act Like it!","Arknights","BaseMod","Beaked The Cultist","Bestiary","Better Match","Better Note","Better Sensory Stone","Better Third Choice","Block Reminder","CapriCore","CatGirl Mod","ChefMod","Colored Powertips","Displayed Cursed Tome","Dota2Spire","Downfall","Ekko","Elementarium","GungeonMod","Hallownest","Hermit","Hubris","Infinite Spire","Jedi Mod","Jorbs\u0027s Wanderer Trilogy","Luminous","Mad Scientist","Marisa????????","Menagerie","Minty Spire (QoL Compilation)","Poor People Problems","Potionbrewer","Prisma Mod","QueenMod","Relic Stats","Reliquary","Replay The Spire","Robot Space Explorer","Ruina","SIMod","Shade Mod","Shapeshifter Mod","Spikes Relics","StSLib","The Alterego","The Animator","The Blackbeard","The Bug Knight","The Cursed","The Death Knight","The Disciple","The Dragon Tamer","The Dragonkin","The Druid","The Elementalist","The Exalted","The Fake Hero","The Florist","The Gatherer","The Hayseed","The Hierophant","The Immortal","The Jungle","The Mystic","The Necromancer","The Poker Player","The Runesmith","The Sage","The Senshi","The Servant 0.9.4","The Showman","The Valiant","The Wild Card","TheBandit","TheSwordswoman","TheVacant","TheVelvet","TheWitcher","Trackpad","Waifu the Spire","WarShipGirlsR/????R mod","Yakumo Yukari mod"],"gold_per_floor":[109,87,102,113,113,113,127,157,157,176,65,65,84,104,104,204,204,223,223,243,256,52,83,83,117,189,189,189,189,199,218,218,319,319,333,343,360,360,376,376,376,410,410,410,121,136,166,190,190,190,190,190,9,44,44],"floor_reached":56,"language":"ENG","playtime":7588,"items_purged":[],"score":1276,"play_id":"3ac1141d-35d8-4447-85d8-f97b2b56d7a0","local_time":"20210222162349","is_ascension_mode":false,"campfire_choices":[{"floor":6,"key":"RECALL"},{"data":"beaked:RitualOfBody","floor":12,"key":"SMITH"},{"data":"beaked:SurvivalInstinct","floor":15,"key":"SMITH"},{"data":"beaked:AwakenedForm","floor":24,"key":"SMITH"},{"data":"beaked:Brace","floor":27,"key":"SMITH"},{"data":"infinitespire:NeuralNetwork","floor":29,"key":"SMITH"},{"data":"Rearm","floor":32,"key":"SMITH"},{"floor":49,"key":"DIG"}],"circlet_count":0,"master_deck":["beaked:Strike_Y+1","beaked:Strike_Y+1","beaked:Strike_Y+1","beaked:Strike_Y+1","beaked:Strike_Y+1","beaked:Strike_Y+1","beaked:Defend_Y+1","beaked:Defend_Y+1","beaked:Defend_Y+1","beaked:Defend_Y+1","beaked:Ceremony+1","beaked:Ceremony+1","beaked:Ceremony+1","beaked:Brace+1","beaked:Windmill+1","beaked:SurvivalInstinct+1","beaked:DarkPact+1","beaked:RitualOfBody+1","beaked:DesperateSwing+1","beaked:CursingBlood+1","beaked:DigDeep+1","beaked:AwakenedForm+1","beaked:BarbedWire+1","ReplayTheSpireMod:Wings of Steel+1","beaked:Replenish+1","beaked:Flinch+1","ReplayTheSpireMod:Prepare the Ceremony+1","beaked:Mantra+1","infinitespire:DeathsTouch+1","infinitespire:NeuralNetwork+1","Rearm+1","Guardian:FloatingOrbs+1","QueenMod:GnatSquadron+1","Madness+1","Madness+1","hierophant:OrnateBuckler+1","MasterKey","MysteriousBeam","beaked:TuckingFeathers"],"relics":["beaked:MendingPlumage","betterThird:SlimedRelic","Pyrelight","reliquary:PorcupineQuills","Bromod:ArcaneNullifier","Coffee Dripper","Bronze Scales","infinitespire:FocusingShard","HollowMod:PaleOreRelic","PrismaticShard","Black Star","reliquary:SharkskinSheath","ReplayTheSpireMod:Ninjato","jedi:HeartOfTheCards","Unceasing Top","Ornamental Fan","Dota2Spire:BattleFury","reliquary:PrincelyHelmet","DemoMod:MeatBun","Onion Ring","Replay:Wax Seal"],"acts_visited":["Exordium","TheCity","TheBeyond","TheEnding"],"potions_floor_usage":[4,16,16,21,21,31,33,37,47,48,54],"damage_taken":[{"damage":6,"enemies":"ats:Genji","floor":1,"turns":5},{"damage":0,"enemies":"2 Louse","floor":3,"turns":3},{"damage":3,"enemies":"Small Slimes","floor":4,"turns":4},{"damage":10,"enemies":"2 Fungi Beasts","floor":7,"turns":5},{"damage":13,"enemies":"Replay:BlueRogue","floor":8,"turns":7},{"damage":12,"enemies":"3 Louse","floor":10,"turns":5},{"damage":36,"enemies":"Large Slime","floor":13,"turns":7},{"damage":2,"enemies":"Red Slaver","floor":14,"turns":6},{"damage":21,"enemies":"Fading Forest","floor":16,"turns":11},{"damage":6,"enemies":"Shell Parasite","floor":18,"turns":8},{"damage":28,"enemies":"Chosen","floor":20,"turns":8},{"damage":29,"enemies":"3 Cultists","floor":21,"turns":7},{"damage":17,"enemies":"Book of Stabbing","floor":23,"turns":8},{"damage":10,"enemies":"HollowMod:Nosk","floor":25,"turns":13},{"damage":15,"enemies":"Snake Plant","floor":30,"turns":4},{"damage":5,"enemies":"Sentry and Sphere","floor":31,"turns":8},{"damage":16,"enemies":"Champ","floor":33,"turns":8},{"damage":14,"enemies":"Orb Walker","floor":35,"turns":6},{"damage":9,"enemies":"3 Shapes","floor":36,"turns":4},{"damage":28,"enemies":"Transient","floor":37,"turns":5},{"damage":17,"enemies":"3 Darklings","floor":39,"turns":6},{"damage":22,"enemies":"3 Darklings","floor":40,"turns":16},{"damage":10,"enemies":"Nemesis","floor":42,"turns":6},{"damage":1,"enemies":"Sphere and 2 Shapes","floor":46,"turns":3},{"damage":6,"enemies":"Reptomancer","floor":47,"turns":3},{"damage":40,"enemies":"Jaw Worm Horde","floor":48,"turns":5},{"damage":2,"enemies":"TheAcolyte","floor":50,"turns":7},{"damage":18,"enemies":"Shield and Spear","floor":54,"turns":5},{"damage":21,"enemies":"The Heart","floor":55,"turns":5}],"seed_played":"629198903224514205","potions_obtained":[{"floor":1,"key":"sneckomod:MuddlingPotion"},{"floor":13,"key":"BlessingOfTheForge"},{"floor":14,"key":"potionbrewer:AcidPotion"},{"floor":16,"key":"BlessingOfTheForge"},{"floor":18,"key":"Strength Potion"},{"floor":23,"key":"Fire Potion"},{"floor":25,"key":"Reflective Coating"},{"floor":31,"key":"FearPotion"},{"floor":36,"key":"Strength Potion"},{"floor":42,"key":"potionbrewer:NoxiousPotion"},{"floor":44,"key":"DemoMod:LeadSkinPotion"},{"floor":44,"key":"potionbrewer:HastePotion"},{"floor":48,"key":"GamblersBrew"}],"is_trial":false,"path_per_floor":["M","?","M","M","?","R","M","E","T","M","$","R","M","M","R","B",null,"M","?","M","M","$","E","R","E","T","R","AVR","R","M","M","R","B",null,"M","M","M","?","M","?","R","E","T","?","$","M","E","M","R","B",null,"R","$","E","B",null],"character_chosen":"BEAKED_THE_CULTIST","items_purchased":["beaked:RitualOfBody","beaked:DesperateSwing","Bronze Scales","beaked:Flinch","Unceasing Top","DemoMod:MeatBun","beaked:TuckingFeathers"],"campfire_rested":0,"item_purchase_floors":[11,11,22,22,45,53,53],"current_hp_per_floor":[55,44,50,55,55,55,52,55,55,48,48,48,31,46,46,46,55,55,55,46,46,46,55,55,55,55,55,55,55,46,55,55,53,55,48,52,51,44,55,55,55,55,55,55,55,55,55,22,22,55,55,55,55,46,55],"gold":44,"neow_bonus":"TEN_PERCENT_HP_BONUS","is_daily":false,"chose_seed":false,"campfire_upgraded":6,"win_rate":0.0,"timestamp":1614039829,"path_taken":["M","?","M","M","?","R","M","E","T","M","$","R","M","M","R","BOSS","M","?","M","M","$","E","R","E","T","R","AVR","R","M","M","R","BOSS","M","M","M","?","M","?","R","E","T","?","$","M","E","M","R","BOSS","R","$","E","BOSS"],"items_purchased_type":["Card","Card","Relic","Card","Relic","Relic","Card"],"build_version":"2020-12-22","purchased_purges":0,"victory":true,"max_hp_per_floor":[55,55,55,55,55,55,55,55,55,55,55,55,55,55,55,55,55,55,55,55,55,55,55,55,55,55,55,55,55,55,55,55,55,55,55,55,55,55,55,55,55,55,55,55,55,55,55,55,55,55,55,55,55,55,55],"relic_stats":{"counters":[29,188],"Ornamental Fan":[48],"Bronze Scales":[387],"Black Star":3,"obtain_stats":[{"ReplayTheSpireMod:Ninjato":42,"Bromod:ArcaneNullifier":9,"reliquary:PrincelyHelmet":49,"DemoMod:GlassGuonStoneRelic":1,"Pyrelight":5,"infinitespire:FocusingShard":23,"Dota2Spire:BattleFury":47,"PrismaticShard":28,"jedi:HeartOfTheCards":43,"reliquary:PorcupineQuills":8,"Ornamental Fan":47,"DemoMod:MeatBun":53,"betterThird:SlimedRelic":2,"Bronze Scales":22,"Onion Ring":54,"Coffee Dripper":17,"Black Star":34,"HollowMod:PaleOreRelic":25,"beaked:MendingPlumage":0,"Replay:Wax Seal":54,"Unceasing Top":45,"reliquary:SharkskinSheath":42},{"ReplayTheSpireMod:Ninjato":23,"Bromod:ArcaneNullifier":5,"reliquary:PrincelyHelmet":26,"DemoMod:GlassGuonStoneRelic":1,"Pyrelight":3,"infinitespire:FocusingShard":13,"Dota2Spire:BattleFury":25,"PrismaticShard":14,"jedi:HeartOfTheCards":23,"reliquary:PorcupineQuills":5,"Ornamental Fan":25,"DemoMod:MeatBun":27,"betterThird:SlimedRelic":1,"Bronze Scales":12,"Onion Ring":28,"Coffee Dripper":9,"Black Star":17,"HollowMod:PaleOreRelic":14,"beaked:MendingPlumage":0,"Replay:Wax Seal":28,"Unceasing Top":23,"reliquary:SharkskinSheath":23},{"ReplayTheSpireMod:Ninjato":160,"Bromod:ArcaneNullifier":24,"reliquary:PrincelyHelmet":171,"DemoMod:GlassGuonStoneRelic":5,"Pyrelight":12,"infinitespire:FocusingShard":84,"Dota2Spire:BattleFury":166,"PrismaticShard":97,"jedi:HeartOfTheCards":160,"reliquary:PorcupineQuills":24,"Ornamental Fan":166,"DemoMod:MeatBun":178,"betterThird:SlimedRelic":5,"Bronze Scales":76,"Onion Ring":183,"Coffee Dripper":53,"Black Star":117,"HollowMod:PaleOreRelic":97,"beaked:MendingPlumage":0,"Replay:Wax Seal":183,"Unceasing Top":160,"reliquary:SharkskinSheath":160}],"Unceasing Top":[28]},"card_choices":[{"not_picked":["beaked:StickSmack","beaked:BounceBack"],"picked":"beaked:Brace","floor":1},{"not_picked":["beaked:SurvivalInstinct","beaked:SacrificialDive"],"picked":"beaked:Windmill","floor":3},{"not_picked":["beaked:BarbedWire","beaked:Evade","beaked:Poke"],"picked":"SKIP","floor":4},{"not_picked":["beaked:Poke","beaked:Cower"],"picked":"beaked:SurvivalInstinct","floor":7},{"not_picked":["beaked:Insight","beaked:Replenish","beaked:BloodForTheGods"],"picked":"SKIP","floor":8},{"not_picked":["beaked:Flinch","beaked:FeelMyPain"],"picked":"beaked:DarkPact","floor":10},{"not_picked":["beaked:Windmill","beaked:WarriorEssence"],"picked":"beaked:CursingBlood","floor":13},{"not_picked":["beaked:Poke","beaked:Hexing"],"picked":"beaked:DigDeep","floor":14},{"not_picked":["beaked:CheekyTricks","beaked:Sacrifice"],"picked":"beaked:AwakenedForm","floor":16},{"not_picked":["beaked:Insight+1","beaked:Poke"],"picked":"beaked:BarbedWire","floor":18},{"not_picked":["beaked:BarbedWire+1","beaked:DigDeep"],"picked":"ReplayTheSpireMod:Wings of Steel+1","floor":20},{"not_picked":["beaked:Foresight+1","beaked:Poke"],"picked":"beaked:Replenish","floor":21},{"not_picked":["beaked:Tradeoff+1","beaked:Insight"],"picked":"ReplayTheSpireMod:Prepare the Ceremony","floor":23},{"not_picked":["beaked:Brainwash","beaked:CursingBlood"],"picked":"beaked:Mantra","floor":25},{"not_picked":["sneckomod:UnknownClassMAD_SCIENCE","sneckomod:UnknownClassTHE_UNNAMED","animator:Laby"],"picked":"SKIP","floor":30},{"not_picked":["Gatherer:FlowerPower","DTMod:MagicField"],"picked":"Rearm","floor":31},{"not_picked":["theShowman:NowYouDont","luka_mod:Request"],"picked":"Guardian:FloatingOrbs+1","floor":35},{"not_picked":["StretchesForeverDream_purple+1","SnafuTest:AncestralRitual+1","animator:TakanashiRikka"],"picked":"SKIP","floor":36},{"not_picked":["potionbrewer:FortifiedSerum","Luminous:Reverse_Spell_Luminous"],"picked":"QueenMod:GnatSquadron","floor":37},{"not_picked":["sagemod:Armor_Brew+1","MokouMod:ShiftIgnition+1","animator:Elsword"],"picked":"SKIP","floor":39},{"not_picked":["CommonSense_AntiCommonSense_purple+1","bronze:DelayedGuard+1"],"picked":"hierophant:OrnateBuckler+1","floor":40},{"not_picked":["animator:LizardPriest+1","bronze:WhirlingStrike","animator:Raven"],"picked":"SKIP","floor":42},{"not_picked":["wariomod:SilenceBombs+1","LockedBlood","theSenshi:SailorVenusAssists+1"],"picked":"SKIP","floor":46},{"not_picked":["Moonworks:Wanted","blazmod:StanceChange"],"picked":"MasterKey","floor":47},{"not_picked":["sagemod:Energetic_Brew","SatelliteIllusion"],"picked":"MysteriousBeam","floor":48},{"not_picked":["Shade:AncientSpear","HollowMod:NewInfectedGuardian","LockedOrichalcum+1"],"picked":"SKIP","floor":54}],"player_experience":237985,"relics_obtained":[{"floor":8,"key":"reliquary:PorcupineQuills"},{"floor":9,"key":"Bromod:ArcaneNullifier"},{"floor":23,"key":"infinitespire:FocusingShard"},{"floor":25,"key":"HollowMod:PaleOreRelic"},{"floor":42,"key":"reliquary:SharkskinSheath"},{"floor":42,"key":"ReplayTheSpireMod:Ninjato"},{"floor":43,"key":"jedi:HeartOfTheCards"},{"floor":47,"key":"Ornamental Fan"},{"floor":47,"key":"Dota2Spire:BattleFury"},{"floor":49,"key":"reliquary:PrincelyHelmet"},{"floor":54,"key":"Onion Ring"},{"floor":54,"key":"Replay:Wax Seal"}],"event_choices":[{"damage_healed":0,"gold_gain":0,"player_choice":"Slimed","damage_taken":11,"max_hp_gain":0,"max_hp_loss":0,"event_name":"betterThird:BetterGoop","floor":2,"gold_loss":22},{"damage_healed":0,"gold_gain":0,"player_choice":"Ignored","damage_taken":0,"max_hp_gain":0,"max_hp_loss":0,"event_name":"Transmorgrifier","floor":19,"gold_loss":0},{"damage_healed":0,"gold_gain":0,"player_choice":"Embrace Madness","damage_taken":7,"max_hp_gain":0,"max_hp_loss":0,"event_name":"Winding Halls","floor":38,"gold_loss":0,"cards_obtained":["Madness","Madness"]},{"damage_healed":0,"gold_gain":0,"player_choice":"Got Potions","damage_taken":0,"max_hp_gain":0,"max_hp_loss":0,"event_name":"Lab","floor":44,"gold_loss":0}],"is_beta":false,"boss_relics":[{"not_picked":["hubris:TerracottaHorce","Fusion Hammer"],"picked":"Coffee Dripper"},{"not_picked":["sagemod:Falmels_Amulet","Dota2Spire:Bloodstone"],"picked":"Black Star"}],"items_purged_floors":[],"is_endless":false,"potions_floor_spawned":[1,13,14,16,18,23,25,31,36,42,46,48],"ascension_level":0}}