{"host":"dsxpg2dh2uupq0t9","time":1614123645,"event":{"mods":["Act Like it!","Aspiration","BaseMod","Better Note","Better Skull","BetterRewards","Colored Powertips","DeckTracker","Halation","Hallownest","Hubris","Minty Spire (QoL Compilation)","Replay The Spire","Shop Mod","Spicy Shops","StSLib"],"gold_per_floor":[115,115,290,135,146,175,250,250,250,250,267,267,267,302,302,302,302],"floor_reached":16,"language":"ENG","playtime":756,"items_purged":[],"score":138,"play_id":"ebe45b53-d8d3-43f5-9b89-9052b42e2036","local_time":"20210223184045","is_ascension_mode":true,"campfire_choices":[{"floor":10,"key":"REST"},{"data":"Eruption","floor":13,"key":"SMITH"},{"floor":15,"key":"REST"}],"circlet_count":0,"master_deck":["Strike_P","Strike_P","Strike_P","Defend_P","Defend_P","Defend_P","Defend_P+1","Eruption+1","Vigilance","FlyingSleeves+1","Doubt","Halt","PathToVictory+1","FlurryOfBlows+1","DeceiveReality"],"relics":["PureWater","NeowsBlessing","Sling","Incense Burner","Replay:Accelerometer","Quantum Egg"],"acts_visited":["Exordium"],"potions_floor_usage":[],"damage_taken":[{"damage":0,"enemies":"Jaw Worm","floor":1,"turns":1},{"damage":0,"enemies":"Small Slimes","floor":5,"turns":1},{"damage":0,"enemies":"Lagavulin","floor":6,"turns":1},{"damage":0,"enemies":"Cultist","floor":11,"turns":3},{"damage":43,"enemies":"3 Sentries","floor":14,"turns":8},{"damage":81,"enemies":"The Guardian","floor":16,"turns":8}],"seed_played":"8234200423503494085","potions_obtained":[{"floor":6,"key":"EssenceOfSteel"},{"floor":11,"key":"Elixir"}],"is_trial":false,"path_per_floor":["M","?","?","$","M","E","?","?","T","R","M","?","R","E","R","B"],"character_chosen":"WATCHER","items_purchased":["Sling"],"campfire_rested":2,"item_purchase_floors":[4],"current_hp_per_floor":[72,58,58,58,58,58,47,47,47,68,68,68,68,25,46,0,0],"gold":302,"neow_bonus":"THREE_ENEMY_KILL","is_daily":false,"chose_seed":false,"campfire_upgraded":1,"win_rate":0.0,"timestamp":1614123645,"path_taken":["M","?","?","$","M","E","?","?","T","R","M","?","R","E","R","BOSS"],"items_purchased_type":["Relic"],"build_version":"2020-12-22","purchased_purges":0,"victory":false,"max_hp_per_floor":[72,72,72,72,72,72,72,72,72,72,72,72,72,72,72,72,72],"card_choices":[{"not_picked":["CutThroughFate","Evaluate"],"picked":"FlyingSleeves","floor":1},{"not_picked":["Replay:Anticipation","Study","Crescendo"],"picked":"SKIP","floor":5},{"not_picked":["Collect","Replay:Vibes"],"picked":"Halt","floor":6},{"not_picked":["DeceiveReality","CutThroughFate"],"picked":"FlurryOfBlows","floor":11},{"not_picked":["ThirdEye","Indignation"],"picked":"DeceiveReality","floor":14}],"player_experience":635500,"relics_obtained":[{"floor":6,"key":"Incense Burner"},{"floor":9,"key":"Replay:Accelerometer"},{"floor":14,"key":"Quantum Egg"}],"event_choices":[{"damage_healed":0,"gold_gain":0,"player_choice":"Entered Light","damage_taken":14,"max_hp_gain":0,"max_hp_loss":0,"event_name":"Shining Light","floor":2,"gold_loss":0,"cards_upgraded":["Defend_P","FlyingSleeves"]},{"damage_healed":0,"gold_gain":175,"player_choice":"AGREE","damage_taken":0,"max_hp_gain":0,"max_hp_loss":0,"event_name":"Liars Game","floor":3,"gold_loss":0,"cards_obtained":["Doubt"]},{"damage_healed":0,"gold_gain":75,"player_choice":"Gather Gold","damage_taken":11,"max_hp_gain":0,"max_hp_loss":0,"event_name":"World of Goop","floor":7,"gold_loss":0},{"damage_healed":0,"gold_gain":0,"player_choice":"Upgraded","damage_taken":0,"max_hp_gain":0,"max_hp_loss":0,"event_name":"Upgrade Shrine","floor":12,"gold_loss":0,"cards_upgraded":["FlurryOfBlows"]}],"is_beta":false,"boss_relics":[],"items_purged_floors":[],"is_endless":false,"potions_floor_spawned":[6,11],"killed_by":"The Guardian","ascension_level":1}}