{"host":"w97dq1whmpm6b2tc","time":1614095465,"event":{"mods":["BaseMod","Challenge The Spire","Downfall","Minty Spire (QoL Compilation)","StSLib"],"gold_per_floor":[99,109,119,119,130,130,156,187,97,97,97,97,126,226,237,334,334,234,247,132,147,166,197,197,97,109,121,146,146,46,77,89,193,193,193,203,220,425,437,463,463,481,498,514,295,327,327,345,363,363,363,388,213,213,213,213],"floor_reached":57,"language":"ENG","playtime":4620,"items_purged":["Slimebound:Defend_Slimebound","Slimebound:Strike_Slimebound","Slimebound:Strike_Slimebound","Slimebound:Strike_Slimebound","Slimebound:Defend_Slimebound"],"score":1387,"play_id":"f4a6b0bd-b5a4-4eff-bde6-7a029a458eac","local_time":"20210223175105","is_ascension_mode":true,"campfire_choices":[{"data":"Slimebound:Split","floor":1.0,"key":"SMITH"},{"floor":6.0,"key":"RECALL"},{"data":"Slimebound:GoopSpray","floor":10,"key":"SMITH"},{"data":"Slimebound:Schlurp","floor":12,"key":"SMITH"},{"data":"Slimebound:DouseInSlime","floor":18,"key":"SMITH"},{"data":"Slimebound:GrowthPunch","floor":25,"key":"SMITH"},{"data":"Slimebound:Schlurp","floor":30,"key":"SMITH"},{"data":"Slimebound:CorrosiveSpit","floor":35,"key":"SMITH"},{"data":"Slimebound:SplitMire","floor":47,"key":"SMITH"},{"data":"Slimebound:LeechLife","floor":54,"key":"SMITH"}],"circlet_count":0,"master_deck":["Slimebound:Split+1","Slimebound:CorrosiveSpit+1","Slimebound:Schlurp+1","Slimebound:GoopSpray+1","Slimebound:LeechLife+1","Slimebound:SplitMire+1","Slimebound:Schlurp+1","Slimebound:DouseInSlime+1","Slimebound:GrowthPunch+1","Slimebound:MegaLick+1","Slimebound:MegaLick+1","Slimebound:HauntingLick+1","Slimebound:RejuvenatingLick+1","Slimebound:Dissolve+1","Slimebound:HauntingLick+1"],"relics":["Slimebound:AbsorbEndCombat","Bag of Preparation","Bottled Lightning","downfall:ShatteredFragment","champ:DeflectingBracers","Runic Pyramid","downfall:HeartBlessingRed","Toxic Egg 2","downfall:HeartBlessingBlue","Bottled Flame","downfall:HeartBlessingGreen","Guardian:PocketSentry","sneckomod:SneckoTalon","Blue Candle","Pantograph","Molten Egg 2","Slimebound:PreparedRelic"],"acts_visited":["Exordium","TheCity","TheBeyond","TheEnding"],"potions_floor_usage":[56,56,56],"damage_taken":[{"damage":2.0,"enemies":"2 Louse","floor":2.0,"turns":2.0},{"damage":0.0,"enemies":"Small Slimes","floor":3.0,"turns":3.0},{"damage":7.0,"enemies":"Jaw Worm","floor":5.0,"turns":3.0},{"damage":17.0,"enemies":"3 Sentries","floor":8.0,"turns":9.0},{"damage":0.0,"enemies":"downfall:FleeingMerchant","floor":9.0,"turns":4.0},{"damage":7,"enemies":"Lagavulin","floor":13,"turns":5},{"damage":13,"enemies":"Large Slime","floor":15,"turns":3},{"damage":1,"enemies":"SI_SHIV_ARCHETYPE","floor":16,"turns":5},{"damage":4,"enemies":"Spheric Guardian","floor":19,"turns":3},{"damage":4,"enemies":"downfall:FleeingMerchant","floor":20,"turns":4},{"damage":10,"enemies":"3 Byrds","floor":21,"turns":4},{"damage":18,"enemies":"Snecko","floor":22,"turns":3},{"damage":2,"enemies":"Gremlin Leader","floor":23,"turns":5},{"damage":0,"enemies":"Chosen and Byrds","floor":26,"turns":4},{"damage":0,"enemies":"Centurion and Healer","floor":27,"turns":5},{"damage":10,"enemies":"Book of Stabbing","floor":28,"turns":4},{"damage":23,"enemies":"Slavers","floor":31,"turns":4},{"damage":7,"enemies":"Cultist and Chosen","floor":32,"turns":4},{"damage":16,"enemies":"DF_ARCHETYPE_CLAW","floor":33,"turns":6},{"damage":0,"enemies":"3 Shapes","floor":36,"turns":3},{"damage":8,"enemies":"3 Darklings","floor":37,"turns":3},{"damage":8,"enemies":"downfall:FleeingMerchant","floor":38,"turns":3},{"damage":0,"enemies":"Transient","floor":39,"turns":5},{"damage":19,"enemies":"Nemesis","floor":40,"turns":3},{"damage":5,"enemies":"4 Shapes","floor":42,"turns":3},{"damage":0,"enemies":"Maw","floor":43,"turns":4},{"damage":7,"enemies":"Jaw Worm Horde","floor":44,"turns":3},{"damage":0,"enemies":"Reptomancer","floor":46,"turns":4},{"damage":17,"enemies":"4 Shapes","floor":48,"turns":3},{"damage":0,"enemies":"Transient","floor":49,"turns":5},{"damage":41,"enemies":"IC_BLOCK_ARCHETYPE","floor":50,"turns":6},{"damage":1,"enemies":"downfall:CharBossMerchant","floor":52,"turns":3},{"damage":3,"enemies":"downfall:NeowBoss","floor":55,"turns":13},{"damage":83,"enemies":"downfall:NeowBossFinal","floor":56,"turns":9}],"seed_played":"-6586664659189574066","potions_obtained":[{"floor":3.0,"key":"AttackPotion"},{"floor":5.0,"key":"PowerPotion"},{"floor":13,"key":"ColorlessPotion"},{"floor":15,"key":"PowerPotion"},{"floor":16,"key":"Swift Potion"}],"is_trial":false,"path_per_floor":["R","M","M","?","M","R","T","E","$","R","?","R","E","?","M","B",null,"R","M","$","M","M","E","T","R","M","M","E","?","R","E","M","B",null,"R","M","M","$","M","E","T","M","M","M","$","E","R","M","M","B",null,"E","$","R","B","B",null],"character_chosen":"SLIMEBOUND","items_purchased":["Slimebound:Dissolve+1"],"campfire_rested":0,"item_purchase_floors":[45],"current_hp_per_floor":[47,49,55,55,54,54,54,56,65,65,47,47,56,56,65,64,65,65,61,65,65,65,65,65,75,75,75,75,75,75,75,75,59,75,75,75,75,75,75,75,75,75,75,75,75,75,75,75,75,71,75,75,75,75,75,8],"gold":213,"neow_bonus":"REMOVE_TWO","is_daily":false,"chose_seed":false,"campfire_upgraded":9,"win_rate":0.0,"timestamp":1614095465,"path_taken":["R","M","M","?","M","R","T","E","$","R","?","R","E","?","M","BOSS","R","M","$","M","M","E","T","R","M","M","E","?","R","E","M","BOSS","R","M","M","$","M","E","T","?","M","M","$","E","R","M","M","BOSS","E","$","R","BOSS","BOSS"],"items_purchased_type":["Card"],"build_version":"2020-12-22","purchased_purges":5,"victory":true,"max_hp_per_floor":[65,65,65,65,65,65,65,65,65,65,65,65,65,65,65,65,65,65,65,65,65,65,65,65,75,75,75,75,75,75,75,75,75,75,75,75,75,75,75,75,75,75,75,75,75,75,75,75,75,75,75,75,75,75,75,75],"card_choices":[{"not_picked":["Slimebound:LivingWall","Slimebound:Nibble"],"picked":"Slimebound:Schlurp","floor":2.0},{"not_picked":["Slimebound:MegaLick","Slimebound:ItLooksTasty"],"picked":"Slimebound:GoopSpray","floor":3.0},{"not_picked":["Slimebound:FlameTackle","Slimebound:DisruptingSlam"],"picked":"Slimebound:LeechLife","floor":5.0},{"not_picked":["Slimebound:SplitLeeching","Slimebound:ComboTackle"],"picked":"Slimebound:SplitMire","floor":8.0},{"not_picked":["Slimebound:RollThrough","Slimebound:SpikyOuterGoop","Slimebound:ProtectTheBoss"],"picked":"SKIP","floor":9},{"not_picked":["Slimebound:TongueLash","Slimebound:SplitLeeching","Slimebound:DuplicatedForm"],"picked":"SKIP","floor":13},{"not_picked":["Slimebound:SplitLeeching","Slimebound:SplitMire"],"picked":"Slimebound:Schlurp","floor":15},{"not_picked":["Slimebound:MassRepurpose","Slimebound:FirmFortitude"],"picked":"Slimebound:DouseInSlime","floor":16},{"not_picked":["Slimebound:SplitLeeching","Slimebound:Schlurp","Slimebound:LeechEnergy"],"picked":"SKIP","floor":19},{"not_picked":["Slimebound:LivingWall+1","Slimebound:LevelUp","Slimebound:GoopSpray+1"],"picked":"SKIP","floor":20},{"not_picked":["Slimebound:SlimeSpikes","Slimebound:LeechEnergy+1","Slimebound:BestDefense"],"picked":"SKIP","floor":21},{"not_picked":["Slimebound:RainOfGoop","Slimebound:RollThrough"],"picked":"Slimebound:GrowthPunch","floor":22},{"not_picked":["Slimebound:GoopSpray+1","Slimebound:ItLooksTasty"],"picked":"Slimebound:MegaLick+1","floor":23},{"not_picked":["Slimebound:Darklings+1","Slimebound:ServeAndProtect+1","Slimebound:DivideAndConquer"],"picked":"SKIP","floor":26},{"not_picked":["Slimebound:SamplingLick+1","Slimebound:FormOfPuddle+1"],"picked":"Slimebound:MegaLick+1","floor":27},{"not_picked":["Slimebound:LeechingTouch","Slimebound:Schlurp+1","Slimebound:LeadByExample"],"picked":"SKIP","floor":28},{"not_picked":["Slimebound:DisruptingSlam","Slimebound:LivingWall+1","Slimebound:ComboTackle+1"],"picked":"SKIP","floor":31},{"not_picked":["Slimebound:GoopTackle","Slimebound:MinionMaster"],"picked":"Slimebound:HauntingLick+1","floor":32},{"not_picked":["Slimebound:RollThrough","Slimebound:LeechingTouch+1"],"picked":"Slimebound:RejuvenatingLick+1","floor":36},{"not_picked":["Slimebound:LeechingTouch","Slimebound:LeechEnergy","Slimebound:SplitLeeching+1"],"picked":"SKIP","floor":37},{"not_picked":["Slimebound:LeechingTouch","Slimebound:Teamwork+1","Slimebound:Equalize+1"],"picked":"SKIP","floor":38},{"not_picked":["Slimebound:PressTheAttack+1","Slimebound:FinishingTackle","Slimebound:SplitBruiser+1"],"picked":"SKIP","floor":39},{"not_picked":["Slimebound:Recollect+1","Slimebound:Nibble","Slimebound:Equalize"],"picked":"SKIP","floor":40},{"not_picked":["Slimebound:LeadByExample+1","Slimebound:TongueLash+1","Slimebound:RollThrough"],"picked":"SKIP","floor":42},{"not_picked":["Slimebound:GoopTackle","Slimebound:FinishingTackle","Slimebound:LeechingTouch+1"],"picked":"SKIP","floor":43},{"not_picked":["Slimebound:SplitAcid+1","Slimebound:Nibble+1","Slimebound:ItLooksTasty"],"picked":"SKIP","floor":44},{"not_picked":["Slimebound:SlimeBarrage+1","Slimebound:DivideAndConquer+1"],"picked":"Slimebound:HauntingLick+1","floor":46},{"not_picked":["Slimebound:Prepare+1","Slimebound:GoopSpray+1","Slimebound:SplitBruiser+1"],"picked":"SKIP","floor":48},{"not_picked":["Slimebound:SplitBruiser+1","Slimebound:SelfFormingGoo","Slimebound:LeechingTouch+1"],"picked":"SKIP","floor":49},{"not_picked":["Slimebound:FinishingTackle+1","Slimebound:SplitLeeching+1","Slimebound:LeechEnergy+1"],"picked":"SKIP","floor":52}],"player_experience":3827291,"relics_obtained":[{"floor":7.0,"key":"Bag of Preparation"},{"floor":8.0,"key":"Bottled Lightning"},{"floor":13,"key":"champ:DeflectingBracers"},{"floor":23,"key":"Toxic Egg 2"},{"floor":28,"key":"Bottled Flame"},{"floor":31,"key":"Guardian:PocketSentry"},{"floor":40,"key":"Blue Candle"},{"floor":41,"key":"Pantograph"},{"floor":46,"key":"Molten Egg 2"},{"floor":52,"key":"Slimebound:PreparedRelic"}],"event_choices":[{"cards_removed":["Slimebound:Tackle"],"damage_healed":0.0,"max_hp_gain":0.0,"max_hp_loss":0.0,"gold_gain":0.0,"event_name":"The Cleric","player_choice":"Card Removal","floor":4.0,"gold_loss":0.0,"damage_taken":0.0},{"damage_healed":0,"gold_gain":0,"player_choice":"Got Potions","damage_taken":0,"max_hp_gain":0,"max_hp_loss":0,"event_name":"Lab","floor":29,"gold_loss":0}],"is_beta":false,"boss_relics":[{"not_picked":["Tiny House","SacredBark"],"picked":"Runic Pyramid"},{"not_picked":["Astrolabe","Calling Bell"],"picked":"sneckomod:SneckoTalon"}],"items_purged_floors":[9,20,38,45,53],"is_endless":false,"potions_floor_spawned":[3,5,13,15,16,21,22,26,27,28,37,39,40,46,48,49],"ascension_level":2}}