{"host":"kq2g769nefmuyn7c","time":1614049393,"event":{"mods":["ATMod(°¢èªMod)","Act Like it!","BaseMod","Gensokyo","Koishi","Minty Spire (QoL Compilation)","Remilia£¨ÀÙÃ×ÀòÑÇ£©","Replay The Spire","StSLib","The Servant 0.9.4"],"gold_per_floor":[114,132,182,214,94,124,124,171,171,186,200,225,225,242,242,242,242],"floor_reached":16,"language":"ZHS","playtime":1009,"items_purged":["Strike_RM"],"score":248,"play_id":"e9f0f17f-6528-4c13-addc-eda6eba5f633","local_time":"20210223110313","is_ascension_mode":true,"campfire_choices":[{"data":"ScarletNetherworld","floor":7,"key":"SMITH"},{"data":"AT_FamilyPortrait","floor":13,"key":"SMITH"},{"data":"KillingBlow","floor":15,"key":"SMITH"}],"circlet_count":0,"master_deck":["AscendersBane","Strike_RM","Strike_RM","Defend_RM","Defend_RM","Defend_RM","RedMoon","ScarletShoot","AT_FamilyPortrait+1","AfternoonTea","VampireSweep","MillenniumVampire","FitfulNightmare","DiffusionOfMisfortune","ScarletNetherworld+1","ScarletNetherworld","EquivalentExchange","Lust_TH","Stigmanizer","KillingBlow+1","Septette"],"relics":["ScarletHat","AT_ATBox","ReplayTheSpireMod:Ring of Collecting","Ring of Greed","MawBank","Tiny Chest","Centennial Puzzle","Eternal Feather","Akabeko","ReplayTheSpireMod:Ring of Addiction","Chameleon Ring","Potion Belt","Ring of Fangs","Smiling Mask"],"acts_visited":["Gensokyo:Gensokyo"],"potions_floor_usage":[6,6,11,14,16,16],"damage_taken":[{"damage":0,"enemies":"Gensokyo:3_Fairies","floor":1,"turns":4},{"damage":0,"enemies":"Gensokyo:2_Kodama","floor":2,"turns":6},{"damage":0,"enemies":"Gensokyo:Python","floor":4,"turns":4},{"damage":0,"enemies":"Gensokyo:Aya","floor":6,"turns":6},{"damage":10,"enemies":"Gensokyo:Cirno","floor":8,"turns":8},{"damage":3,"enemies":"Gensokyo:Kitsune","floor":10,"turns":6},{"damage":2,"enemies":"Gensokyo:VengefulSpirit","floor":11,"turns":6},{"damage":12,"enemies":"Gensokyo:3_Kodama","floor":14,"turns":2},{"damage":45,"enemies":"Gensokyo:Reimu","floor":16,"turns":7}],"seed_played":"-1491424454798095952","potions_obtained":[{"floor":2,"key":"Strength Potion"},{"floor":4,"key":"BlessingOfTheForge"},{"floor":9,"key":"Languid Potion"},{"floor":9,"key":"Elixir"},{"floor":9,"key":"DestinyDice"},{"floor":10,"key":"BlessingOfTheForge"},{"floor":14,"key":"PowerPotion"}],"is_trial":false,"path_per_floor":["M","M","?","M","$","E","R","E","T","M","M","T","R","M","R","B"],"character_chosen":"REMILIA","items_purchased":["ScarletNetherworld"],"campfire_rested":0,"item_purchase_floors":[5],"current_hp_per_floor":[45,45,45,46,46,46,46,40,40,37,35,35,47,35,47,10,10],"gold":242,"neow_bonus":"TRANSFORM_TWO_CARDS","is_daily":false,"chose_seed":false,"campfire_upgraded":3,"win_rate":0.0,"timestamp":1614049393,"path_taken":["M","M","?","?","?","E","R","E","T","M","?","?","R","M","R","BOSS"],"items_purchased_type":["Card"],"build_version":"2020-12-22","purchased_purges":1,"victory":false,"max_hp_per_floor":[70,70,70,70,70,70,70,70,70,70,70,70,70,70,70,70,70],"card_choices":[{"not_picked":["BlasphemousPunishment","EndlessAdversity"],"picked":"MillenniumVampire","floor":1},{"not_picked":["EndlessAdversity","EmergencyRegeneration"],"picked":"FitfulNightmare","floor":2},{"not_picked":["VampireKiss","BombardNight"],"picked":"DiffusionOfMisfortune","floor":4},{"not_picked":["StarOfDavid","ScarletImprint"],"picked":"EquivalentExchange","floor":6},{"not_picked":["ScarletDevil","ScarletImprint","UnderTheZenith"],"picked":"SKIP","floor":8},{"not_picked":["BombardNight","StarOfDavid"],"picked":"Stigmanizer","floor":10},{"not_picked":["DiffusionOfMisfortune","UnstableMagic"],"picked":"KillingBlow","floor":11},{"not_picked":["UnderTheZenith","VampireKiss"],"picked":"Septette","floor":14}],"player_experience":312608,"relics_obtained":[{"floor":3,"key":"ReplayTheSpireMod:Ring of Collecting"},{"floor":3,"key":"Ring of Greed"},{"floor":3,"key":"MawBank"},{"floor":3,"key":"Tiny Chest"},{"floor":6,"key":"Centennial Puzzle"},{"floor":8,"key":"Eternal Feather"},{"floor":9,"key":"Akabeko"},{"floor":9,"key":"ReplayTheSpireMod:Ring of Addiction"},{"floor":9,"key":"Chameleon Ring"},{"floor":9,"key":"Potion Belt"},{"floor":12,"key":"Ring of Fangs"},{"floor":12,"key":"Smiling Mask"}],"event_choices":[],"is_beta":false,"boss_relics":[],"items_purged_floors":[5],"is_endless":false,"potions_floor_spawned":[2,4,10,14],"killed_by":"Gensokyo:Reimu","ascension_level":19}}