{"host":"qc8gw3x1c8jlo9fx","time":1614059910,"event":{"mods":["AchievementEnabler","Act Like it!","BaseMod","Better Note","Conspire","Custom Start","Hubris","Infinite Spire","Jedi Mod","Minty Spire (QoL Compilation)","Reliquary","Replay The Spire","Ruina","StSLib","The IronCluck"],"gold_per_floor":[111,111,111,124,124,124,156,189,215,277,292,139,165,177,177,280,280,295,98,98,48,48,130,173,173,173,233,293,293,293,350,350,450,450],"floor_reached":33,"language":"ENG","playtime":1296,"items_purged":[],"score":351,"play_id":"db257b39-38cb-4df9-baa8-095bcf92659a","local_time":"20210222225830","daily_mods":["Chimera","Flight","Lethality"],"is_ascension_mode":false,"campfire_choices":[{"data":"Eruption","floor":6.0,"key":"SMITH"},{"floor":15.0,"key":"REST"},{"floor":25,"key":"REST"},{"data":"ruina:Thirst","floor":30,"key":"SMITH"},{"floor":32,"key":"REST"}],"circlet_count":0,"master_deck":["Bash","Survivor","Zap","Eruption+1","Strike_R+1","Strike_G","Strike_B+1","Defend_R","Defend_G","Defend_P","Iron Wave","jedi:strikingstrike","Fire Breathing","ReplayTheSpireMod:Faulty Equipment","Cleave","Inflame","Shrug It Off","Perfected Strike","Shrug It Off","Reaper","Sword Boomerang","ruina:Thirst+1","Clumsy","Wild Strike","Thunderclap","ReplayTheSpireMod:LeadingStrike","Cleave","ReplayTheSpireMod:Strike From Hell+1"],"relics":["Burning Blood","ReplayTheSpireMod:Ring of Challenge","Ring of Fury","Regal Pillow","Whetstone","reliquary:Stiletto","ReplayTheSpireMod:CursedCoin","reliquary:PorcupineQuills","conspire:SpecialSausage","ruina:FalsePresent","Replay:Bandana","Replay:Ringing Soul","reliquary:PurpleTingedLeaf","infinitespire:ShieldingShard","reliquary:HotPoker"],"acts_visited":["Exordium","Exordium"],"potions_floor_usage":[24,33,33,33],"damage_taken":[{"damage":0.0,"enemies":"2 Louse","floor":1.0,"turns":1.0},{"damage":0.0,"enemies":"Small Slimes","floor":4.0,"turns":2.0},{"damage":0.0,"enemies":"Gremlin Nob","floor":7.0,"turns":2.0},{"damage":25.0,"enemies":"3 Sentries","floor":8.0,"turns":3.0},{"damage":6.0,"enemies":"conspire:RoseBush","floor":11.0,"turns":2.0},{"damage":8.0,"enemies":"Replay:BlueRogue","floor":13.0,"turns":3.0},{"damage":8.0,"enemies":"Blue Slaver","floor":14.0,"turns":2.0},{"damage":62.0,"enemies":"The Guardian","floor":16.0,"turns":5.0},{"damage":0,"enemies":"ruina:Nosferatu","floor":18,"turns":1},{"damage":34,"enemies":"ruina:ServantOfWrath","floor":23,"turns":4},{"damage":46,"enemies":"ruina:BadWolf","floor":24,"turns":4},{"damage":18,"enemies":"ruina:RoadHome","floor":27,"turns":2},{"damage":0,"enemies":"ruina:Woodsman","floor":28,"turns":3},{"damage":29,"enemies":"ruina:Nos_and_Bat","floor":31,"turns":3},{"damage":129,"enemies":"ruina:Red_and_Wolf","floor":33,"turns":7}],"seed_played":"6264562976008548867","potions_obtained":[{"floor":8.0,"key":"Weak Potion"},{"floor":11.0,"key":"Explosive Potion"},{"floor":18,"key":"Doom Potion"},{"floor":21,"key":"BloodPotion"},{"floor":24,"key":"HeartOfIron"},{"floor":28,"key":"ColorlessPotion"}],"is_trial":true,"path_per_floor":["M","?","?","M","?","R","E","E","T","$","M","$","E","M","R","B",null,"M","$","?","?","?","E","M","R","T","E","M","AVR","R","M","R","B"],"character_chosen":"IRONCLAD","items_purchased":["ReplayTheSpireMod:CursedCoin","Cleave","Inflame","reliquary:PorcupineQuills","ruina:Thirst"],"campfire_rested":3,"item_purchase_floors":[10,10,10,12,19],"current_hp_per_floor":[80,80,80,80,80,80,80,61,61,61,61,61,59,57,80,24,80,80,80,80,75,60,58,47,81,81,73,82,82,82,63,90,0,0],"gold":450,"neow_bonus":"","is_daily":false,"chose_seed":false,"campfire_upgraded":2,"win_rate":0.0,"timestamp":1614059910,"path_taken":["M","?","?","M","?","R","E","E","T","$","?","?","E","M","R","BOSS","M","$","?","?","?","E","M","R","T","E","?","AVR","R","M","R","BOSS"],"items_purchased_type":["Relic","Card","Card","Relic","Card"],"build_version":"2020-12-22","purchased_purges":0,"victory":false,"max_hp_per_floor":[80,80,80,80,80,80,80,80,80,80,80,80,80,80,80,80,80,80,80,80,75,75,78,81,81,81,84,87,87,87,90,90,90,90],"card_choices":[{"not_picked":["Havoc","Warcry"],"picked":"Iron Wave","floor":1.0},{"not_picked":["True Grit","jedi:controlledanger"],"picked":"Fire Breathing","floor":4.0},{"not_picked":["Dual Wield","Sword Boomerang"],"picked":"jedi:strikingstrike","floor":7.0},{"not_picked":["conspire:Charge","Combust"],"picked":"Fire Breathing","floor":8.0},{"not_picked":["Evolve","Warcry"],"picked":"Shrug It Off","floor":11.0},{"not_picked":["Reckless Charge","Combust"],"picked":"Perfected Strike","floor":13.0},{"not_picked":["Anger","Havoc"],"picked":"Shrug It Off","floor":14.0},{"not_picked":["Barricade","Juggernaut"],"picked":"Reaper","floor":16.0},{"not_picked":["Rupture","Burning Pact"],"picked":"Sword Boomerang","floor":18},{"not_picked":["ReplayTheSpireMod:Strike From Hell","Offering"],"picked":"Wild Strike","floor":23},{"not_picked":["True Grit","Clothesline"],"picked":"Thunderclap","floor":24},{"not_picked":["jedi:fear","Entrench"],"picked":"ReplayTheSpireMod:LeadingStrike","floor":27},{"not_picked":["Clothesline+1","True Grit"],"picked":"Cleave","floor":28},{"not_picked":["conspire:ExplosiveBarrier","True Grit+1"],"picked":"ReplayTheSpireMod:Strike From Hell+1","floor":31}],"player_experience":222166,"relics_obtained":[{"floor":3.0,"key":"ReplayTheSpireMod:Ring of Challenge"},{"floor":3.0,"key":"Ring of Fury"},{"floor":7.0,"key":"Regal Pillow"},{"floor":8.0,"key":"Whetstone"},{"floor":9.0,"key":"reliquary:Stiletto"},{"floor":23,"key":"Replay:Ringing Soul"},{"floor":26,"key":"reliquary:PurpleTingedLeaf"},{"floor":27,"key":"infinitespire:ShieldingShard"}],"event_choices":[{"cards_removed":["Regret"],"damage_healed":0.0,"max_hp_gain":0.0,"max_hp_loss":0.0,"gold_gain":0.0,"event_name":"Purifier","player_choice":"Purged","floor":5.0,"gold_loss":0.0,"damage_taken":0.0},{"damage_healed":0,"gold_gain":0,"player_choice":"Leave","damage_taken":0,"max_hp_gain":0,"max_hp_loss":0,"event_name":"conspire:Investor","floor":20,"gold_loss":0}],"is_beta":false,"boss_relics":[{"not_picked":["Pandora\u0027s Box","Cursed Key"],"picked":"conspire:SpecialSausage"}],"items_purged_floors":[],"is_endless":false,"potions_floor_spawned":[8,11,18,24,28],"killed_by":"ruina:Red_and_Wolf","ascension_level":0}}