{"host":"yaxsefyig1et0yi2","time":1614053786,"event":{"mods":["Aspiration","BaseMod","BetterRewards","Colored Powertips","Conspire","Displayed Cursed Tome","Downfall","Halation","Hubris","Infinite Spire","Jorbs\u0027s Wanderer Trilogy","Minty Spire (QoL Compilation)","Quick Restart","RatMod","Replay The Spire","Reworked Bosses","Spikes Relics","StSLib","The Jungle","The Marked"],"gold_per_floor":[109,109,109,109,26,26,51,51,75,94,123,123,149,168,168,266,266,266,266],"floor_reached":18,"language":"ENG","playtime":1364,"items_purged":[],"score":226,"play_id":"aab985bd-30c2-497a-a3cf-029becdb0900","local_time":"20210222231626","is_ascension_mode":false,"campfire_choices":[{"data":"theMarked:Toughness","floor":6,"key":"SMITH"},{"data":"theMarked:SoldierOfQuellstein","floor":8,"key":"SMITH"},{"data":"Normality","floor":15,"key":"SMITH"}],"circlet_count":0,"master_deck":["theMarked:Strike","theMarked:Strike","theMarked:Strike","theMarked:Strike","theMarked:Strike","theMarked:Defend","theMarked:Defend","theMarked:Defend","theMarked:Defend","theMarked:SoldierOfQuellstein+1","theMarked:Memento","Amnesia","theMarked:Toughness+1","theMarked:Electrocute","theMarked:Friction","theMarked:EternalStudent","theMarked:Opportunist","theMarked:WardOff","theMarked:ComboAttacks+1","theMarked:MagusForm"],"relics":["theMarked:ArtifactOfAir","Ring of Misfortune","Ring of Fangs","halation:EternalFortune","halation:PinkSoulGem","ReplayTheSpireMod:CursedCoin","Blue Doll","halation:PrussianBluePaint","Bottled Lightning","Blood Vial","Painkiller Herb"],"acts_visited":["Exordium","TheCity"],"potions_floor_usage":[13,16],"damage_taken":[{"damage":0,"enemies":"Small Slimes","floor":1,"turns":3},{"damage":10,"enemies":"Replay:BlueRogue","floor":7,"turns":7},{"damage":0,"enemies":"conspire:RoseBush","floor":10,"turns":3},{"damage":40,"enemies":"Lagavulin","floor":11,"turns":7},{"damage":21,"enemies":"Gremlin Nob","floor":13,"turns":5},{"damage":6,"enemies":"2 Louse","floor":14,"turns":11},{"damage":8,"enemies":"Fading Forest","floor":16,"turns":11},{"damage":212,"enemies":"3 Byrds","floor":18,"turns":5}],"seed_played":"-4992491933637547844","potions_obtained":[{"floor":11,"key":"SneckoOil"},{"floor":14,"key":"Regen Potion"},{"floor":16,"key":"LiquidBronze"}],"is_trial":false,"path_per_floor":["M","?","?","?","$","R","E","R","T","M","E","?","E","M","R","B",null,"?"],"character_chosen":"THE_DEFAULT","items_purchased":["ReplayTheSpireMod:CursedCoin","theMarked:Toughness","theMarked:Electrocute"],"campfire_rested":0,"item_purchase_floors":[5,5,5],"current_hp_per_floor":[79,79,82,82,82,82,72,72,72,72,32,32,11,7,7,34,82,0,0],"gold":266,"neow_bonus":"TEN_PERCENT_HP_BONUS","is_daily":false,"chose_seed":false,"campfire_upgraded":3,"win_rate":0.0,"timestamp":1614053786,"path_taken":["M","?","?","?","?","R","E","R","T","M","E","?","E","M","R","BOSS","?"],"items_purchased_type":["Relic","Card","Card"],"build_version":"2020-12-22","purchased_purges":0,"victory":false,"max_hp_per_floor":[79,79,82,82,82,82,82,82,82,82,82,82,82,82,82,82,82,82,82],"card_choices":[{"not_picked":["theMarked:RepellingDischarge","theMarked:AttractMetal"],"picked":"theMarked:Memento","floor":1},{"not_picked":["theMarked:AttractMetal","theMarked:Electrocute"],"picked":"theMarked:Friction","floor":7},{"not_picked":["theMarked:Improvise","theMarked:PowerFlow"],"picked":"theMarked:UnarmedFury","floor":10},{"not_picked":["theMarked:StartUp","theMarked:LightningStrikesTwice"],"picked":"theMarked:EternalStudent","floor":11},{"not_picked":["theMarked:TakeCover","theMarked:Electrocute"],"picked":"theMarked:WardOff","floor":13},{"not_picked":["theMarked:ResourceFulStrike","theMarked:Panic"],"picked":"theMarked:ComboAttacks","floor":14},{"not_picked":["theMarked:Levitate","theMarked:TakeOffHeels"],"picked":"theMarked:MagusForm","floor":16}],"player_experience":271434,"relics_obtained":[{"floor":2,"key":"Ring of Misfortune"},{"floor":2,"key":"Ring of Fangs"},{"floor":7,"key":"Blue Doll"},{"floor":9,"key":"halation:PrussianBluePaint"},{"floor":11,"key":"Bottled Lightning"},{"floor":13,"key":"Blood Vial"}],"event_choices":[{"damage_healed":0,"gold_gain":0,"cards_transformed":["theMarked:UnarmedFury"],"player_choice":"Transformed","damage_taken":0,"max_hp_gain":0,"max_hp_loss":0,"event_name":"Transmorgrifier","floor":12,"gold_loss":0,"cards_obtained":["theMarked:Opportunist"]}],"is_beta":false,"boss_relics":[{"not_picked":["hubris:Backtick","aspiration:DefectSkillbook"],"picked":"Painkiller Herb"}],"items_purged_floors":[],"is_endless":false,"potions_floor_spawned":[11,14,16],"killed_by":"3 Byrds","ascension_level":0}}