{"host":"snampf0t8p8psf53","time":1614041863,"event":{"mods":["AchievementEnabler","BaseMod","Bestiary","Curses Come First","DeckTracker","Minty Spire (QoL Compilation)","Permanent Neow","StSLib","SuperFastMode"],"gold_per_floor":[110,123,143,154,165,200,215,247,298,298,309,321,346,362,362,459,459,478,354,373,393,318,351,351,369,369,369,334,353,353,23,23,23,23],"floor_reached":33,"language":"ENG","playtime":1570,"items_purged":[],"score":333,"play_id":"f8160386-2bd7-4a3b-8ff0-f22619bcec33","local_time":"20210222165743","is_ascension_mode":true,"campfire_choices":[{"floor":15.0,"key":"REST"},{"floor":24,"key":"RECALL"},{"data":"Demon Form","floor":32,"key":"SMITH"}],"circlet_count":0,"master_deck":["Strike_R","Strike_R","Strike_R","Strike_R","Strike_R","Defend_R","Defend_R","Defend_R","Defend_R","Fire Breathing","Shrug It Off","Demon Form+1","Heavy Blade","Cleave","Dual Wield","Twin Strike","Corruption","Dramatic Entrance","Dual Wield","Twin Strike","Twin Strike","Disarm","Heavy Blade","Twin Strike"],"relics":["Burning Blood","Bag of Marbles","Toy Ornithopter","Orichalcum","Vajra","FossilizedHelix","Coffee Dripper","Self Forming Clay","Magic Flower","Thread and Needle"],"acts_visited":["Exordium","TheCity"],"potions_floor_usage":[21,23,25,29],"damage_taken":[{"damage":6.0,"enemies":"Cultist","floor":1.0,"turns":3.0},{"damage":6.0,"enemies":"Jaw Worm","floor":2.0,"turns":4.0},{"damage":7.0,"enemies":"2 Louse","floor":3.0,"turns":2.0},{"damage":11.0,"enemies":"Blue Slaver","floor":4.0,"turns":3.0},{"damage":2.0,"enemies":"Large Slime","floor":5.0,"turns":7.0},{"damage":22.0,"enemies":"3 Sentries","floor":6.0,"turns":5.0},{"damage":15.0,"enemies":"Looter","floor":7.0,"turns":3.0},{"damage":28.0,"enemies":"Gremlin Nob","floor":8.0,"turns":4.0},{"damage":5.0,"enemies":"2 Fungi Beasts","floor":11.0,"turns":3.0},{"damage":6.0,"enemies":"Blue Slaver","floor":12.0,"turns":3.0},{"damage":17.0,"enemies":"3 Sentries","floor":13.0,"turns":6.0},{"damage":0.0,"enemies":"Large Slime","floor":14.0,"turns":4.0},{"damage":20.0,"enemies":"Hexaghost","floor":16.0,"turns":7.0},{"damage":18.0,"enemies":"3 Byrds","floor":18.0,"turns":6.0},{"damage":17.0,"enemies":"Spheric Guardian","floor":20.0,"turns":5.0},{"damage":8,"enemies":"Centurion and Healer","floor":21,"turns":4},{"damage":54,"enemies":"Gremlin Leader","floor":23,"turns":7},{"damage":17,"enemies":"Snecko","floor":25,"turns":5},{"damage":20,"enemies":"Shelled Parasite and Fungi","floor":29,"turns":5},{"damage":64,"enemies":"Automaton","floor":33,"turns":6}],"seed_played":"-3039388174061820973","potions_obtained":[{"floor":1.0,"key":"Fire Potion"},{"floor":3.0,"key":"DuplicationPotion"},{"floor":7.0,"key":"Regen Potion"},{"floor":12.0,"key":"Dexterity Potion"},{"floor":14.0,"key":"FairyPotion"},{"floor":16.0,"key":"LiquidMemories"},{"floor":18.0,"key":"BloodPotion"},{"floor":21,"key":"SteroidPotion"},{"floor":25,"key":"DistilledChaos"}],"is_trial":false,"path_per_floor":["M","M","M","M","M","E","M","E","T","?","M","M","E","M","R","B",null,"M","$","M","M","?","E","R","M","T","?","$","M","?","$","R","B"],"character_chosen":"IRONCLAD","items_purchased":["Dramatic Entrance","Dual Wield","Disarm","Twin Strike","Thread and Needle"],"campfire_rested":1,"item_purchase_floors":[19,19,28,31,31],"current_hp_per_floor":[80,80,79,74,78,62,53,36,36,36,37,37,26,32,56,67,80,68,68,57,60,60,17,17,27,27,27,27,24,9,9,9,0,0],"gold":23,"neow_bonus":"RANDOM_COMMON_RELIC","is_daily":false,"chose_seed":false,"campfire_upgraded":1,"win_rate":0.0,"timestamp":1614041863,"path_taken":["M","M","M","M","M","E","M","E","T","?","M","?","E","M","R","BOSS","M","$","M","M","?","E","R","M","T","?","$","M","?","$","R","BOSS"],"items_purchased_type":["Card","Card","Card","Card","Relic"],"build_version":"2020-12-22","purchased_purges":0,"victory":false,"max_hp_per_floor":[80,80,80,80,80,80,80,80,80,80,80,80,80,80,80,80,80,80,80,80,80,80,80,80,80,80,80,80,80,85,85,85,85,85],"card_choices":[{"not_picked":["Searing Blow","Thunderclap","Pommel Strike"],"picked":"SKIP","floor":1.0},{"not_picked":["Metallicize","Pommel Strike"],"picked":"Fire Breathing","floor":2.0},{"not_picked":["Rage","Warcry"],"picked":"Shrug It Off","floor":3.0},{"not_picked":["True Grit","Clothesline","Dual Wield"],"picked":"SKIP","floor":4.0},{"not_picked":["Wild Strike","Cleave","Anger"],"picked":"SKIP","floor":5.0},{"not_picked":["Blood for Blood","Clothesline"],"picked":"Demon Form","floor":6.0},{"not_picked":["Battle Trance","Havoc","Evolve"],"picked":"SKIP","floor":7.0},{"not_picked":["Iron Wave","Perfected Strike"],"picked":"Heavy Blade","floor":8.0},{"not_picked":["True Grit","Anger"],"picked":"Cleave","floor":11.0},{"not_picked":["Pommel Strike","Dark Embrace"],"picked":"Dual Wield","floor":12.0},{"not_picked":["Searing Blow","Seeing Red","Immolate"],"picked":"SKIP","floor":13.0},{"not_picked":["True Grit","Anger"],"picked":"Twin Strike","floor":14.0},{"not_picked":["Berserk","Barricade"],"picked":"Corruption","floor":16.0},{"not_picked":["Dropkick+1","Hemokinesis+1","Iron Wave+1"],"picked":"SKIP","floor":18.0},{"not_picked":["Wild Strike","Havoc","Inflame"],"picked":"SKIP","floor":20},{"not_picked":["Shrug It Off","Pummel"],"picked":"Twin Strike","floor":21},{"not_picked":["Clothesline+1","Thunderclap+1","Power Through"],"picked":"SKIP","floor":23},{"not_picked":["Perfected Strike","Sever Soul"],"picked":"Twin Strike","floor":25},{"not_picked":["Warcry","Thunderclap"],"picked":"Heavy Blade","floor":29}],"player_experience":174943,"relics_obtained":[{"floor":6.0,"key":"Toy Ornithopter"},{"floor":8.0,"key":"Orichalcum"},{"floor":9.0,"key":"Vajra"},{"floor":13.0,"key":"FossilizedHelix"},{"floor":23,"key":"Self Forming Clay"},{"floor":26,"key":"Magic Flower"}],"event_choices":[{"damage_healed":0.0,"max_hp_gain":0.0,"max_hp_loss":0.0,"gold_gain":0.0,"event_name":"The Woman in Blue","player_choice":"Bought 0 Potions","floor":10.0,"gold_loss":0.0,"damage_taken":0.0},{"cards_removed":["Bash"],"damage_healed":0,"gold_gain":0,"player_choice":"Gave Gold","damage_taken":0,"max_hp_gain":0,"max_hp_loss":0,"event_name":"Beggar","floor":22,"gold_loss":75},{"damage_healed":0,"gold_gain":0,"player_choice":"Ignored","damage_taken":0,"max_hp_gain":0,"max_hp_loss":0,"event_name":"Ghosts","floor":27,"gold_loss":0},{"damage_healed":0,"gold_gain":0,"player_choice":"Shed Blood","damage_taken":20,"max_hp_gain":5,"max_hp_loss":0,"event_name":"Forgotten Altar","floor":30,"gold_loss":0}],"is_beta":false,"boss_relics":[{"not_picked":["Empty Cage","Velvet Choker"],"picked":"Coffee Dripper"}],"items_purged_floors":[],"is_endless":false,"potions_floor_spawned":[1,3,7,12,14,16,18,20,21,25],"killed_by":"Automaton","ascension_level":1}}