{"host":"eutfwpehtd75iaf6","time":1614097076,"event":{"mods":["BaseMod","Colored Map","Minty Spire (QoL Compilation)","StSLib"],"gold_per_floor":[116,116,131,131,144,174,174,189,189,203,234,245,245,264,264,364,364,383,402,327,345,270,302,302,302,302,302,332,12,37,51,51,152,152,171,190,56,70,90,123,123,149,149,149,164,164,175,209,209,209,209,209,11,43,43,43],"floor_reached":55,"language":"ENG","playtime":4880,"items_purged":["Strike_G","Strike_G","Parasite"],"score":890,"play_id":"d80420ce-698a-4f09-8a05-01a182d63be5","local_time":"20210223111756","is_ascension_mode":true,"campfire_choices":[{"floor":7.0,"key":"REST"},{"data":"Deadly Poison","floor":13,"key":"SMITH"},{"floor":15,"key":"RECALL"},{"data":"Adrenaline","floor":24,"key":"SMITH"},{"data":"Blur","floor":27,"key":"SMITH"},{"data":"Corpse Explosion","floor":32,"key":"SMITH"},{"data":"Bullet Time","floor":41,"key":"SMITH"},{"data":"Apotheosis","floor":46,"key":"SMITH"},{"data":"Footwork","floor":49,"key":"SMITH"},{"data":"Footwork","floor":52,"key":"SMITH"}],"circlet_count":0,"master_deck":["Strike_G","Strike_G","Defend_G","Defend_G","Defend_G+1","Defend_G","Defend_G","Survivor","Neutralize+1","Blur+1","Deadly Poison+1","Acrobatics","Noxious Fumes","Dodge and Roll","Footwork+1","Bane","Prepared","Adrenaline+1","Calculated Gamble","Tactician","Corpse Explosion+1","Bullet Time+1","Deadly Poison+1","Apotheosis+1","Outmaneuver","Footwork+1","Prepared","Blur+1","Concentrate+1"],"relics":["Ring of the Snake","Sundial","Eternal Feather","Mercury Hourglass","Runic Pyramid","MealTicket","The Courier","Potion Belt","Torii","Red Mask","SlaversCollar","Pantograph","Ninja Scroll","Question Card","HornCleat","Orichalcum"],"acts_visited":["Exordium","TheCity","TheBeyond","TheEnding"],"potions_floor_usage":[23,28,30,33,35,38,39,54,54,55],"damage_taken":[{"damage":0.0,"enemies":"2 Louse","floor":1.0,"turns":4.0},{"damage":2.0,"enemies":"Small Slimes","floor":3.0,"turns":6.0},{"damage":1.0,"enemies":"Cultist","floor":5.0,"turns":4.0},{"damage":47.0,"enemies":"Gremlin Nob","floor":6.0,"turns":6.0},{"damage":1.0,"enemies":"Red Slaver","floor":8.0,"turns":5.0},{"damage":1,"enemies":"2 Fungi Beasts","floor":10,"turns":4},{"damage":6,"enemies":"Lagavulin","floor":11,"turns":8},{"damage":2,"enemies":"Blue Slaver","floor":12,"turns":4},{"damage":0,"enemies":"3 Louse","floor":14,"turns":3},{"damage":23,"enemies":"Hexaghost","floor":16,"turns":10},{"damage":11,"enemies":"Spheric Guardian","floor":18,"turns":6},{"damage":2,"enemies":"Shell Parasite","floor":19,"turns":6},{"damage":7,"enemies":"Snecko","floor":21,"turns":5},{"damage":11,"enemies":"Book of Stabbing","floor":23,"turns":7},{"damage":10,"enemies":"Gremlin Leader","floor":28,"turns":6},{"damage":3,"enemies":"Masked Bandits","floor":30,"turns":5},{"damage":10,"enemies":"Centurion and Healer","floor":31,"turns":8},{"damage":29,"enemies":"Automaton","floor":33,"turns":9},{"damage":26,"enemies":"3 Darklings","floor":35,"turns":3},{"damage":0,"enemies":"3 Shapes","floor":36,"turns":2},{"damage":38,"enemies":"Spire Growth","floor":38,"turns":6},{"damage":1,"enemies":"Writhing Mass","floor":39,"turns":6},{"damage":5,"enemies":"Nemesis","floor":40,"turns":9},{"damage":0,"enemies":"Giant Head","floor":42,"turns":9},{"damage":0,"enemies":"4 Shapes","floor":45,"turns":4},{"damage":1,"enemies":"Spire Growth","floor":47,"turns":6},{"damage":9,"enemies":"Reptomancer","floor":48,"turns":9},{"damage":47,"enemies":"Time Eater","floor":50,"turns":15},{"damage":21,"enemies":"Shield and Spear","floor":54,"turns":6},{"damage":98,"enemies":"The Heart","floor":55,"turns":11}],"seed_played":"4530945464231218527","potions_obtained":[{"floor":5.0,"key":"Fire Potion"},{"floor":8,"key":"Swift Potion"},{"floor":12,"key":"Swift Potion"},{"floor":14,"key":"LiquidMemories"},{"floor":16,"key":"Energy Potion"},{"floor":23,"key":"Fire Potion"},{"floor":31,"key":"Poison Potion"},{"floor":35,"key":"Regen Potion"},{"floor":36,"key":"Block Potion"},{"floor":42,"key":"Poison Potion"},{"floor":45,"key":"GhostInAJar"}],"is_trial":false,"path_per_floor":["M","?","M","?","M","E","R","M","T","M","E","M","R","M","R","B",null,"M","M","?","M","$","E","R","?","T","R","E","$","?","M","R","B",null,"M","M","$","M","M","E","R","E","T","?","M","R","M","E","R","B",null,"R","$","E","B"],"character_chosen":"THE_SILENT","items_purchased":["Torii","Apotheosis","Regen Potion","ColorlessPotion"],"campfire_rested":1,"item_purchase_floors":[29,37,53,53],"current_hp_per_floor":[77,62,60,77,76,29,52,51,51,50,44,42,51,51,63,40,77,66,64,64,57,57,46,58,44,44,56,46,61,58,48,60,31,82,56,56,71,45,44,39,54,54,54,54,54,69,68,59,77,35,82,82,79,58,0,0],"gold":43,"neow_bonus":"TEN_PERCENT_HP_BONUS","is_daily":false,"chose_seed":false,"campfire_upgraded":8,"win_rate":0.0,"timestamp":1614097076,"path_taken":["M","?","M","?","?","E","R","M","T","M","E","?","R","M","R","BOSS","M","M","?","M","$","E","R","?","T","R","E","$","?","M","R","BOSS","M","M","$","M","M","E","R","E","T","?","M","R","M","E","R","BOSS","R","$","E","BOSS"],"items_purchased_type":["Relic","Card","Potion","Potion"],"build_version":"2020-12-22","purchased_purges":3,"victory":false,"max_hp_per_floor":[77,77,77,77,77,77,77,77,77,77,77,77,77,77,77,77,77,77,77,77,77,77,77,77,82,82,82,82,82,82,82,82,82,82,82,82,82,82,82,82,82,82,82,82,82,82,82,82,82,82,82,82,79,79,79,79],"card_choices":[{"not_picked":["Acrobatics","Choke"],"picked":"Blur","floor":1.0},{"not_picked":["Quick Slash","Noxious Fumes"],"picked":"Deadly Poison","floor":3.0},{"not_picked":["Blade Dance","Setup"],"picked":"Acrobatics","floor":5.0},{"not_picked":["Leg Sweep","Bane"],"picked":"Noxious Fumes","floor":6.0},{"not_picked":["PiercingWail","Sucker Punch"],"picked":"Dodge and Roll","floor":8},{"not_picked":["Deadly Poison","Endless Agony"],"picked":"Footwork","floor":10},{"not_picked":["Malaise","Deflect"],"picked":"Bane","floor":11},{"not_picked":["Dagger Throw","Calculated Gamble","Crippling Poison"],"picked":"SKIP","floor":12},{"not_picked":["Bane","Dagger Throw"],"picked":"Prepared","floor":14},{"not_picked":["Unload","Glass Knife"],"picked":"Adrenaline","floor":16},{"not_picked":["Dagger Spray","Flying Knee","Backflip"],"picked":"SKIP","floor":18},{"not_picked":["Deflect","Reflex+1","Doppelganger"],"picked":"SKIP","floor":19},{"not_picked":["Deflect","Skewer"],"picked":"Calculated Gamble","floor":21},{"not_picked":["Outmaneuver","Choke","Footwork+1"],"picked":"SKIP","floor":23},{"not_picked":["Blade Dance+1","Poisoned Stab","Footwork"],"picked":"SKIP","floor":28},{"not_picked":["Masterful Stab","Poisoned Stab"],"picked":"Tactician","floor":30},{"not_picked":["Underhanded Strike+1","Sucker Punch"],"picked":"Corpse Explosion","floor":31},{"not_picked":["Grand Finale","Doppelganger"],"picked":"Bullet Time","floor":33},{"not_picked":["Blade Dance+1","PiercingWail"],"picked":"Deadly Poison+1","floor":35},{"not_picked":["Well Laid Plans+1","Calculated Gamble","Poisoned Stab"],"picked":"SKIP","floor":36},{"not_picked":["Tactician","Sucker Punch+1"],"picked":"Outmaneuver","floor":38},{"not_picked":["PiercingWail","Endless Agony+1"],"picked":"Footwork","floor":39},{"not_picked":["Cloak And Dagger+1","Blade Dance+1"],"picked":"Prepared","floor":40},{"not_picked":["Quick Slash","Flying Knee"],"picked":"Blur+1","floor":42},{"not_picked":["PiercingWail","Blade Dance+1","Phantasmal Killer","Dagger Throw"],"picked":"SKIP","floor":45},{"not_picked":["Masterful Stab","Quick Slash+1","Crippling Poison"],"picked":"Concentrate+1","floor":47},{"not_picked":["Skewer+1","Predator+1","Slice+1","Dagger Throw+1"],"picked":"SKIP","floor":48},{"not_picked":["Outmaneuver","Envenom","Underhanded Strike+1","Calculated Gamble+1"],"picked":"SKIP","floor":54}],"player_experience":132088,"relics_obtained":[{"floor":6.0,"key":"Sundial"},{"floor":9,"key":"Eternal Feather"},{"floor":11,"key":"Mercury Hourglass"},{"floor":23,"key":"MealTicket"},{"floor":26,"key":"The Courier"},{"floor":28,"key":"Potion Belt"},{"floor":30,"key":"Red Mask"},{"floor":40,"key":"Pantograph"},{"floor":42,"key":"Ninja Scroll"},{"floor":48,"key":"HornCleat"},{"floor":54,"key":"Orichalcum"}],"event_choices":[{"damage_healed":0.0,"max_hp_gain":0.0,"max_hp_loss":0.0,"gold_gain":0.0,"event_name":"Shining Light","player_choice":"Entered Light","floor":2.0,"gold_loss":0.0,"damage_taken":15.0,"cards_upgraded":["Defend_G","Neutralize"]},{"damage_healed":17.0,"max_hp_gain":0.0,"max_hp_loss":0.0,"gold_gain":0.0,"event_name":"Wheel of Change","player_choice":"Full Heal","floor":4.0,"gold_loss":0.0,"damage_taken":0.0},{"cards_removed":["Strike_G"],"damage_healed":0,"gold_gain":0,"player_choice":"Gave Gold","damage_taken":0,"max_hp_gain":0,"max_hp_loss":0,"event_name":"Beggar","floor":20,"gold_loss":75},{"damage_healed":0,"gold_gain":0,"player_choice":"Shed Blood","damage_taken":19,"max_hp_gain":5,"max_hp_loss":0,"event_name":"Forgotten Altar","floor":25,"gold_loss":0},{"damage_healed":0,"gold_gain":0,"player_choice":"Fought Bandits","damage_taken":0,"max_hp_gain":0,"max_hp_loss":0,"event_name":"Masked Bandits","floor":30,"gold_loss":0},{"damage_healed":0,"gold_gain":0,"player_choice":"Gave Potion","damage_taken":0,"relics_obtained":["Question Card"],"max_hp_gain":0,"max_hp_loss":0,"event_name":"WeMeetAgain","floor":44,"gold_loss":0}],"is_beta":false,"boss_relics":[{"not_picked":["Philosopher\u0027s Stone","Ectoplasm"],"picked":"Runic Pyramid"},{"not_picked":["Ring of the Serpent","Cursed Key"],"picked":"SlaversCollar"}],"items_purged_floors":[22,29,53],"is_endless":false,"potions_floor_spawned":[5,8,12,14,16,19,21,23,31,35,36,42,45],"killed_by":"The Heart","ascension_level":2}}