{"host":"hig4mmxcip4vq5ai","time":1614071639,"event":{"mods":["Aspiration","BaseMod","Challenge The Spire","Colored Powertips","Conspire","Energized Spire","Friendly Minions","Halation","Hubris","Infinite Spire","Minty Spire (QoL Compilation)","Replay The Spire","Shop Mod","Small Relic Pack","StSLib"],"gold_per_floor":[111,140,140,7,23,36,49,49,49,65,65,98,98,116,116,190,190,209,149,168,168,168],"floor_reached":21,"language":"RUS","playtime":1064,"items_purged":[],"score":308,"play_id":"d06aa8df-010d-42fe-9474-fbb0f10e9e62","local_time":"20210223121359","is_ascension_mode":true,"campfire_choices":[{"data":"Glass Knife","floor":8,"key":"SMITH"},{"data":"Glass Knife+1","floor":11,"key":"SMITH"},{"data":"Accuracy","floor":13,"key":"SMITH"},{"data":"Accuracy+1","floor":15,"key":"SMITH"}],"circlet_count":0,"master_deck":["AscendersBane","Strike_G","Strike_G","Strike_G","Strike_G","Defend_G","Defend_G","Defend_G","Defend_G","Defend_G","Survivor","Neutralize","Dagger Throw","Deflect","Dash","Well Laid Plans","Well Laid Plans","Blade Dance","Glass Knife+2","hubris:Sniper","Accuracy+2","Night Terror"],"relics":["Ring of the Snake","conspire:InfiniteJournal","Snake Skull","halation:PrussianBluePaint"],"acts_visited":["Exordium","TheCity"],"potions_floor_usage":[16,20],"damage_taken":[{"damage":3.0,"enemies":"Small Slimes","floor":1.0,"turns":4.0},{"damage":0.0,"enemies":"Cultist","floor":5.0,"turns":5.0},{"damage":0,"enemies":"conspire:RoseBush","floor":6,"turns":4},{"damage":4,"enemies":"Exordium Wildlife","floor":7,"turns":4},{"damage":2,"enemies":"Looter","floor":10,"turns":3},{"damage":23,"enemies":"Gremlin Nob","floor":12,"turns":5},{"damage":0,"enemies":"3 Louse","floor":14,"turns":4},{"damage":10,"enemies":"The Guardian","floor":16,"turns":12},{"damage":16,"enemies":"3 Byrds","floor":18,"turns":7},{"damage":20,"enemies":"Shell Parasite","floor":20,"turns":5},{"damage":18,"enemies":"Snecko","floor":21,"turns":3}],"seed_played":"513026562576369353","potions_obtained":[{"floor":0.0,"key":"Poison Potion"},{"floor":0.0,"key":"SkillPotion"},{"floor":0.0,"key":"SpeedPotion"},{"floor":1.0,"key":"Adrenaline Potion"},{"floor":12,"key":"BlessingOfTheForge"}],"is_trial":false,"path_per_floor":["M","?","?","$","M","M","M","R","T","M","R","E","R","M","R","B",null,"M","?","M","M"],"character_chosen":"THE_SILENT","items_purchased":["Dash","Well Laid Plans"],"campfire_rested":0,"item_purchase_floors":[4,4],"current_hp_per_floor":[56,56,56,56,56,56,52,52,52,50,50,27,27,27,27,17,54,38,38,18,0,0],"gold":168,"neow_bonus":"THREE_SMALL_POTIONS","is_daily":false,"chose_seed":false,"campfire_upgraded":4,"win_rate":0.0,"timestamp":1614071639,"path_taken":["M","?","?","$","M","M","?","R","T","M","R","E","R","M","R","BOSS","M","?","M","M"],"items_purchased_type":["Card","Card"],"build_version":"2020-12-22","purchased_purges":0,"victory":false,"max_hp_per_floor":[66,66,66,66,66,66,66,66,66,66,66,66,66,66,66,66,66,66,66,66,66,66],"card_choices":[{"not_picked":["hubris:SlightOfHand","Setup"],"picked":"Dagger Throw","floor":1.0},{"not_picked":["Bane","Sucker Punch"],"picked":"Deflect","floor":2.0},{"not_picked":["Quick Slash","PiercingWail","ReplayTheSpireMod:Tripwire"],"picked":"SKIP","floor":5},{"not_picked":["Terror","Sucker Punch"],"picked":"Blade Dance","floor":6},{"not_picked":["ReplayTheSpireMod:Exploit Weakness","Underhanded Strike"],"picked":"Glass Knife","floor":7},{"not_picked":["Deflect","Outmaneuver"],"picked":"hubris:Sniper","floor":10},{"not_picked":["Eviscerate","Outmaneuver"],"picked":"Accuracy","floor":12},{"not_picked":["Slice","Concentrate","Eviscerate"],"picked":"SKIP","floor":14},{"not_picked":["Envenom","Replay:Bag of Tricks"],"picked":"Night Terror","floor":16},{"not_picked":["Deflect","hubris:Counter","Setup"],"picked":"SKIP","floor":18},{"not_picked":["Flechettes","Well Laid Plans+1","Flying Knee+1"],"picked":"SKIP","floor":20}],"player_experience":438219,"relics_obtained":[{"floor":2.0,"key":"conspire:InfiniteJournal"},{"floor":9,"key":"Snake Skull"},{"floor":12,"key":"halation:PrussianBluePaint"}],"event_choices":[{"cards_removed":["Strike_G"],"damage_healed":0.0,"max_hp_gain":0.0,"max_hp_loss":0.0,"gold_gain":0.0,"event_name":"Purifier","player_choice":"Purged","floor":3.0,"gold_loss":0.0,"damage_taken":0.0}],"is_beta":false,"boss_relics":[{"not_picked":["relicPack:ShieldShield","Replay:Bronze Core","energizedSpire:MagnifyingGlass"]}],"items_purged_floors":[],"is_endless":false,"potions_floor_spawned":[1,10,12],"killed_by":"Snecko","ascension_level":14}}