{"host":"c64dsqyrqv0ei9yn","time":1614105940,"event":{"mods":["Act Like it!","Arknights","BaseMod","Bestiary","CapriCore","Chen","Colored Map","Colored Powertips","Curses Come First","Hermit","Koishi","LagranYue(ùfäiòNÅEåé)","MarisaÅiñ∂âJÅ@ñÇóùçπÅj","Minty Spire (QoL Compilation)","Prisma Mod","Random Character Button","ReimuÅiîé??öÎÅj","RemiliaÅiÂQïƒ‰ª?Åj","StSLib","The Administrix","The Alterego","The Immortal","The Marked","The Saiyan","The Senshi","The Servant 0.9.4","The Wild Card","TheSwordswoman","Waifu the Spire","WarShipGirlsR/??è≠èóR mod","slay the spire mod where everything is the same but ironclad has a cowboy hat"],"gold_per_floor":[120,132,132,151,111,111,141,159,205,227,268,300,323,346,358,466,478,480,507,536,92,108,120,155,155,231,242,242,242,253,253,253,349,349,340,265,265,281,281,281,281,281,306,306,305,285,285],"floor_reached":46,"language":"ENG","playtime":4393,"items_purged":["Injury"],"score":481,"play_id":"2c6a2ae7-6d1b-4e20-b02d-adb3c5d9a56d","local_time":"20210223184540","is_ascension_mode":false,"campfire_choices":[{"data":"alterego_mod:BrynhildrsRune","floor":6,"key":"SMITH"},{"floor":15,"key":"REST"},{"floor":25,"key":"REST"},{"floor":28,"key":"REST"},{"floor":32,"key":"REST"},{"data":"alterego_mod:Venus","floor":40,"key":"SMITH"},{"data":"alterego_mod:IndependentAction","floor":42,"key":"SMITH"}],"circlet_count":0,"master_deck":["alterego_mod:Strike","alterego_mod:Strike","alterego_mod:Strike","alterego_mod:Defend","alterego_mod:Defend","alterego_mod:Defend","alterego_mod:Defend","alterego_mod:Impale","alterego_mod:BigMeatyClaws","alterego_mod:BrynhildrsRune+1","alterego_mod:IndependentAction+1","alterego_mod:Birthday","alterego_mod:Undulate","alterego_mod:MaintainEyeContact+1","alterego_mod:Skirt","alterego_mod:BiFurious","alterego_mod:Pet+1","alterego_mod:BusterCard+1","alterego_mod:Venus+1","alterego_mod:SideboobHour","Injury"],"relics":["alterego_mod:MasochisticConstitution","NeowsBlessing","PaintedHorse:ReiMu","Kunai","MawBank","Anchor","Cursed Key","AntiCross","War Paint","Juzu Bracelet","Ornamental Fan","Busted Crown"],"acts_visited":["Exordium","TheCity","TheBeyond"],"potions_floor_usage":[14,16],"damage_taken":[{"damage":0,"enemies":"2 Louse","floor":1,"turns":1},{"damage":0,"enemies":"Small Slimes","floor":2,"turns":2},{"damage":0,"enemies":"Cultist","floor":4,"turns":1},{"damage":5,"enemies":"3 Sentries","floor":7,"turns":10},{"damage":4,"enemies":"Blue Slaver","floor":8,"turns":5},{"damage":4,"enemies":"2 Fungi Beasts","floor":10,"turns":5},{"damage":9,"enemies":"Lagavulin","floor":11,"turns":10},{"damage":0,"enemies":"3 Louse","floor":12,"turns":4},{"damage":0,"enemies":"Red Slaver","floor":13,"turns":7},{"damage":20,"enemies":"Gremlin Gang","floor":14,"turns":9},{"damage":44,"enemies":"Slime Boss","floor":16,"turns":19},{"damage":10,"enemies":"2 Thieves","floor":18,"turns":4},{"damage":16,"enemies":"Chosen","floor":19,"turns":8},{"damage":25,"enemies":"Snake Plant","floor":20,"turns":7},{"damage":0,"enemies":"Chosen and Byrds","floor":22,"turns":5},{"damage":25,"enemies":"Snecko","floor":23,"turns":5},{"damage":22,"enemies":"Slavers","floor":24,"turns":7},{"damage":8,"enemies":"3 Cultists","floor":27,"turns":4},{"damage":19,"enemies":"Shelled Parasite and Fungi","floor":30,"turns":6},{"damage":27,"enemies":"Automaton","floor":33,"turns":7},{"damage":9,"enemies":"3 Darklings","floor":35,"turns":7},{"damage":0,"enemies":"3 Shapes","floor":38,"turns":3},{"damage":5,"enemies":"Sphere and 2 Shapes","floor":45,"turns":4},{"damage":92,"enemies":"Orin","floor":46,"turns":7}],"seed_played":"-6406649148843627401","potions_obtained":[{"floor":1,"key":"GrandPatriotsElixir:ReiMu"},{"floor":4,"key":"Swift Potion"},{"floor":8,"key":"MagicPotion:ReiMu"},{"floor":10,"key":"SkillPotion"},{"floor":20,"key":"ColorlessPotion"},{"floor":24,"key":"Swift Potion"}],"is_trial":false,"path_per_floor":["M","M","$","M","?","R","E","M","T","M","E","M","M","M","R","B",null,"M","M","M","$","M","M","E","R","T","M","R","?","M","?","R","B",null,"M","$","?","M","?","R","?","R","T","?","M","?"],"character_chosen":"The_Alterego","items_purchased":["alterego_mod:Pet","AntiCross","War Paint"],"campfire_rested":4,"item_purchase_floors":[21,21,21],"current_hp_per_floor":[70,70,70,70,70,70,66,70,70,69,70,74,74,55,75,32,76,69,63,48,48,50,35,16,40,40,35,59,59,43,27,53,29,89,83,83,83,83,83,83,83,83,83,83,88,0,0],"gold":285,"neow_bonus":"THREE_ENEMY_KILL","is_daily":false,"chose_seed":false,"campfire_upgraded":3,"win_rate":0.0,"timestamp":1614105940,"path_taken":["M","M","$","M","?","R","E","M","T","M","E","M","M","M","R","BOSS","M","M","M","$","M","M","E","R","T","M","R","?","M","?","R","BOSS","M","$","?","M","?","R","?","R","T","?","M","?"],"items_purchased_type":["Card","Relic","Relic"],"build_version":"2020-12-22","purchased_purges":1,"victory":false,"max_hp_per_floor":[70,70,70,70,70,70,71,72,72,73,74,74,74,75,75,76,76,77,78,79,79,79,80,81,81,81,82,82,82,83,88,88,89,89,90,90,90,90,90,90,90,90,90,90,91,91,91],"card_choices":[{"not_picked":["alterego_mod:PurpleHair","alterego_mod:Rip","alterego_mod:GoddessCore"],"picked":"SKIP","floor":1},{"not_picked":["alterego_mod:DustData","alterego_mod:PurpleHair"],"picked":"alterego_mod:IndependentAction","floor":2},{"not_picked":["alterego_mod:TrashNCrash","alterego_mod:DiscoLights","alterego_mod:MaintainEyeContact"],"picked":"SKIP","floor":4},{"not_picked":["alterego_mod:TrashNCrash","alterego_mod:Punishment","alterego_mod:SuperDuperMasochism"],"picked":"SKIP","floor":7},{"not_picked":["alterego_mod:Vow","alterego_mod:GoddessCore"],"picked":"alterego_mod:Birthday","floor":8},{"not_picked":["alterego_mod:Jiggle","alterego_mod:Cooking","alterego_mod:SuperDuperMasochism"],"picked":"SKIP","floor":10},{"not_picked":["alterego_mod:Punishment","alterego_mod:Skirt"],"picked":"alterego_mod:Undulate","floor":11},{"not_picked":["alterego_mod:DiscoLights","alterego_mod:GoddessCore","alterego_mod:Support"],"picked":"SKIP","floor":12},{"not_picked":["alterego_mod:Maid","alterego_mod:BustOut"],"picked":"alterego_mod:MaintainEyeContact","floor":13},{"not_picked":["alterego_mod:HighServant","alterego_mod:TrashNCrash"],"picked":"alterego_mod:Skirt","floor":14},{"not_picked":["alterego_mod:TrashNCrash","alterego_mod:Skirt+1","alterego_mod:HighServant"],"picked":"SKIP","floor":18},{"not_picked":["alterego_mod:MagicResistance","alterego_mod:HighServant+1"],"picked":"alterego_mod:BiFurious","floor":19},{"not_picked":["alterego_mod:Cycle","alterego_mod:HighServant","alterego_mod:Bounce"],"picked":"SKIP","floor":20},{"not_picked":["alterego_mod:Undulate","alterego_mod:BoobPocket","alterego_mod:Antipathy"],"picked":"SKIP","floor":22},{"not_picked":["alterego_mod:Lingerie+1","alterego_mod:Jiggle","alterego_mod:Complex"],"picked":"SKIP","floor":23},{"not_picked":["alterego_mod:TrashNCrash","alterego_mod:Birthday"],"picked":"alterego_mod:BusterCard+1","floor":24},{"not_picked":["alterego_mod:PerceptionDisorder","alterego_mod:1TonWallop+1","alterego_mod:Table"],"picked":"SKIP","floor":27},{"not_picked":["alterego_mod:Valentines","alterego_mod:Rip"],"picked":"alterego_mod:Venus","floor":30},{"not_picked":["alterego_mod:Valkyrie","alterego_mod:PainIsPleasure"],"picked":"alterego_mod:SideboobHour","floor":33},{"not_picked":["alterego_mod:PresenceConcealment+1"],"picked":"SKIP","floor":35},{"not_picked":["alterego_mod:DestructionOfProperty"],"picked":"SKIP","floor":38},{"not_picked":["alterego_mod:Skirt"],"picked":"SKIP","floor":45}],"player_experience":173147,"relics_obtained":[{"floor":7,"key":"Kunai"},{"floor":9,"key":"MawBank"},{"floor":11,"key":"Anchor"},{"floor":24,"key":"Juzu Bracelet"},{"floor":26,"key":"Ornamental Fan"}],"event_choices":[{"damage_healed":0,"gold_gain":0,"player_choice":"Donate","damage_taken":0,"relics_obtained":["PaintedHorse:ReiMu"],"max_hp_gain":0,"max_hp_loss":0,"event_name":"yidonshenshe","floor":5,"gold_loss":40},{"damage_healed":0,"gold_gain":0,"player_choice":"Ignored","damage_taken":0,"max_hp_gain":0,"max_hp_loss":0,"event_name":"NoteForYourself","floor":29,"gold_loss":0},{"damage_healed":0,"gold_gain":0,"player_choice":"Shed Blood","damage_taken":21,"max_hp_gain":5,"max_hp_loss":0,"event_name":"Forgotten Altar","floor":31,"gold_loss":0},{"damage_healed":0,"gold_gain":0,"player_choice":"Ignored","damage_taken":0,"max_hp_gain":0,"max_hp_loss":0,"event_name":"Mysterious Sphere","floor":39,"gold_loss":0},{"cards_removed":["alterego_mod:Strike"],"damage_healed":0,"gold_gain":0,"player_choice":"Card Removal","damage_taken":0,"max_hp_gain":0,"max_hp_loss":0,"event_name":"Wheel of Change","floor":41,"gold_loss":0},{"damage_healed":0,"gold_gain":0,"player_choice":"Bought 0 Potions","damage_taken":0,"max_hp_gain":0,"max_hp_loss":0,"event_name":"The Woman in Blue","floor":44,"gold_loss":0},{"damage_healed":0,"gold_gain":0,"player_choice":"Fight","damage_taken":0,"max_hp_gain":0,"max_hp_loss":0,"event_name":"OrinTheCat","floor":46,"gold_loss":0}],"is_beta":false,"boss_relics":[{"not_picked":["Empty Cage","SacredBark"],"picked":"Cursed Key"},{"not_picked":["Velvet Choker","RedLine:ReiMu"],"picked":"Busted Crown"}],"items_purged_floors":[36],"is_endless":false,"potions_floor_spawned":[1,4,8,10,13,20,24,27,38],"killed_by":"Orin","ascension_level":0}}