{"host":"mijx6czmnk03eucy","time":1614081227,"event":{"mods":["A Penny For Your Troubles","Act Like it!","Aspiration","BaseMod","Better Altar","Better Debug","Better Skull","Better Third Choice","Better-Laid Plans","BetterRewards","Bossed Relics","Colored Map","Colored Powertips","Conspire","Curses Come First","Disable Question Mark Monsters","Displayed Cursed Tome","Dota2Spire","Energized Spire","Evolution","Extra Virgin Snecko Oil","Force Act Four","Fox Events","GifTheSpireLib","Googly Eyes","Hubris","Infinite Spire","Jedi Mod","Mimic Mod","Minty Spire (QoL Compilation)","Quick Restart","Rare Cards Sparkle","Relic Filter","Relic Stats","Reliquary","Replay The Spire","Ruina","SacredBarkPlus","Smile Girya","Spicy Shops","Spire Arcade","StS++","StSLib","Stuff the Spire","The Blue Laboratory","Uncapped","Wandering Minibosses","Wide Potions","??????REMEMod"],"gold_per_floor":[364,67,67,94,110,138,138,166,220,220,255,255,255,255,255,480,480,501,501,501,515,478,478,478],"floor_reached":23,"language":"ENG","playtime":1514,"items_purged":["jedi:BattleThirst","Strike_R"],"score":277,"play_id":"ce3d74d5-bbf0-4cb5-9e9f-c0e4b0374453","local_time":"20210223115347","is_ascension_mode":true,"campfire_choices":[{"floor":7.0,"key":"REST"},{"floor":12.0,"key":"REST"},{"data":"Strike_R","floor":15.0,"key":"PURGE"}],"circlet_count":0,"master_deck":["Strike_R","Strike_R","Strike_R","Defend_R","Defend_R","Defend_R","Defend_R","Bash+1","Anger+1","Cleave","StSpp:MuscleMemory+1","hubris:ReadiedAction","jedi:harder+1","Metallicize+1","Replay:Many Hands","True Grit+1","Metallicize+1","StuffTheSpire:Slingshot"],"relics":["Burning Blood","EVO:Axolotl","REME_ComplimentaryCards","StuffTheSpire:OldFever","HandDrill","reliquary:TatteredRug","Frozen Egg 2","infinitespire:WardingShard","ReplayTheSpireMod:Spearhead","Golden Idol","reliquary:Buckler","hubris:Icosahedron","conspire:RunicOctahedron","PreservedInsect"],"acts_visited":["Exordium","TheCity"],"potions_floor_usage":[21],"damage_taken":[{"damage":10.0,"enemies":"Jaw Worm","floor":1.0,"turns":5.0},{"damage":29.0,"enemies":"conspire:RoseBush","floor":5.0,"turns":6.0},{"damage":30.0,"enemies":"Lagavulin","floor":6.0,"turns":6.0},{"damage":5.0,"enemies":"3 Sentries","floor":8.0,"turns":3.0},{"damage":40.0,"enemies":"Lagavulin","floor":11.0,"turns":5.0},{"damage":28.0,"enemies":"Fading Forest","floor":16.0,"turns":11.0},{"damage":21.0,"enemies":"Shell Parasite","floor":18.0,"turns":4.0},{"damage":26,"enemies":"2 Thieves","floor":21,"turns":4},{"damage":19,"enemies":"Centurion and Healer","floor":22,"turns":6},{"damage":24,"enemies":"Slavers","floor":23,"turns":2}],"seed_played":"-7909929010198728994","potions_obtained":[{"floor":6.0,"key":"Explosive Potion"},{"floor":11.0,"key":"StSpp:SecondWindPotion"},{"floor":18.0,"key":"Adrenaline Potion"}],"is_trial":false,"path_per_floor":["M","$","?","T","M","E","R","E","T","?","E","R","?","?","R_BF","B",null,"M","?","AVR","M","M","E"],"character_chosen":"IRONCLAD","items_purchased":["StuffTheSpire:OldFever","HandDrill"],"campfire_rested":2,"item_purchase_floors":[2,2],"current_hp_per_floor":[68,68,68,68,45,21,45,46,46,46,12,36,36,36,36,14,64,49,49,49,29,16,0,0],"gold":478,"neow_bonus":"TWO_FIFTY_GOLD","is_daily":false,"chose_seed":false,"campfire_upgraded":0,"win_rate":0.0,"timestamp":1614081227,"path_taken":["M","$","?","?","M","E","R","E","T","?","E","R","?","?","R_BF","BOSS","M","?","AVR","M","M","E"],"items_purchased_type":["Relic","Relic"],"build_version":"2020-12-22","purchased_purges":2,"victory":false,"max_hp_per_floor":[80,80,80,80,80,80,80,80,80,80,80,80,80,80,80,80,80,80,80,80,80,80,80,80],"relic_stats":{"counters":[10,52],"Golden Idol":42,"PreservedInsect":41,"HandDrill":[18],"obtain_stats":[{"Golden Idol":10,"conspire:RunicOctahedron":17,"reliquary:TatteredRug":4,"PreservedInsect":20,"EVO:Axolotl":0,"Frozen Egg 2":6,"Burning Blood":0,"ReplayTheSpireMod:Spearhead":9,"hubris:Icosahedron":14,"infinitespire:WardingShard":8,"reliquary:Buckler":11,"HandDrill":2,"StuffTheSpire:OldFever":2,"REME_ComplimentaryCards":0},{"Golden Idol":4,"conspire:RunicOctahedron":6,"reliquary:TatteredRug":1,"PreservedInsect":7,"EVO:Axolotl":0,"Frozen Egg 2":3,"Burning Blood":0,"ReplayTheSpireMod:Spearhead":4,"hubris:Icosahedron":5,"infinitespire:WardingShard":4,"reliquary:Buckler":5,"HandDrill":1,"StuffTheSpire:OldFever":1,"REME_ComplimentaryCards":0},{"Golden Idol":20,"conspire:RunicOctahedron":36,"reliquary:TatteredRug":5,"PreservedInsect":40,"EVO:Axolotl":0,"Frozen Egg 2":17,"Burning Blood":0,"ReplayTheSpireMod:Spearhead":20,"hubris:Icosahedron":25,"infinitespire:WardingShard":20,"reliquary:Buckler":25,"HandDrill":5,"StuffTheSpire:OldFever":5,"REME_ComplimentaryCards":0}],"Burning Blood":54},"card_choices":[{"not_picked":["hubris:SharpeningStone","StuffTheSpire:RockThrow"],"picked":"Anger","floor":1.0},{"not_picked":["StSpp:TheBiggerTheyAre","jedi:suffering"],"picked":"Cleave","floor":5.0},{"not_picked":["hubris:CleavingFinish","StuffTheSpire:TitanForm+1"],"picked":"StSpp:MuscleMemory+1","floor":6.0},{"not_picked":["StuffTheSpire:Incineration","StSpp:TheBiggerTheyAre"],"picked":"hubris:ReadiedAction","floor":8.0},{"not_picked":["Heavy Blade","Sword Boomerang"],"picked":"jedi:harder","floor":11.0},{"not_picked":["Brutality+1","StSpp:BladeOfBlood"],"picked":"Replay:Many Hands","floor":16.0},{"not_picked":["Replay:Undeath\u0027s Touch","ReplayTheSpireMod:Muscle Training"],"picked":"True Grit+1","floor":18.0},{"not_picked":["Blood for Blood","Iron Wave"],"picked":"Metallicize+1","floor":21},{"not_picked":["Iron Wave","Twin Strike"],"picked":"StuffTheSpire:Slingshot","floor":22}],"player_experience":782445,"relics_obtained":[{"floor":4.0,"key":"reliquary:TatteredRug"},{"floor":6.0,"key":"Frozen Egg 2"},{"floor":8.0,"key":"infinitespire:WardingShard"},{"floor":9.0,"key":"ReplayTheSpireMod:Spearhead"},{"floor":11.0,"key":"reliquary:Buckler"}],"event_choices":[{"damage_healed":0.0,"max_hp_gain":0.0,"max_hp_loss":0.0,"gold_gain":0.0,"event_name":"Golden Idol","player_choice":"Take Wound","floor":10.0,"gold_loss":0.0,"damage_taken":0.0,"relics_obtained":["Golden Idol"],"cards_obtained":["Injury"]},{"cards_removed":["Injury"],"damage_healed":0.0,"max_hp_gain":0.0,"max_hp_loss":0.0,"gold_gain":0.0,"event_name":"Living Wall","player_choice":"Forget","floor":13.0,"gold_loss":0.0,"damage_taken":0.0}],"is_beta":false,"boss_relics":[{"not_picked":["Replay:Drink Me","Pandora\u0027s Box"],"picked":"conspire:RunicOctahedron"}],"items_purged_floors":[2,20],"is_endless":false,"potions_floor_spawned":[6,11,18],"killed_by":"Slavers","ascension_level":7}}