{"host":"kiehjq3lc4w5t4uc","time":1614098802,"event":{"mods":["AchievementEnabler","BaseMod","BetterRewards","Colored Map","Colored Powertips","DeckTracker","Good Game Mod","Keyboard Shortcuts","Minty Spire (QoL Compilation)","Permanent Neow","Quick Restart","Rare Cards Sparkle","Relic Stats","StSLib","SuperFastMode"],"gold_per_floor":[116,126,126,36,49,49,199,219,219,254,254,285,305,349,349,440,440,460,483,483,60,60,99,167,231,231,406,429,345,416,437,437,530,530,545,560,169,187,202,243,293,308,308,326,376,394,512,16,16,16],"floor_reached":51,"language":"KOR","playtime":2874,"items_purged":["Strike_R","Defend_R","Strike_R","Strike_R"],"score":1567,"play_id":"3f63f1ec-d2e0-4f18-83a7-e8e1f4dd641b","local_time":"20210224014642","is_ascension_mode":true,"campfire_choices":[{"data":"Apotheosis","floor":6.0,"key":"SMITH"},{"data":"Master of Strategy","floor":11.0,"key":"SMITH"},{"data":"True Grit","floor":15.0,"key":"SMITH"},{"floor":32.0,"key":"REST"},{"data":"Strike_R","floor":49,"key":"PURGE"}],"circlet_count":0,"master_deck":["AscendersBane","Strike_R","Defend_R","Defend_R","Defend_R","Bash","Bullet Time","Master of Strategy+1","Apotheosis+1","Shrug It Off","Carnage","Sword Boomerang","Doubt","Spot Weakness","Clothesline","True Grit+1","Barricade","Heavy Blade","Feel No Pain+1","Flame Barrier","Impervious","Body Slam","Disarm","Double Tap","Entrench+1","Inflame+1","Secret Weapon","Panacea","Corruption","Master of Strategy+1"],"relics":["Black Blood","REME:ComplimentaryCards","Membership Card","Ice Cream","Pocketwatch","TungstenRod","ClockworkSouvenir","Golden Idol","Ornamental Fan","Odd Mushroom","Bronze Scales","Charon\u0027s Ashes","Sozu","The Courier","Enchiridion","Medical Kit","Sundial","Gremlin Horn","Shuriken","SsserpentHead","Pantograph","Thread and Needle","Calipers","StrikeDummy","OrangePellets","Anchor","InkBottle","Mercury Hourglass","Ginger","Peace Pipe","FossilizedHelix","Pear","Incense Burner","HornCleat","Nunchaku","Akabeko","DollysMirror"],"acts_visited":["Exordium","TheCity","TheBeyond"],"potions_floor_usage":[],"damage_taken":[{"damage":6.0,"enemies":"Jaw Worm","floor":1.0,"turns":2.0},{"damage":0.0,"enemies":"Small Slimes","floor":2.0,"turns":2.0},{"damage":2.0,"enemies":"2 Louse","floor":5.0,"turns":2.0},{"damage":10.0,"enemies":"Looter","floor":8.0,"turns":2.0},{"damage":10.0,"enemies":"The Mushroom Lair","floor":10.0,"turns":3.0},{"damage":9.0,"enemies":"3 Sentries","floor":12.0,"turns":5.0},{"damage":8.0,"enemies":"3 Louse","floor":13.0,"turns":2.0},{"damage":0.0,"enemies":"Gremlin Nob","floor":14.0,"turns":2.0},{"damage":23.0,"enemies":"Hexaghost","floor":16.0,"turns":5.0},{"damage":17.0,"enemies":"2 Thieves","floor":18.0,"turns":3.0},{"damage":0.0,"enemies":"3 Byrds","floor":19.0,"turns":2.0},{"damage":23.0,"enemies":"Book of Stabbing","floor":23.0,"turns":4.0},{"damage":0.0,"enemies":"3 Cultists","floor":24.0,"turns":3.0},{"damage":8.0,"enemies":"Shelled Parasite and Fungi","floor":25.0,"turns":3.0},{"damage":13.0,"enemies":"Colosseum Slavers","floor":27.0,"turns":3.0},{"damage":0.0,"enemies":"Colosseum Nobs","floor":27.0,"turns":3.0},{"damage":1.0,"enemies":"Snecko","floor":28.0,"turns":4.0},{"damage":17.0,"enemies":"Centurion and Healer","floor":30.0,"turns":5.0},{"damage":0.0,"enemies":"Cultist and Chosen","floor":31.0,"turns":4.0},{"damage":0.0,"enemies":"Collector","floor":33.0,"turns":6.0},{"damage":17,"enemies":"3 Darklings","floor":35,"turns":5},{"damage":0,"enemies":"Orb Walker","floor":36,"turns":2},{"damage":0,"enemies":"Transient","floor":38,"turns":5},{"damage":3,"enemies":"Sphere and 2 Shapes","floor":39,"turns":3},{"damage":0,"enemies":"Nemesis","floor":40,"turns":3},{"damage":1,"enemies":"Writhing Mass","floor":42,"turns":3},{"damage":0,"enemies":"Transient","floor":44,"turns":5},{"damage":0,"enemies":"Spire Growth","floor":46,"turns":4},{"damage":24,"enemies":"2 Orb Walkers","floor":47,"turns":4},{"damage":0,"enemies":"Time Eater","floor":50,"turns":7}],"seed_played":"-6464133026035852792","potions_obtained":[{"floor":1.0,"key":"SkillPotion"},{"floor":8.0,"key":"DuplicationPotion"},{"floor":10.0,"key":"EntropicBrew"},{"floor":13.0,"key":"Strength Potion"}],"is_trial":false,"path_per_floor":["M","M","?","$","M","R","?","M","T","?","R","E","M","E","R","B",null,"M","M","?","$","?","E","M","M","T","?","M","$","M","M","R","B",null,"M","M","$","M","M","E","?","M","T","M","?","M","?","$","R","B",null],"character_chosen":"IRONCLAD","items_purchased":["Membership Card","Ice Cream","Master of Strategy","Apotheosis","ClockworkSouvenir","Carnage","Medical Kit","Sundial","Gremlin Horn","Shuriken","Impervious","OrangePellets","Anchor","InkBottle","Mercury Hourglass","Secret Weapon","Pear","Incense Burner","HornCleat","Nunchaku","Akabeko","DollysMirror"],"campfire_rested":1,"item_purchase_floors":[0,0,0,0,0,4,21,21,21,21,29,37,37,37,37,37,48,48,48,48,48,48],"current_hp_per_floor":[68,74,49,49,53,53,53,49,49,45,45,42,55,61,61,44,67,56,62,45,45,45,28,34,32,32,31,36,36,25,31,53,75,75,70,75,75,75,75,75,71,71,71,71,71,71,59,69,69,81],"gold":16,"neow_bonus":"","is_daily":false,"chose_seed":false,"campfire_upgraded":3,"win_rate":0.0,"timestamp":1614098802,"path_taken":["M","M","?","$","M","R","?","M","T","?","R","E","M","E","R","BOSS","M","M","?","$","?","E","?","?","T","?","M","?","?","M","R","BOSS","M","M","$","M","M","E","?","M","T","M","?","M","?","$","R","BOSS"],"items_purchased_type":["Relic","Relic","Card","Card","Relic","Card","Relic","Relic","Relic","Relic","Card","Relic","Relic","Relic","Relic","Card","Relic","Relic","Relic","Relic","Relic","Relic"],"build_version":"2020-12-22","purchased_purges":4,"victory":true,"max_hp_per_floor":[75,75,75,75,75,75,75,75,75,75,75,75,75,75,75,75,75,75,75,75,75,75,75,75,75,75,75,75,75,75,75,75,75,75,75,75,75,75,75,75,71,71,71,71,71,71,71,81,81,81],"relic_stats":{"Gremlin Horn":[10,16],"counters":[30,106],"Golden Idol":197,"Black Blood":147,"Charon\u0027s Ashes":[384],"Ginger":[7],"Medical Kit":[5],"Mercury Hourglass":[100],"Sozu":7,"Peace Pipe":1,"SsserpentHead":400,"OrangePellets":[1],"Nunchaku":[0],"Ornamental Fan":[80],"Sundial":[8],"Shuriken":[15],"Bronze Scales":[274],"Pantograph":34,"obtain_stats":[{"Ice Cream":0,"Calipers":27,"Gremlin Horn":21,"Enchiridion":20,"Black Blood":34,"Incense Burner":48,"Ginger":40,"Burning Blood":0,"ClockworkSouvenir":0,"Sozu":17,"SsserpentHead":22,"Nunchaku":48,"HornCleat":48,"Sundial":21,"DollysMirror":48,"Pantograph":23,"InkBottle":37,"Pear":48,"Golden Idol":3,"Thread and Needle":26,"Charon\u0027s Ashes":14,"The Courier":17,"Odd Mushroom":10,"Medical Kit":21,"Akabeko":48,"Mercury Hourglass":37,"Peace Pipe":43,"OrangePellets":37,"REME:ComplimentaryCards":0,"Anchor":37,"Ornamental Fan":9,"Shuriken":21,"Bronze Scales":12,"Membership Card":0,"StrikeDummy":27,"TungstenRod":0,"FossilizedHelix":47,"Pocketwatch":0},{"Ice Cream":0,"Calipers":16,"Gremlin Horn":11,"Enchiridion":11,"Black Blood":20,"Incense Burner":29,"Ginger":25,"Burning Blood":0,"ClockworkSouvenir":0,"Sozu":9,"SsserpentHead":11,"Nunchaku":29,"HornCleat":29,"Sundial":11,"DollysMirror":29,"Pantograph":12,"InkBottle":22,"Pear":29,"Golden Idol":2,"Thread and Needle":14,"Charon\u0027s Ashes":8,"The Courier":9,"Odd Mushroom":5,"Medical Kit":11,"Akabeko":29,"Mercury Hourglass":22,"Peace Pipe":26,"OrangePellets":22,"REME:ComplimentaryCards":0,"Anchor":22,"Ornamental Fan":4,"Shuriken":11,"Bronze Scales":6,"Membership Card":0,"StrikeDummy":16,"TungstenRod":0,"FossilizedHelix":29,"Pocketwatch":0},{"Ice Cream":0,"Calipers":46,"Gremlin Horn":30,"Enchiridion":30,"Black Blood":65,"Incense Burner":99,"Ginger":83,"Burning Blood":0,"ClockworkSouvenir":0,"Sozu":25,"SsserpentHead":30,"Nunchaku":99,"HornCleat":99,"Sundial":30,"DollysMirror":99,"Pantograph":34,"InkBottle":72,"Pear":99,"Golden Idol":4,"Thread and Needle":40,"Charon\u0027s Ashes":20,"The Courier":25,"Odd Mushroom":11,"Medical Kit":30,"Akabeko":99,"Mercury Hourglass":72,"Peace Pipe":86,"OrangePellets":72,"REME:ComplimentaryCards":0,"Anchor":72,"Ornamental Fan":8,"Shuriken":30,"Bronze Scales":16,"Membership Card":0,"StrikeDummy":46,"TungstenRod":0,"FossilizedHelix":99,"Pocketwatch":0}],"TungstenRod":51,"InkBottle":[15],"Pocketwatch":[60]},"card_choices":[{"not_picked":["Clash","Dark Embrace"],"picked":"Shrug It Off","floor":1.0},{"not_picked":["Havoc","Sword Boomerang","True Grit"],"picked":"SKIP","floor":2.0},{"not_picked":["Whirlwind","Juggernaut"],"picked":"Sword Boomerang","floor":5.0},{"not_picked":["Iron Wave","Armaments","Whirlwind"],"picked":"SKIP","floor":8.0},{"not_picked":["Burning Pact","Bloodletting"],"picked":"Spot Weakness","floor":12.0},{"not_picked":["Battle Trance","Entrench"],"picked":"Clothesline","floor":13.0},{"not_picked":["Iron Wave","Feel No Pain"],"picked":"True Grit","floor":14.0},{"not_picked":["Reaper","Demon Form"],"picked":"Barricade","floor":16.0},{"not_picked":["Perfected Strike+1","Body Slam"],"picked":"Heavy Blade","floor":18.0},{"not_picked":["Infernal Blade","Cleave","Clash"],"picked":"SKIP","floor":19.0},{"not_picked":["Pommel Strike","Headbutt","Second Wind"],"picked":"SKIP","floor":23.0},{"not_picked":["Whirlwind","Rampage"],"picked":"Feel No Pain+1","floor":24.0},{"not_picked":["Iron Wave","Twin Strike","Blood for Blood"],"picked":"SKIP","floor":25.0},{"not_picked":["Feed","Cleave"],"picked":"Flame Barrier","floor":27.0},{"not_picked":["Sword Boomerang","Dark Embrace","Heavy Blade"],"picked":"SKIP","floor":28.0},{"not_picked":["Armaments","Perfected Strike"],"picked":"Body Slam","floor":30.0},{"not_picked":["Pummel+1","Thunderclap"],"picked":"Disarm","floor":31.0},{"not_picked":["Bludgeon","Limit Break"],"picked":"Double Tap","floor":33.0},{"not_picked":["True Grit","Cleave"],"picked":"Entrench+1","floor":35},{"not_picked":["Pommel Strike","Fiend Fire"],"picked":"Inflame+1","floor":36},{"not_picked":["Reckless Charge","Havoc","Armaments"],"picked":"SKIP","floor":38},{"not_picked":["Perfected Strike","Cleave","Inflame"],"picked":"SKIP","floor":39},{"not_picked":["Limit Break","Sever Soul","Flex"],"picked":"SKIP","floor":40},{"not_picked":["Sword Boomerang","Anger","True Grit+1"],"picked":"SKIP","floor":42},{"not_picked":["Sword Boomerang+1","Armaments+1","Body Slam"],"picked":"SKIP","floor":44},{"not_picked":["Good Instincts","Impatience"],"picked":"Panacea","floor":45},{"not_picked":["Flame Barrier","Perfected Strike"],"picked":"Corruption","floor":46}],"player_experience":212034,"relics_obtained":[{"floor":9.0,"key":"Ornamental Fan"},{"floor":10.0,"key":"Odd Mushroom"},{"floor":12.0,"key":"Bronze Scales"},{"floor":14.0,"key":"Charon\u0027s Ashes"},{"floor":20.0,"key":"Enchiridion"},{"floor":23.0,"key":"Pantograph"},{"floor":26.0,"key":"Thread and Needle"},{"floor":27.0,"key":"Calipers"},{"floor":27.0,"key":"StrikeDummy"},{"floor":40,"key":"Ginger"},{"floor":43,"key":"Peace Pipe"},{"floor":47,"key":"FossilizedHelix"}],"event_choices":[{"damage_healed":0.0,"max_hp_gain":0.0,"max_hp_loss":0.0,"gold_gain":0.0,"event_name":"Golden Idol","player_choice":"Take Damage","floor":3.0,"gold_loss":0.0,"damage_taken":26.0,"relics_obtained":["Golden Idol"]},{"damage_healed":0.0,"max_hp_gain":0.0,"max_hp_loss":0.0,"gold_gain":150.0,"event_name":"Liars Game","player_choice":"AGREE","floor":7.0,"gold_loss":0.0,"damage_taken":0.0,"cards_obtained":["Doubt"]},{"damage_healed":0.0,"max_hp_gain":0.0,"max_hp_loss":0.0,"gold_gain":0.0,"event_name":"Mushrooms","player_choice":"Fought Mushrooms","floor":10.0,"gold_loss":0.0,"damage_taken":0.0},{"damage_healed":0.0,"max_hp_gain":0.0,"max_hp_loss":0.0,"gold_gain":0.0,"event_name":"Cursed Tome","player_choice":"Obtained Book","floor":20.0,"gold_loss":0.0,"damage_taken":21.0},{"damage_healed":0.0,"max_hp_gain":0.0,"max_hp_loss":0.0,"gold_gain":0.0,"event_name":"FaceTrader","player_choice":"Trade","floor":22.0,"gold_loss":0.0,"damage_taken":0.0,"relics_obtained":["SsserpentHead"]},{"damage_healed":0.0,"max_hp_gain":0.0,"max_hp_loss":0.0,"gold_gain":0.0,"event_name":"Colosseum","player_choice":"Fight","floor":27.0,"gold_loss":0.0,"damage_taken":0.0},{"damage_healed":0.0,"max_hp_gain":0.0,"max_hp_loss":0.0,"gold_gain":0.0,"event_name":"Colosseum","player_choice":"Fought Nobs","floor":27.0,"gold_loss":0.0,"damage_taken":0.0},{"damage_healed":0,"gold_gain":0,"player_choice":"Max HP","damage_taken":0,"max_hp_gain":0,"max_hp_loss":4,"event_name":"Winding Halls","floor":41,"gold_loss":0},{"damage_healed":0,"gold_gain":0,"player_choice":"Memory 1","damage_taken":0,"max_hp_gain":0,"max_hp_loss":0,"event_name":"SensoryStone","floor":45,"gold_loss":0},{"damage_healed":0,"gold_gain":0,"player_choice":"Fight","damage_taken":0,"max_hp_gain":0,"max_hp_loss":0,"event_name":"Mysterious Sphere","floor":47,"gold_loss":0}],"is_beta":false,"boss_relics":[{"not_picked":["Runic Dome","Calling Bell"],"picked":"Sozu"},{"not_picked":["Runic Cube","Pandora\u0027s Box"],"picked":"Black Blood"}],"items_purged_floors":[0,4,21,29],"is_endless":false,"potions_floor_spawned":[1,8,10,13,18,27,28,30,35,42,44],"ascension_level":15}}