{"host":"dvpvhz1t6etneyb3","time":1614097422,"event":{"mods":["AchievementEnabler","BaseMod","Colored Map","Highlight Path","Minty Spire (QoL Compilation)","Permanent Neow","Quick Restart"],"gold_per_floor":[115,190,209,225,1,32,32,62,62,79,129,149,149,14,14,86,86,105,118,118,118,31,31,65,65,65,105,129,18,28,44,44,127,127,153,167,39,67,81,81,115,140,220,257,257,293,293,309,309,309,309,309,309,27,67,67],"floor_reached":57,"language":"ENG","playtime":4646,"items_purged":["Writhe"],"score":3119,"play_id":"34423626-10a7-47c1-b109-8a42124346ff","local_time":"20210223112342","is_ascension_mode":true,"campfire_choices":[{"floor":7.0,"key":"REST"},{"data":"Disarm","floor":15.0,"key":"SMITH"},{"floor":23.0,"key":"REST"},{"data":"Barricade","floor":32.0,"key":"SMITH"},{"floor":40.0,"key":"RECALL"},{"floor":45.0,"key":"REST"},{"data":"Feel No Pain","floor":49,"key":"SMITH"},{"data":"Impervious","floor":53,"key":"SMITH"}],"circlet_count":0,"master_deck":["AscendersBane","Strike_R+1","Strike_R+1","Strike_R+1","Strike_R+1","Defend_R+1","Defend_R+1","Defend_R+1","Defend_R+1","Bash+1","Twin Strike","Cleave","Anger","Shockwave","Disarm+1","Shrug It Off+1","Inflame","Limit Break","True Grit","Battle Trance+1","Offering","Feel No Pain+1","Barricade+1","Armaments+1","Offering","True Grit","Heavy Blade+1","Inflame","Havoc+1","Exhume","Impervious+1","Burning Pact"],"relics":["Burning Blood","ClockworkSouvenir","Letter Opener","Du-Vu Doll","Dead Branch","Philosopher\u0027s Stone","Mummified Hand","War Paint","Matryoshka","Strawberry","CeramicFish","Potion Belt","Mark of Pain","Torii","Mercury Hourglass","Eternal Feather","TungstenRod","Shuriken","Centennial Puzzle"],"acts_visited":["TheCity","TheBeyond","TheEnding"],"potions_floor_usage":[56],"damage_taken":[{"damage":0.0,"enemies":"Small Slimes","floor":1.0,"turns":4.0},{"damage":9.0,"enemies":"Jaw Worm","floor":3.0,"turns":4.0},{"damage":1.0,"enemies":"Cultist","floor":4.0,"turns":3.0},{"damage":55.0,"enemies":"3 Sentries","floor":6.0,"turns":10.0},{"damage":24.0,"enemies":"Gremlin Nob","floor":8.0,"turns":4.0},{"damage":6.0,"enemies":"Lots of Slimes","floor":10.0,"turns":2.0},{"damage":8.0,"enemies":"Exordium Thugs","floor":12.0,"turns":5.0},{"damage":0.0,"enemies":"3 Sentries","floor":13.0,"turns":1.0},{"damage":8.0,"enemies":"The Guardian","floor":16.0,"turns":8.0},{"damage":18.0,"enemies":"2 Thieves","floor":18.0,"turns":4.0},{"damage":17.0,"enemies":"Shell Parasite","floor":19.0,"turns":4.0},{"damage":10.0,"enemies":"Gremlin Leader","floor":24.0,"turns":6.0},{"damage":6.0,"enemies":"Book of Stabbing","floor":27.0,"turns":2.0},{"damage":11.0,"enemies":"Snecko","floor":28.0,"turns":3.0},{"damage":6.0,"enemies":"Sentry and Sphere","floor":30.0,"turns":3.0},{"damage":6.0,"enemies":"3 Cultists","floor":31.0,"turns":2.0},{"damage":70.0,"enemies":"Automaton","floor":33.0,"turns":10.0},{"damage":19.0,"enemies":"3 Darklings","floor":35.0,"turns":5.0},{"damage":6.0,"enemies":"3 Shapes","floor":36.0,"turns":5.0},{"damage":6.0,"enemies":"Jaw Worm Horde","floor":38.0,"turns":4.0},{"damage":12.0,"enemies":"4 Shapes","floor":39.0,"turns":1.0},{"damage":6.0,"enemies":"Mind Bloom Boss Battle","floor":41.0,"turns":5.0},{"damage":6.0,"enemies":"Writhing Mass","floor":42.0,"turns":2.0},{"damage":30.0,"enemies":"Reptomancer","floor":44.0,"turns":4.0},{"damage":12,"enemies":"Nemesis","floor":46,"turns":5},{"damage":5,"enemies":"Sphere and 2 Shapes","floor":48,"turns":1},{"damage":10,"enemies":"Time Eater","floor":50,"turns":11},{"damage":15,"enemies":"Donu and Deca","floor":51,"turns":9},{"damage":15,"enemies":"Shield and Spear","floor":55,"turns":6},{"damage":11,"enemies":"The Heart","floor":56,"turns":5}],"seed_played":"6724770392811331724","potions_obtained":[{"floor":6.0,"key":"SmokeBomb"},{"floor":8.0,"key":"Explosive Potion"},{"floor":10.0,"key":"PowerPotion"},{"floor":12.0,"key":"SmokeBomb"},{"floor":16.0,"key":"Fruit Juice"},{"floor":18.0,"key":"BlessingOfTheForge"},{"floor":24.0,"key":"DistilledChaos"},{"floor":33.0,"key":"ColorlessPotion"},{"floor":41.0,"key":"SteroidPotion"},{"floor":42.0,"key":"Weak Potion"},{"floor":46,"key":"PowerPotion"}],"is_trial":false,"path_per_floor":["M","?","M","M","$","E","R","E","T","M","?","M","E","$","R","B",null,"M","M","?","T","$","R","E","?","T","E","M","$","M","M","R","B",null,"M","M","$","M","M","R","?","M","T","E","R","E","?","M","R","B","B",null,"R","$","E","B",null],"character_chosen":"IRONCLAD","items_purchased":["ClockworkSouvenir","Energy Potion","Shrug It Off","Inflame","Offering","BloodPotion","Fire Potion","BloodPotion","Shuriken"],"campfire_rested":3,"item_purchase_floors":[5,5,14,14,22,29,29,37,54],"current_hp_per_floor":[74,63,60,65,65,16,38,20,20,20,20,18,24,24,24,22,62,50,39,39,39,39,61,62,62,69,69,64,64,64,64,64,17,70,57,57,57,57,51,51,51,51,51,27,71,65,65,66,84,80,71,83,87,87,78,73],"gold":67,"neow_bonus":"UPGRADE_CARD","is_daily":false,"chose_seed":false,"campfire_upgraded":4,"win_rate":0.0,"timestamp":1614097422,"path_taken":["M","?","M","M","$","E","R","E","T","M","?","?","E","?","R","BOSS","M","M","?","?","$","R","E","?","T","E","M","$","M","M","R","BOSS","M","M","$","M","M","R","?","M","T","E","R","E","?","?","R","BOSS","BOSS","R","$","E","BOSS"],"items_purchased_type":["Relic","Potion","Card","Card","Card","Potion","Potion","Potion","Relic"],"build_version":"2020-12-22","purchased_purges":1,"victory":true,"max_hp_per_floor":[75,75,75,75,75,75,75,75,75,75,75,75,75,75,75,75,75,75,75,75,75,75,75,80,80,87,87,87,87,87,87,87,87,87,87,87,87,87,87,87,87,87,87,87,87,87,87,87,87,87,87,87,87,87,87,87],"card_choices":[{"not_picked":["Body Slam","Warcry"],"picked":"Twin Strike","floor":1.0},{"not_picked":["Twin Strike","Entrench","Armaments"],"picked":"SKIP","floor":3.0},{"not_picked":["Body Slam","Headbutt"],"picked":"Cleave","floor":4.0},{"not_picked":["Entrench","Intimidate","Headbutt"],"picked":"SKIP","floor":6.0},{"not_picked":["Bloodletting","Burning Pact"],"picked":"Anger","floor":8.0},{"not_picked":["Wild Strike","Body Slam"],"picked":"Shockwave","floor":10.0},{"not_picked":["Sentinel","Burning Pact"],"picked":"Disarm","floor":12.0},{"not_picked":["Impervious","Barricade"],"picked":"Limit Break","floor":16.0},{"not_picked":["Blood for Blood","Flex"],"picked":"True Grit","floor":18.0},{"not_picked":["Heavy Blade","Flame Barrier"],"picked":"Battle Trance","floor":19.0},{"not_picked":["Uppercut","Thunderclap"],"picked":"Feel No Pain","floor":24.0},{"not_picked":["Entrench","Bloodletting","Barricade"],"picked":"SKIP","floor":27.0},{"not_picked":["Entrench","Bloodletting"],"picked":"Barricade","floor":27.0},{"not_picked":["Dropkick","Flex"],"picked":"Armaments+1","floor":28.0},{"not_picked":["Wild Strike","Pommel Strike","Clash"],"picked":"SKIP","floor":30.0},{"not_picked":["Anger","Power Through","Armaments"],"picked":"SKIP","floor":31.0},{"not_picked":["Double Tap","Berserk"],"picked":"Offering","floor":33.0},{"not_picked":["Thunderclap","Headbutt"],"picked":"True Grit","floor":35.0},{"not_picked":["Anger","Warcry","Body Slam"],"picked":"SKIP","floor":36.0},{"not_picked":["Rampage+1","Wild Strike"],"picked":"Heavy Blade+1","floor":38.0},{"not_picked":["Thunderclap","Havoc","Sword Boomerang"],"picked":"SKIP","floor":39.0},{"not_picked":["Body Slam","Havoc"],"picked":"Inflame","floor":41.0},{"not_picked":["Sever Soul","Flex"],"picked":"Havoc+1","floor":42.0},{"not_picked":["Rupture","Twin Strike"],"picked":"Exhume","floor":44.0},{"not_picked":["Shrug It Off+1","Heavy Blade+1"],"picked":"Impervious","floor":46},{"not_picked":["Thunderclap","Flex","Clash"],"picked":"SKIP","floor":48},{"not_picked":["Burning Pact","Iron Wave","Havoc"],"picked":"SKIP","floor":55},{"not_picked":["Iron Wave","Havoc"],"picked":"Burning Pact","floor":55}],"player_experience":2216415,"relics_obtained":[{"floor":6.0,"key":"Letter Opener"},{"floor":8.0,"key":"Du-Vu Doll"},{"floor":9.0,"key":"Dead Branch"},{"floor":21.0,"key":"Mummified Hand"},{"floor":24.0,"key":"War Paint"},{"floor":26.0,"key":"Strawberry"},{"floor":26.0,"key":"CeramicFish"},{"floor":27.0,"key":"Potion Belt"},{"floor":41.0,"key":"Torii"},{"floor":43.0,"key":"Mercury Hourglass"},{"floor":44.0,"key":"Eternal Feather"},{"floor":46,"key":"TungstenRod"},{"floor":55,"key":"Centennial Puzzle"}],"event_choices":[{"damage_healed":0.0,"max_hp_gain":0.0,"max_hp_loss":0.0,"gold_gain":75.0,"event_name":"World of Goop","player_choice":"Gather Gold","floor":2.0,"gold_loss":0.0,"damage_taken":11.0},{"damage_healed":0.0,"max_hp_gain":0.0,"max_hp_loss":0.0,"gold_gain":50.0,"event_name":"Golden Shrine","player_choice":"Pray","floor":11.0,"gold_loss":0.0,"damage_taken":0.0},{"damage_healed":0.0,"max_hp_gain":0.0,"max_hp_loss":0.0,"gold_gain":0.0,"event_name":"Back to Basics","player_choice":"Simplicity","floor":20.0,"gold_loss":0.0,"damage_taken":0.0,"cards_upgraded":["Strike_R","Strike_R","Strike_R","Strike_R","Strike_R","Defend_R","Defend_R","Defend_R","Defend_R"]},{"damage_healed":0.0,"max_hp_gain":0.0,"max_hp_loss":0.0,"gold_gain":0.0,"event_name":"The Mausoleum","player_choice":"Opened","floor":25.0,"gold_loss":0.0,"damage_taken":0.0,"relics_obtained":["Matryoshka"],"cards_obtained":["Writhe"]},{"damage_healed":0.0,"max_hp_gain":0.0,"max_hp_loss":0.0,"gold_gain":0.0,"event_name":"MindBloom","player_choice":"Fight","floor":41.0,"gold_loss":0.0,"damage_taken":0.0},{"cards_removed":["Strike_R"],"damage_healed":0,"gold_gain":0,"player_choice":"Offered Basic","damage_taken":0,"max_hp_gain":0,"max_hp_loss":0,"event_name":"Bonfire Elementals","floor":47,"gold_loss":0}],"is_beta":false,"boss_relics":[{"not_picked":["Velvet Choker","Tiny House"],"picked":"Philosopher\u0027s Stone"},{"not_picked":["Busted Crown","SlaversCollar"],"picked":"Mark of Pain"}],"items_purged_floors":[37],"is_endless":false,"potions_floor_spawned":[6,8,10,12,16,18,24,33,41,42,46],"ascension_level":20}}