{"host":"3twtdwjpiqhvvn5s","time":1614119462,"event":{"mods":["AchievementEnabler","Act Like it!","Aspiration","BaseMod","BetterRewards","Colored Map","Colored Powertips","Downfall","Duelist Mod","Friendly Minions","GifTheSpireLib","Hermit","Hubris","Infinite Spire","Jorbs\u0027s Wanderer Trilogy","Koishi","KomeijiMod","Marisa????????","Minty Spire (QoL Compilation)","Quick Restart","Rare Cards Sparkle","Replay The Spire","Shop Mod","StSLib","Td1madao Mod","The Administrix","The Animator","The Bug Knight","The Caster","The Cursed","The Disciple","The Hierophant","The Necromancer","The Poker Player","The Runesmith","The Servant 0.9.4"],"gold_per_floor":[116,132,151,161,171,211,221,236,236,251,251,270,270,280,280,376,376,388,399,422,435,435,435],"floor_reached":22,"language":"ENG","playtime":3937,"items_purged":[],"score":198,"play_id":"acb7b6f8-fe87-4d10-8dd2-f5143845b7bb","local_time":"20210223163102","daily_mods":["Blue Cards","Terminal"],"is_ascension_mode":false,"campfire_choices":[{"floor":11,"key":"REST"},{"data":"stsjorbsmod:Defend_Wanderer","floor":15,"key":"PURGE"}],"circlet_count":0,"master_deck":["stsjorbsmod:ForbiddenGrimoire+1","stsjorbsmod:Strike_Wanderer","stsjorbsmod:Strike_Wanderer","stsjorbsmod:Strike_Wanderer","stsjorbsmod:Strike_Wanderer","stsjorbsmod:Defend_Wanderer","stsjorbsmod:Defend_Wanderer","stsjorbsmod:FreshAdventure","stsjorbsmod:EyeOfTheStorm","stsjorbsmod:ArcaneWeapon","Rip and Tear","Rebound","stsjorbsmod:ColorSpray","Gash","Storm","Rebound","stsjorbsmod:SmithingStrike","Time Bomb","Rebound","Capacitor","Creative AI","PowerUp+1","stsjorbsmod:FracturedMind","OortCloud","ShootTheMoon+1"],"relics":["stsjorbsmod:GrimoireRelic","Ring of Chaos","infinitespire:Broken Mirror","Quantum Egg","aspiration:MarisaSkillbook"],"acts_visited":["Exordium","TheCity"],"potions_floor_usage":[4,5,7,14,14,18,20,20],"damage_taken":[{"damage":0,"enemies":"2 Louse","floor":1,"turns":2},{"damage":4,"enemies":"Jaw Worm","floor":2,"turns":2},{"damage":0,"enemies":"Cultist","floor":3,"turns":3},{"damage":0,"enemies":"Exordium Thugs","floor":4,"turns":4},{"damage":7,"enemies":"Looter","floor":5,"turns":2},{"damage":8,"enemies":"3 Sentries","floor":6,"turns":4},{"damage":6,"enemies":"Exordium Thugs","floor":7,"turns":3},{"damage":9,"enemies":"Red Slaver","floor":8,"turns":2},{"damage":0,"enemies":"2 Fungi Beasts","floor":10,"turns":2},{"damage":0,"enemies":"Gremlin Gang","floor":12,"turns":1},{"damage":2,"enemies":"Blue Slaver","floor":14,"turns":2},{"damage":13,"enemies":"Slime Boss","floor":16,"turns":8},{"damage":16,"enemies":"Chosen","floor":18,"turns":5},{"damage":0,"enemies":"Spheric Guardian","floor":19,"turns":2},{"damage":35,"enemies":"Snake Plant","floor":20,"turns":4},{"damage":0,"enemies":"Shelled Parasite and Fungi","floor":21,"turns":3},{"damage":11,"enemies":"Centurion and Healer","floor":22,"turns":2}],"seed_played":"-4923196954720362491","potions_obtained":[{"floor":3,"key":"stsjorbsmod:LiquidVirtue"},{"floor":4,"key":"Venom Potion"},{"floor":6,"key":"ExcitationPotion"},{"floor":7,"key":"Strength Potion"},{"floor":8,"key":"stsjorbsmod:LiquidVirtue"},{"floor":16,"key":"Languid Potion"},{"floor":18,"key":"stsjorbsmod:LiquidVirtue"},{"floor":19,"key":"PowerPotion"}],"is_trial":true,"path_per_floor":["M","M","M","M","M","E","M","M","T","M","R","M","?","M","R_BF","B",null,"M","M","M","M","M"],"character_chosen":"WANDERER","items_purchased":[],"campfire_rested":1,"item_purchase_floors":[],"current_hp_per_floor":[68,65,66,65,59,53,47,38,38,38,55,55,48,48,48,35,52,36,36,4,5,0,0],"gold":435,"neow_bonus":"","is_daily":false,"chose_seed":false,"campfire_upgraded":0,"win_rate":0.0,"timestamp":1614119462,"path_taken":["M","M","M","M","M","E","M","M","T","M","R","M","?","M","R_BF","BOSS","M","M","M","M","M"],"items_purchased_type":[],"build_version":"2020-12-22","purchased_purges":0,"victory":false,"max_hp_per_floor":[68,67,66,65,64,63,62,61,60,59,58,57,56,55,54,53,52,51,50,49,48,48,48],"card_choices":[{"not_picked":["stsjorbsmod:Hurt","stsjorbsmod:Message"],"picked":"stsjorbsmod:ArcaneWeapon","floor":1},{"not_picked":["Double Energy","stsjorbsmod:Patron"],"picked":"Rip and Tear","floor":2},{"not_picked":["Crystallizer","stsjorbsmod:IvoryTower"],"picked":"Rebound","floor":3},{"not_picked":["stsjorbsmod:BlackTentacles","Sweeping Beam"],"picked":"stsjorbsmod:ColorSpray","floor":4},{"not_picked":["stsjorbsmod:SchoolsOfMagic","stsjorbsmod:Materialize"],"picked":"Gash","floor":5},{"not_picked":["ReplayGash","Meteor Strike"],"picked":"Storm","floor":6},{"not_picked":["stsjorbsmod:TollTheDead","Cold Snap"],"picked":"Rebound","floor":7},{"not_picked":["Tempest","Skim"],"picked":"stsjorbsmod:SmithingStrike","floor":8},{"not_picked":["Stack","Compile Driver"],"picked":"Time Bomb","floor":10},{"not_picked":["Blizzard","stsjorbsmod:Index"],"picked":"Rebound","floor":12},{"not_picked":["Gash","Chill"],"picked":"Capacitor","floor":14},{"not_picked":["Rainbow","Reboot"],"picked":"Creative AI","floor":16},{"not_picked":["stsjorbsmod:Mending","stsjorbsmod:FindFamiliar","Robbery"],"picked":"PowerUp+1","floor":18},{"not_picked":["LuminesStrike","stsjorbsmod:ParryingBlow","stsjorbsmod:RayOfFrost"],"picked":"stsjorbsmod:FracturedMind","floor":19},{"not_picked":["AsteroidBelt","IllusionStar","RefractionSpark"],"picked":"OortCloud","floor":20},{"not_picked":["stsjorbsmod:WanderingMind","stsjorbsmod:Rediscovery","IllusionStar+1"],"picked":"ShootTheMoon+1","floor":21}],"player_experience":3421379,"relics_obtained":[{"floor":6,"key":"infinitespire:Broken Mirror"},{"floor":9,"key":"Quantum Egg"}],"event_choices":[{"cards_removed":["stsjorbsmod:Defend_Wanderer"],"damage_healed":0,"gold_gain":0,"player_choice":"Card Removal","damage_taken":7,"max_hp_gain":0,"max_hp_loss":0,"event_name":"Golden Wing","floor":13,"gold_loss":0}],"is_beta":false,"boss_relics":[{"not_picked":["Coffee Dripper","Astrolabe"],"picked":"aspiration:MarisaSkillbook"}],"items_purged_floors":[],"is_endless":false,"potions_floor_spawned":[3,4,6,7,8,16,18,19],"killed_by":"Centurion and Healer","ascension_level":0}}