{"host":"juo1mu1of3wqwv1b","time":1614113324,"event":{"mods":["AchievementEnabler","BaseMod","BetterRewards","Colored Powertips","Custom Start","Downfall","Hermit","Infinite Spire","Koishi","Marisa????????","Minty Spire (QoL Compilation)","Replay The Spire","StSLib","The Administrix","The Construct","The Cursed","The Disciple","The Hierophant","The Servant 0.9.4"],"gold_per_floor":[110,110,110,110,110,179,192,192,217,250,250,279,157,167,167,264,264,281,281,292,292,141,176,199,232,232,251,286,286,303,319,319,431,458,487,552,575,575,575],"floor_reached":38,"language":"ENG","playtime":2034,"items_purged":["hermit:Defend_Hermit","SwitchThreat"],"score":543,"play_id":"fb5a56c5-dc62-40fd-aefd-567f814f47d3","local_time":"20210223234844","is_ascension_mode":true,"campfire_choices":[{"data":"hermit:Combo","floor":8,"key":"SMITH"},{"data":"hermit:Vantage","floor":29,"key":"SMITH"},{"data":"hermit:Dive","floor":32,"key":"SMITH"}],"circlet_count":0,"master_deck":["hermit:Snapshot","hermit:Covet","hermit:Combo+1","infinitespire:Gouge","hermit:Dive+1","hermit:Quickdraw","hermit:FinalCanter","hermit:Determination+1","hermit:Vantage+1","hermit:GhostlyPresence","hermit:EternalForm+1","hermit:Brawl+1","hermit:NoHoldsBarred","hermit:NoHoldsBarred","hermit:Enervate","hermit:Snipe+1","hermit:Roughhouse","hermit:ItchyTrigger","hermit:DeadOrAlive","hermit:SprayPray","hermit:DeadMansHand+1","hermit:Dive+1"],"relics":["hermit:Momento","NeowsBlessing","infinitespire:Joker Card","Frozen Egg 2","ReplayFunnel","Eternal Feather","CaptainsWheel","Snecko Eye","CeramicFish","Ancient Tea Set","Unceasing Top","Pen Nib","Pandora\u0027s Box","Replay:Kaleidoscope"],"acts_visited":["Exordium","TheCity","TheBeyond"],"potions_floor_usage":[16,23,23,23,23,23],"damage_taken":[{"damage":0,"enemies":"Cultist","floor":1,"turns":1},{"damage":0,"enemies":"2 Louse","floor":7,"turns":1},{"damage":0,"enemies":"3 Sentries","floor":10,"turns":1},{"damage":11,"enemies":"Lagavulin","floor":12,"turns":6},{"damage":0,"enemies":"Small Slimes","floor":14,"turns":2},{"damage":5,"enemies":"Hexaghost","floor":16,"turns":5},{"damage":7,"enemies":"Spheric Guardian","floor":18,"turns":3},{"damage":0,"enemies":"3 Byrds","floor":20,"turns":5},{"damage":1,"enemies":"Slavers","floor":23,"turns":4},{"damage":16,"enemies":"Shelled Parasite and Fungi","floor":24,"turns":4},{"damage":11,"enemies":"Book of Stabbing","floor":25,"turns":4},{"damage":0,"enemies":"Snake Plant","floor":27,"turns":2},{"damage":7,"enemies":"Replay:Snechameleon","floor":28,"turns":4},{"damage":0,"enemies":"3 Cultists","floor":30,"turns":2},{"damage":1,"enemies":"Centurion and Healer","floor":31,"turns":3},{"damage":0,"enemies":"Champ","floor":33,"turns":4},{"damage":6,"enemies":"3 Darklings","floor":35,"turns":3},{"damage":0,"enemies":"Mind Bloom Boss Battle","floor":36,"turns":2},{"damage":15,"enemies":"3 Shapes","floor":37,"turns":3},{"damage":4,"enemies":"infinitespire:Three Voidlings","floor":38,"turns":3},{"damage":57,"enemies":"Nightmare_Alpha","floor":38,"turns":8}],"seed_played":"-7557497033820794933","potions_obtained":[{"floor":1,"key":"EntropicBrew"},{"floor":10,"key":"Adrenaline Potion"},{"floor":12,"key":"Adrenaline Potion"},{"floor":18,"key":"Toxic Potion"},{"floor":24,"key":"Toxic Potion"},{"floor":31,"key":"Strength Potion"},{"floor":36,"key":"CultistPotion"},{"floor":37,"key":"CultistPotion"}],"is_trial":false,"path_per_floor":["M","T","?","?","?","T","M","R","T","E","?","E","$","M","R","B",null,"M","?","M","?","$","E","M","E","T","M","E","R","M","M","R","B",null,"M","?","M","?"],"character_chosen":"HERMIT","items_purchased":["hermit:Vantage","hermit:NoHoldsBarred"],"campfire_rested":0,"item_purchase_floors":[13,22],"current_hp_per_floor":[75,75,58,58,51,51,51,51,51,51,51,40,40,40,46,41,75,68,68,68,68,68,67,51,40,40,40,33,42,42,41,50,50,75,69,69,54,0,0],"gold":575,"neow_bonus":"THREE_ENEMY_KILL","is_daily":false,"chose_seed":false,"campfire_upgraded":3,"win_rate":0.0,"timestamp":1614113324,"path_taken":["M","?","?","?","?","?","?","R","T","E","?","E","$","M","R","BOSS","M","?","M","?","$","E","M","E","T","M","E","R","M","M","R","BOSS","M","?","M","?"],"items_purchased_type":["Card","Card"],"build_version":"2020-12-22","purchased_purges":2,"victory":false,"max_hp_per_floor":[75,75,75,75,75,75,75,75,75,75,75,75,75,75,75,75,75,75,75,75,75,75,75,75,75,75,75,75,75,75,75,75,75,75,75,75,75,75,75],"card_choices":[{"not_picked":["hermit:HighCaliber","hermit:HoleUp"],"picked":"hermit:Combo","floor":1},{"not_picked":["infinitespire:FinalStrike","Replay:Fractal Strike"],"picked":"infinitespire:Gouge","floor":3},{"not_picked":["hermit:Brawl+1","hermit:Ricochet"],"picked":"hermit:Dive","floor":7},{"not_picked":["hermit:Purgatory","hermit:WideOpen"],"picked":"hermit:Quickdraw","floor":10},{"not_picked":["hermit:Glare","hermit:FullyLoaded"],"picked":"hermit:Determination+1","floor":12},{"not_picked":["hermit:Brawl+1","hermit:Glare"],"picked":"hermit:GhostlyPresence","floor":14},{"not_picked":["hermit:BlackWind","hermit:Gambit"],"picked":"hermit:EternalForm+1","floor":16},{"not_picked":["hermit:Determination+1","hermit:TrackingShot","hermit:WideOpen"],"picked":"SKIP","floor":18},{"not_picked":["hermit:Shortfuse","hermit:HighCaliber"],"picked":"hermit:Brawl+1","floor":20},{"not_picked":["hermit:Headshot","hermit:Ricochet"],"picked":"hermit:Enervate","floor":23},{"not_picked":["hermit:Roulette","hermit:Quickdraw"],"picked":"hermit:Snipe+1","floor":24},{"not_picked":["hermit:Gambit","hermit:Misfire+1","hermit:WideOpen"],"picked":"SKIP","floor":25},{"not_picked":["hermit:Snipe","hermit:Midnight","hermit:TrackingShot+1"],"picked":"SKIP","floor":27},{"not_picked":["hermit:Maintenance+1","hermit:Ricochet+1","hermit:CalledShot+1"],"picked":"SKIP","floor":28},{"not_picked":["hermit:Headshot","hermit:CursedWeapon","hermit:TrackingShot+1"],"picked":"SKIP","floor":30},{"not_picked":["hermit:BodyArmor","hermit:TakeCover","hermit:Horror"],"picked":"SKIP","floor":31},{"not_picked":["hermit:RoundhouseKick","hermit:HighNoon+1"],"picked":"hermit:Roughhouse","floor":33},{"not_picked":["hermit:Desperado","hermit:Feint+1"],"picked":"hermit:DeadMansHand+1","floor":35},{"not_picked":["hermit:HoleUp","hermit:Midnight+1"],"picked":"hermit:Dive+1","floor":37}],"player_experience":259448,"relics_obtained":[{"floor":2,"key":"infinitespire:Joker Card"},{"floor":6,"key":"Frozen Egg 2"},{"floor":9,"key":"ReplayFunnel"},{"floor":10,"key":"Eternal Feather"},{"floor":12,"key":"CaptainsWheel"},{"floor":23,"key":"CeramicFish"},{"floor":25,"key":"Ancient Tea Set"},{"floor":26,"key":"Unceasing Top"},{"floor":28,"key":"Pen Nib"},{"floor":36,"key":"Replay:Kaleidoscope"}],"event_choices":[{"cards_removed":["hermit:Defend_Hermit"],"damage_healed":0,"gold_gain":0,"player_choice":"Card Removal","damage_taken":7,"max_hp_gain":0,"max_hp_loss":0,"event_name":"Golden Wing","floor":5,"gold_loss":0},{"damage_healed":0,"gold_gain":0,"cards_transformed":["hermit:Strike_Hermit"],"player_choice":"Transformed","damage_taken":0,"max_hp_gain":0,"max_hp_loss":0,"event_name":"Transmorgrifier","floor":11,"gold_loss":0,"cards_obtained":["hermit:FinalCanter"]},{"cards_removed":["hermit:Strike_Hermit"],"damage_healed":0,"gold_gain":0,"player_choice":"Purged","damage_taken":0,"max_hp_gain":0,"max_hp_loss":0,"event_name":"Purifier","floor":15,"gold_loss":0},{"damage_healed":0,"gold_gain":0,"player_choice":"Ignored","damage_taken":0,"max_hp_gain":0,"max_hp_loss":0,"event_name":"Vampires","floor":19,"gold_loss":0},{"damage_healed":0,"gold_gain":0,"player_choice":"Fight","damage_taken":0,"max_hp_gain":0,"max_hp_loss":0,"event_name":"MindBloom","floor":36,"gold_loss":0}],"is_beta":false,"boss_relics":[{"not_picked":["Abe\u0027s Treasure","Replay:Grab Bag"],"picked":"Snecko Eye"},{"not_picked":["Replay:Wanted Poster","Busted Crown"],"picked":"Pandora\u0027s Box"}],"items_purged_floors":[13,22],"is_endless":false,"potions_floor_spawned":[1,10,12,18,24,31,33,36,37],"killed_by":"Nightmare_Alpha","ascension_level":1}}