{"host":"ffir8jynwbh8mkhl","time":1614079302,"event":{"mods":["2.2 Compatiblity","AlwaysNeverKeys","Aspiration","BaseMod","Better Altar","Better Match","Better Note","Better Sensory Stone","Better Skull","Better Third Choice","Better Vampires","BetterRewards","Block Reminder","Colored Powertips","Conspire","Downfall","Halation","Hubris","Infinite Spire","Minty Spire (QoL Compilation)","Permanent Neow","Rare Cards Sparkle","Relic Sorter","Relic Stats","Replay The Spire","Shop Mod","StSLib","SuperFastMode","Transform Curses","UnlockEverythingMod","everything is the same but u backflip on backflip"],"gold_per_floor":[111,111,129,143,143,175,175,207,257,327,327,327,327,337,337,337,337],"floor_reached":16,"language":"ENG","playtime":980,"items_purged":[],"score":135,"play_id":"ba9aa4f9-4852-4586-8f88-7427b9b0c953","local_time":"20210223032142","is_ascension_mode":false,"campfire_choices":[{"data":"Weave","floor":11,"key":"SMITH"},{"data":"Crescendo","floor":15,"key":"SMITH"}],"circlet_count":0,"master_deck":["Strike_P","Strike_P","Strike_P","Strike_P","Defend_P","Defend_P","Defend_P","Defend_P","CutThroughFate","Conclude","infinitespire:Menacing","Replay:ManipulateFuture","Weave+1","Replay:ManipulateFuture","Crescendo+1"],"relics":["PureWater","conspire:InfiniteJournal","halation:OrihimeAndHikoboshiSamaAndTears","hubris:MedicalManual","hubris:Metronome","hubris:MobiusCoin","Replay:Mystery Machine","Akabeko","Blue Candle"],"acts_visited":["Exordium"],"potions_floor_usage":[8,16],"damage_taken":[{"damage":0,"enemies":"2 Louse","floor":1,"turns":2},{"damage":0,"enemies":"Cultist","floor":3,"turns":2},{"damage":7,"enemies":"Jaw Worm","floor":4,"turns":7},{"damage":18,"enemies":"3 Sentries","floor":6,"turns":3},{"damage":0,"enemies":"Lagavulin","floor":8,"turns":3},{"damage":0,"enemies":"Exordium Thugs","floor":10,"turns":3},{"damage":0,"enemies":"Looter","floor":14,"turns":1},{"damage":24,"enemies":"The Guardian","floor":16,"turns":9}],"seed_played":"8982585167920193945","potions_obtained":[{"floor":1,"key":"Toxic Potion"},{"floor":3,"key":"Swift Potion"}],"is_trial":false,"path_per_floor":["M","?","M","M","?","E","T","E","T","M","R","?","?","M","R","B"],"character_chosen":"WATCHER","items_purchased":["CutThroughFate"],"campfire_rested":0,"item_purchase_floors":[0],"current_hp_per_floor":[72,72,72,65,46,28,28,28,28,28,28,23,23,23,23,0,0],"gold":337,"neow_bonus":"","is_daily":false,"chose_seed":false,"campfire_upgraded":2,"win_rate":0.0,"timestamp":1614079302,"path_taken":["M","?","M","?","?","E","?","E","T","?","R","?","?","?","R","BOSS"],"items_purchased_type":["Card"],"build_version":"2020-12-22","purchased_purges":0,"victory":false,"max_hp_per_floor":[72,72,72,72,72,72,72,72,72,72,72,72,72,72,72,72,72],"relic_stats":{"counters":[174,690],"Blue Candle":[0],"obtain_stats":[{"Ice Cream":0,"vexMod:MemoryStick":6,"hubris:Metronome":6,"Replay:Mystery Machine":8,"Ancient Tea Set":9,"PrismaticShard":0,"Burning Blood":0,"conspire:InfiniteJournal":0,"Nunchaku":7,"Chameleon Ring":12,"Ring of Peace":12,"Replay:Bottled Snecko":8,"Ring of Panic":12,"Toxic Egg 2":3,"hubris:MobiusCoin":7,"halation:OrihimeAndHikoboshiSamaAndTears":0,"NeowsBlessing":0,"halation:QuantumPhysicsTextbook":0,"ReplayTheSpireMod:CursedCoin":4,"Blue Candle":12,"PreservedInsect":9,"conspire:SlowCooker":17,"hubris:MedicalManual":2,"Omamori":4,"Akabeko":9,"Onion Ring":8,"conspire:BottledYoYo":5,"Membership Card":0,"conspire:DeflatedDodgeball":10,"Mirror":6,"Toy Ornithopter":9},{"Ice Cream":156,"vexMod:MemoryStick":136,"hubris:Metronome":170,"Replay:Mystery Machine":171,"Ancient Tea Set":151,"PrismaticShard":161,"Burning Blood":0,"conspire:InfiniteJournal":166,"Nunchaku":160,"Chameleon Ring":153,"Ring of Peace":144,"Replay:Bottled Snecko":142,"Ring of Panic":144,"Toxic Egg 2":158,"hubris:MobiusCoin":170,"halation:OrihimeAndHikoboshiSamaAndTears":166,"NeowsBlessing":132,"halation:QuantumPhysicsTextbook":156,"ReplayTheSpireMod:CursedCoin":158,"Blue Candle":172,"PreservedInsect":142,"conspire:SlowCooker":154,"hubris:MedicalManual":167,"Omamori":134,"Akabeko":171,"Onion Ring":151,"conspire:BottledYoYo":148,"Membership Card":161,"conspire:DeflatedDodgeball":143,"Mirror":149,"Toy Ornithopter":161},{"Ice Cream":630,"vexMod:MemoryStick":543,"hubris:Metronome":674,"Replay:Mystery Machine":677,"Ancient Tea Set":605,"PrismaticShard":646,"Burning Blood":0,"conspire:InfiniteJournal":660,"Nunchaku":643,"Chameleon Ring":611,"Ring of Peace":569,"Replay:Bottled Snecko":559,"Ring of Panic":569,"Toxic Egg 2":637,"hubris:MobiusCoin":674,"halation:OrihimeAndHikoboshiSamaAndTears":660,"NeowsBlessing":531,"halation:QuantumPhysicsTextbook":630,"ReplayTheSpireMod:CursedCoin":637,"Blue Candle":680,"PreservedInsect":559,"conspire:SlowCooker":622,"hubris:MedicalManual":662,"Omamori":533,"Akabeko":677,"Onion Ring":605,"conspire:BottledYoYo":594,"Membership Card":646,"conspire:DeflatedDodgeball":563,"Mirror":599,"Toy Ornithopter":646}]},"card_choices":[{"not_picked":["Halt","Evaluate","ClearTheMind"],"picked":"SKIP","floor":1},{"not_picked":["Consecrate","PathToVictory","Replay:AtTheReady"],"picked":"SKIP","floor":3},{"not_picked":["Evaluate","PathToVictory"],"picked":"Conclude","floor":4},{"not_picked":["infinitespire:SevenWalls","hubris:Rewind"],"picked":"infinitespire:Menacing","floor":5},{"not_picked":["Evaluate","CarveReality"],"picked":"Replay:ManipulateFuture","floor":6},{"not_picked":["Fasting2","Tantrum"],"picked":"Weave","floor":8},{"not_picked":["Replay:BluntJabs","ForeignInfluence"],"picked":"Replay:ManipulateFuture","floor":10},{"not_picked":["InnerPeace","Consecrate"],"picked":"Crescendo","floor":14}],"player_experience":138008,"relics_obtained":[{"floor":2,"key":"hubris:MedicalManual"},{"floor":6,"key":"hubris:Metronome"},{"floor":7,"key":"hubris:MobiusCoin"},{"floor":8,"key":"Replay:Mystery Machine"},{"floor":9,"key":"Akabeko"}],"event_choices":[{"damage_healed":0,"gold_gain":0,"player_choice":"Relic","damage_taken":0,"max_hp_gain":0,"max_hp_loss":0,"event_name":"Wheel of Change","floor":2,"gold_loss":0},{"cards_removed":["Vigilance"],"damage_healed":0,"gold_gain":0,"player_choice":"Offered Basic","damage_taken":0,"max_hp_gain":0,"max_hp_loss":0,"event_name":"Bonfire Elementals","floor":13,"gold_loss":0}],"is_beta":false,"boss_relics":[],"items_purged_floors":[],"is_endless":false,"potions_floor_spawned":[1,3],"killed_by":"The Guardian","ascension_level":0}}