{"host":"fauqrvll5t0ss0vm","time":1614111095,"event":{"mods":["2.2 Compatiblity","Act Like it!","Aspiration","Bard","BaseMod","Beaked The Cultist","Better Altar","Better Match","Better Note","Better Sensory Stone","Better Skull","Better Third Choice","Better Vampires","Card Filter","Clockwork Mod","Colored Map","Conspire","Displayed Cursed Tome","Downfall","Emptier Cage","Energized Spire","Friendly Minions","GifTheSpireLib","Glutton Mod","Gremlin Mod","Gremlin Skip","Halation","Hermit","Highlight Path","Hubris","Jorbs\u0027s Wanderer Trilogy","Mad Scientist","Marked Mod","Minty Spire (QoL Compilation)","Permanent Neow","Random Character Button","Relic Filter","Reorder Act Four","Replay The Spire","Shop Mod","Somnambulant","Spikes Relics","StSLib","Stuff the Spire","SuperFastMode","The Construct","The Cursed","The Disciple","The Elementalist","The Judge","The Juggle","The Mystic","The Runesmith","The Sage","The Servant 0.9.4","The Valiant","Trackpad","Uncapped"],"gold_per_floor":[117,128,128,128,138,138,175,199,225,225,262,288,288,313,313,417,417,444,519,542,542,571,571,615,636,691,691,20,20,20,42,42,153,153,181,206,206,206],"floor_reached":39,"language":"ENG","playtime":6972,"items_purged":["champ:Strike"],"score":611,"play_id":"47b9dd8b-349f-4e39-aaf6-4b4a700808a7","local_time":"20210223211135","is_ascension_mode":false,"campfire_choices":[{"data":"champ:Taunt","floor":6.0,"key":"SMITH"},{"data":"champ:IronFortress","floor":13.0,"key":"SMITH"},{"data":"champ:IronFortress","floor":15.0,"key":"SMITH"},{"data":"champ:FanOfKnives","floor":23,"key":"SMITH"},{"data":"champ:BerserkersShout","floor":27,"key":"SMITH"},{"data":"champ:StanceDance","floor":29,"key":"SMITH"},{"floor":32,"key":"RECALL"}],"circlet_count":0,"master_deck":["champ:Strike","champ:Strike","champ:Defend","champ:Defend","champ:Execute","champ:Taunt+1","champ:GutPunch","champ:BringItOn","champ:FanOfKnives+1","champ:Endure","champ:AdrenalArmor","champ:TripleStrike","champ:IronFortress+1","champ:IronFortress+1","champ:HoldFirm","champ:BerserkersShout+1","champ:StanceDance+1","champ:StanceDance+1","champ:FanOfKnives","champ:Encircle","champ:HoldFirm","champ:BringItOn","champ:TripleStrike","champ:ShieldSlam+1","champ:Circumvent+1"],"relics":["champ:ChampionCrown","CeramicFish","SnailShell","hubris:Potato","Replay:Bottled Flurry","aspiration:RitualDagger","Regal Pillow","trackpad:WritersBlock","Thread and Needle","HandDrill","conspire:SeveredTorchhead"],"acts_visited":["Exordium","TheCity","TheBeyond"],"potions_floor_usage":[22,22,38,38,38],"damage_taken":[{"damage":17.0,"enemies":"Cultist","floor":1.0,"turns":4.0},{"damage":10.0,"enemies":"2 Louse","floor":2.0,"turns":2.0},{"damage":15.0,"enemies":"Small Slimes","floor":5.0,"turns":3.0},{"damage":24.0,"enemies":"Lagavulin","floor":7.0,"turns":5.0},{"damage":15.0,"enemies":"Gremlin Gang","floor":8.0,"turns":3.0},{"damage":4.0,"enemies":"3 Sentries","floor":11.0,"turns":7.0},{"damage":0.0,"enemies":"conspire:2 RoseBushes","floor":12.0,"turns":3.0},{"damage":0.0,"enemies":"Looter","floor":14.0,"turns":3.0},{"damage":0.0,"enemies":"Fading Forest","floor":16.0,"turns":11.0},{"damage":0,"enemies":"Chosen","floor":18,"turns":5},{"damage":0,"enemies":"3 Byrds","floor":20,"turns":4},{"damage":27,"enemies":"3 Cultists","floor":22,"turns":8},{"damage":5,"enemies":"Replay:Snechameleon","floor":24,"turns":6},{"damage":2,"enemies":"Centurion and Healer","floor":25,"turns":7},{"damage":0,"enemies":"Snake Plant","floor":31,"turns":3},{"damage":30,"enemies":"Automaton","floor":33,"turns":10},{"damage":0,"enemies":"3 Shapes","floor":35,"turns":4},{"damage":0,"enemies":"Orb Walker","floor":36,"turns":3},{"damage":14,"enemies":"Donu and Deca","floor":38,"turns":10}],"seed_played":"8480312889268209898","potions_obtained":[{"floor":5.0,"key":"Block Potion"},{"floor":11.0,"key":"AttackPotion"},{"floor":14.0,"key":"Languid Potion"},{"floor":16.0,"key":"BlessingOfTheForge"},{"floor":20,"key":"Adrenaline Potion"},{"floor":21,"key":"Strength Potion"},{"floor":24,"key":"champ:CounterPotion"},{"floor":25,"key":"FearPotion"}],"is_trial":false,"path_per_floor":["M","M","?","?","M","R","E","M","T","T","E","M","R","M","R","B",null,"M","?","M","?","M","R","E","M","T","R","$","R","?","M","R_BF","B",null,"M","M","?","B",null],"character_chosen":"THE_CHAMP","items_purchased":["Thread and Needle","HandDrill","champ:HoldFirm"],"campfire_rested":0,"item_purchase_floors":[28,28,28],"current_hp_per_floor":[83,83,76,76,71,71,67,62,62,62,90,90,90,90,90,90,90,90,81,90,90,90,90,90,90,90,90,90,90,90,90,90,90,90,90,90,90,90],"gold":206,"neow_bonus":"REMOVE_CARD","is_daily":false,"chose_seed":false,"campfire_upgraded":6,"win_rate":0.0,"timestamp":1614111095,"path_taken":["M","M","?","?","M","R","E","M","T","?","E","M","R","M","R","BOSS","M","?","?","?","M","R","E","M","T","R","$","R","?","M","R_BF","BOSS","M","M","?","BOSS"],"items_purchased_type":["Relic","Relic","Card"],"build_version":"2020-12-22","purchased_purges":1,"victory":true,"max_hp_per_floor":[90,90,90,90,90,90,90,90,90,90,90,90,90,90,90,90,90,90,90,90,90,90,90,90,90,90,90,90,90,90,90,90,90,90,90,90,90,90],"card_choices":[{"not_picked":["champ:SetATrap","champ:DefensiveShout"],"picked":"champ:GutPunch","floor":1.0},{"not_picked":["champ:StanceDance","champ:PerfectedStrike"],"picked":"champ:BringItOn","floor":2.0},{"not_picked":["champ:EndlessRage","champ:PreciseThrust"],"picked":"champ:FanOfKnives","floor":5.0},{"not_picked":["champ:FocusedDefense","champ:TornadoPunch"],"picked":"champ:Endure","floor":7.0},{"not_picked":["champ:FocusedDefense","champ:Circumvent"],"picked":"champ:AdrenalArmor","floor":8.0},{"not_picked":["champ:FanOfKnives","champ:PerfectedStrike"],"picked":"champ:TripleStrike","floor":11.0},{"not_picked":["champ:HeartStrike","champ:Haymaker"],"picked":"champ:IronFortress","floor":12.0},{"not_picked":["champ:SetATrap","champ:Haymaker"],"picked":"champ:IronFortress","floor":14.0},{"not_picked":["champ:ShieldThrow","champ:SwordThrow"],"picked":"champ:HoldFirm","floor":16.0},{"not_picked":["champ:SkillfulDodge+1","champ:RecklessLeap"],"picked":"champ:BerserkersShout","floor":18},{"not_picked":["champ:PreciseThrust+1","champ:FanOfKnives"],"picked":"champ:StanceDance","floor":20},{"not_picked":["champ:CalledShot","champ:BladeFlurry"],"picked":"champ:StanceDance+1","floor":22},{"not_picked":["champ:Shatter","champ:FocusedDefense"],"picked":"champ:FanOfKnives","floor":24},{"not_picked":["champ:CalledShot","champ:StanceDance"],"picked":"champ:Encircle","floor":25},{"not_picked":["champ:BerserkersShout","champ:RisingSlash+1"],"picked":"champ:BringItOn","floor":31},{"not_picked":["champ:DancingMaster","champ:VampiricStrike"],"picked":"champ:TripleStrike","floor":33},{"not_picked":["champ:BerserkersShout","champ:CrownThrow+1"],"picked":"champ:ShieldSlam+1","floor":35},{"not_picked":["champ:HeartStrike","champ:ArenaPreparation"],"picked":"champ:Circumvent+1","floor":36}],"player_experience":7660253,"relics_obtained":[{"floor":7.0,"key":"CeramicFish"},{"floor":9.0,"key":"SnailShell"},{"floor":10.0,"key":"hubris:Potato"},{"floor":11.0,"key":"Replay:Bottled Flurry"},{"floor":24,"key":"Regal Pillow"},{"floor":26,"key":"trackpad:WritersBlock"}],"event_choices":[{"cards_removed":["champ:Strike"],"damage_healed":0.0,"max_hp_gain":0.0,"max_hp_loss":0.0,"gold_gain":0.0,"event_name":"Golden Wing","player_choice":"Card Removal","floor":3.0,"gold_loss":0.0,"damage_taken":7.0},{"damage_healed":0,"gold_gain":75,"player_choice":"Touch","damage_taken":9,"max_hp_gain":0,"max_hp_loss":0,"event_name":"FaceTrader","floor":19,"gold_loss":0},{"damage_healed":0,"gold_gain":0,"player_choice":"Got Potions","damage_taken":0,"max_hp_gain":0,"max_hp_loss":0,"event_name":"Lab","floor":21,"gold_loss":0},{"damage_healed":0,"gold_gain":0,"player_choice":"Ignored","damage_taken":0,"max_hp_gain":0,"max_hp_loss":0,"event_name":"N\u0027loth","floor":30,"gold_loss":0},{"damage_healed":0,"gold_gain":0,"player_choice":"Portal","damage_taken":0,"max_hp_gain":0,"max_hp_loss":0,"event_name":"betterThird:BetterPortal","floor":37,"gold_loss":0}],"is_beta":false,"boss_relics":[{"not_picked":["aspiration:RunesmithSkillbook","energizedSpire:MagnifyingGlass"],"picked":"aspiration:RitualDagger"},{"not_picked":["conspire:RoyalGoblet","halation:HeavySnake"],"picked":"conspire:SeveredTorchhead"}],"items_purged_floors":[28],"is_endless":false,"potions_floor_spawned":[5,11,14,16,20,24,25,31,35],"ascension_level":0}}