{"host":"at5b10nm0iti0w4x","time":1614045810,"event":{"mods":["2.2 Compatiblity","AchievementEnabler","BaseMod","Bestiary","Block Reminder","Colored Map","Colored Powertips","Highlight Path","Keyboard Shortcuts","Minty Spire (QoL Compilation)","Quick Restart","Relic Stats","Slay the Relics Exporter","StSLib","SuperFastMode","Unknown Chances"],"gold_per_floor":[369,369,385,55,69,104,104,128,128,153,171,212,227,84,84,209,209,227,227,227,6,22,53,53,53,102,143,162,162,16,55,55,181,181,181],"floor_reached":34,"language":"ENG","playtime":990,"items_purged":["Writhe"],"score":445,"play_id":"48dcdd5b-4633-4f87-840a-d48f92957983","local_time":"20210222210330","is_ascension_mode":false,"campfire_choices":[{"data":"Thunderclap","floor":7,"key":"SMITH"},{"data":"Spot Weakness","floor":15,"key":"SMITH"},{"data":"Limit Break","floor":25,"key":"SMITH"},{"floor":32,"key":"REST"}],"circlet_count":0,"master_deck":["Strike_R","Strike_R","Strike_R","Strike_R","Strike_R","Defend_R+1","Defend_R","Defend_R+1","Defend_R","Bash","Wild Strike","Flex","Pommel Strike","Thunderclap+1","Metallicize","Anger","Flex","Seeing Red","Spot Weakness+1","Limit Break+1","CurseOfTheBell","Spot Weakness","Armaments","Sword Boomerang+1","Cleave","Berserk"],"relics":["Burning Blood","Golden Idol","War Paint","Bag of Marbles","Blood Vial","Sundial","Torii","Orichalcum","Calling Bell","Strawberry","InkBottle","Mango","WingedGreaves","Regal Pillow","Centennial Puzzle","MutagenicStrength","Bronze Scales","Bag of Preparation","Letter Opener","Juzu Bracelet","Art of War","Cursed Key"],"acts_visited":["Exordium","TheCity","TheBeyond"],"potions_floor_usage":[13,33],"damage_taken":[{"damage":6,"enemies":"2 Louse","floor":1,"turns":2},{"damage":6,"enemies":"Jaw Worm","floor":3,"turns":2},{"damage":0,"enemies":"Small Slimes","floor":5,"turns":2},{"damage":30,"enemies":"Lagavulin","floor":6,"turns":6},{"damage":9,"enemies":"2 Fungi Beasts","floor":8,"turns":2},{"damage":2,"enemies":"Looter","floor":10,"turns":3},{"damage":2,"enemies":"Large Slime","floor":11,"turns":4},{"damage":26,"enemies":"Gremlin Nob","floor":12,"turns":5},{"damage":1,"enemies":"Exordium Wildlife","floor":13,"turns":3},{"damage":6,"enemies":"Hexaghost","floor":16,"turns":6},{"damage":2,"enemies":"Chosen","floor":18,"turns":5},{"damage":10,"enemies":"Shell Parasite","floor":22,"turns":4},{"damage":28,"enemies":"Slavers","floor":23,"turns":4},{"damage":47,"enemies":"Gremlin Leader","floor":27,"turns":6},{"damage":2,"enemies":"Chosen and Byrds","floor":28,"turns":3},{"damage":29,"enemies":"Slavers","floor":31,"turns":4},{"damage":78,"enemies":"Champ","floor":33,"turns":9}],"seed_played":"7798430024076125212","potions_obtained":[{"floor":3,"key":"Swift Potion"},{"floor":6,"key":"Swift Potion"},{"floor":11,"key":"Regen Potion"},{"floor":13,"key":"Fruit Juice"},{"floor":22,"key":"LiquidBronze"}],"is_trial":false,"path_per_floor":["M","?","M","$","M","E","R","M","T","M","M","E","M","$","R","B",null,"M","?","?","$","M","E","?","R","T","E","M","T","$","E","R","B",null],"character_chosen":"IRONCLAD","items_purchased":["Flex","War Paint","Bag of Marbles","Orichalcum","Regal Pillow","Juzu Bracelet"],"campfire_rested":1,"item_purchase_floors":[4,4,4,14,21,30],"current_hp_per_floor":[72,54,54,54,60,36,36,35,35,41,47,29,41,41,41,43,98,98,98,98,98,94,74,74,74,74,35,41,41,41,20,64,8,98,98],"gold":181,"neow_bonus":"TWO_FIFTY_GOLD","is_daily":false,"chose_seed":false,"campfire_upgraded":3,"win_rate":0.0,"timestamp":1614045810,"path_taken":["M","?","M","$","M","E","R","M","T","M","M","E","M","$","R","BOSS","M","?","?","$","M","E","?","R","T","E","M","?","$","E","R","BOSS"],"items_purchased_type":["Card","Relic","Relic","Relic","Relic","Relic"],"build_version":"2020-12-22","purchased_purges":1,"victory":false,"max_hp_per_floor":[72,72,72,72,72,72,72,72,72,72,72,72,77,77,77,77,98,98,98,98,98,98,98,98,98,98,98,98,98,98,98,98,98,98,98],"relic_stats":{"Regal Pillow":15,"Torii":41,"counters":[17,70],"Golden Idol":121,"Bag of Preparation":[6],"Juzu Bracelet":0,"Letter Opener":[10],"War Paint":["Defend_R","Defend_R"],"Orichalcum":[132],"Cursed Key":0,"Burning Blood":98,"Blood Vial":22,"Centennial Puzzle":[12],"Sundial":[4],"Bronze Scales":[81],"Art of War":[0],"obtain_stats":[{"Regal Pillow":21,"Torii":12,"Golden Idol":2,"Mango":17,"Bag of Preparation":27,"Juzu Bracelet":30,"Letter Opener":29,"War Paint":4,"Orichalcum":14,"Cursed Key":34,"Burning Blood":0,"Blood Vial":6,"Calling Bell":17,"Centennial Puzzle":23,"Sundial":9,"Strawberry":17,"MutagenicStrength":24,"Bronze Scales":26,"WingedGreaves":19,"Bag of Marbles":4,"Art of War":31,"InkBottle":17},{"Regal Pillow":11,"Torii":8,"Golden Idol":1,"Mango":10,"Bag of Preparation":14,"Juzu Bracelet":15,"Letter Opener":15,"War Paint":2,"Orichalcum":9,"Cursed Key":17,"Burning Blood":0,"Blood Vial":4,"Calling Bell":10,"Centennial Puzzle":13,"Sundial":5,"Strawberry":10,"MutagenicStrength":13,"Bronze Scales":13,"WingedGreaves":11,"Bag of Marbles":2,"Art of War":16,"InkBottle":10},{"Regal Pillow":40,"Torii":26,"Golden Idol":2,"Mango":35,"Bag of Preparation":54,"Juzu Bracelet":57,"Letter Opener":57,"War Paint":4,"Orichalcum":29,"Cursed Key":70,"Burning Blood":0,"Blood Vial":12,"Calling Bell":35,"Centennial Puzzle":48,"Sundial":14,"Strawberry":35,"MutagenicStrength":48,"Bronze Scales":48,"WingedGreaves":40,"Bag of Marbles":4,"Art of War":61,"InkBottle":35}],"InkBottle":[11]},"card_choices":[{"not_picked":["Rage","Carnage"],"picked":"Wild Strike","floor":1},{"not_picked":["Searing Blow","Clash","Warcry"],"picked":"SKIP","floor":3},{"not_picked":["Clash","Dual Wield"],"picked":"Pommel Strike","floor":5},{"not_picked":["Clothesline","Reckless Charge"],"picked":"Thunderclap","floor":6},{"not_picked":["Sword Boomerang","Anger"],"picked":"Metallicize","floor":8},{"not_picked":["Juggernaut","Dark Embrace"],"picked":"Anger","floor":10},{"not_picked":["Perfected Strike","Warcry"],"picked":"Flex","floor":11},{"not_picked":["Whirlwind","Blood for Blood"],"picked":"Seeing Red","floor":12},{"not_picked":["Battle Trance","Power Through"],"picked":"Spot Weakness","floor":13},{"not_picked":["Immolate","Reaper"],"picked":"Limit Break","floor":16},{"not_picked":["Clash+1","Heavy Blade"],"picked":"Spot Weakness","floor":18},{"not_picked":["Bludgeon","Clash"],"picked":"Sword Boomerang+1","floor":22},{"not_picked":["Shockwave","Anger"],"picked":"Cleave","floor":23},{"not_picked":["Bloodletting","Clash+1","Sever Soul"],"picked":"SKIP","floor":27},{"not_picked":["Wild Strike","Uppercut","Bloodletting"],"picked":"SKIP","floor":28},{"not_picked":["Flex","Whirlwind","Havoc"],"picked":"SKIP","floor":31},{"not_picked":["Barricade","Juggernaut"],"picked":"Berserk","floor":33}],"player_experience":120300,"relics_obtained":[{"floor":6,"key":"Blood Vial"},{"floor":9,"key":"Sundial"},{"floor":12,"key":"Torii"},{"floor":17,"key":"Strawberry"},{"floor":17,"key":"InkBottle"},{"floor":17,"key":"Mango"},{"floor":23,"key":"Centennial Puzzle"},{"floor":26,"key":"Bronze Scales"},{"floor":27,"key":"Bag of Preparation"},{"floor":29,"key":"Letter Opener"},{"floor":31,"key":"Art of War"}],"event_choices":[{"damage_healed":0,"gold_gain":0,"player_choice":"Take Damage","damage_taken":18,"relics_obtained":["Golden Idol"],"max_hp_gain":0,"max_hp_loss":0,"event_name":"Golden Idol","floor":2,"gold_loss":0},{"damage_healed":0,"gold_gain":0,"player_choice":"Opened","damage_taken":0,"relics_obtained":["WingedGreaves"],"max_hp_gain":0,"max_hp_loss":0,"event_name":"The Mausoleum","floor":19,"gold_loss":0,"cards_obtained":["Writhe"]},{"damage_healed":0,"gold_gain":0,"player_choice":"Read","damage_taken":0,"max_hp_gain":0,"max_hp_loss":0,"event_name":"The Library","floor":20,"gold_loss":0,"cards_obtained":["Armaments"]},{"damage_healed":0,"gold_gain":0,"player_choice":"Inject Mutagens","damage_taken":0,"relics_obtained":["MutagenicStrength"],"max_hp_gain":0,"max_hp_loss":0,"event_name":"Drug Dealer","floor":24,"gold_loss":0}],"is_beta":false,"boss_relics":[{"not_picked":["Fusion Hammer","SlaversCollar"],"picked":"Calling Bell"},{"not_picked":["Runic Pyramid","SacredBark"],"picked":"Cursed Key"}],"items_purged_floors":[21],"is_endless":false,"potions_floor_spawned":[3,6,11,13,22,27,31],"ascension_level":0}}