{"host":"dkr0dog13pegamnp","time":1614074334,"event":{"mods":["AchievementEnabler","BaseMod","Minty Spire (QoL Compilation)","Rare Cards Sparkle","StSLib","SuperFastMode","everything is the same but u backflip on backflip"],"gold_per_floor":[218,393,41,41,56,56,71,91,91,111,127,77,77,107,107,107,107],"floor_reached":16,"language":"KOR","playtime":325,"items_purged":["Doubt"],"score":168,"play_id":"5e935d05-d4da-45bb-acb7-858e6825c947","local_time":"20210223185854","is_ascension_mode":true,"campfire_choices":[{"data":"Accuracy","floor":6,"key":"SMITH"},{"data":"Dagger Spray","floor":13,"key":"SMITH"},{"data":"Calculated Gamble","floor":15,"key":"SMITH"}],"circlet_count":0,"master_deck":["AscendersBane","Strike_G","Strike_G+1","Strike_G","Strike_G","Defend_G","Defend_G","Defend_G","Defend_G","Defend_G","Survivor","Neutralize+1","Dagger Spray+1","Accuracy+1","Calculated Gamble+1"],"relics":["Ring of the Snake","Membership Card","Matryoshka","Ninja Scroll","Mercury Hourglass","Gremlin Horn","Whetstone"],"acts_visited":["Exordium"],"potions_floor_usage":[14,14],"damage_taken":[{"damage":0,"enemies":"Small Slimes","floor":1,"turns":6},{"damage":2,"enemies":"Jaw Worm","floor":5,"turns":4},{"damage":4,"enemies":"Cultist","floor":7,"turns":3},{"damage":0,"enemies":"2 Fungi Beasts","floor":8,"turns":4},{"damage":4,"enemies":"Exordium Wildlife","floor":10,"turns":3},{"damage":3,"enemies":"Blue Slaver","floor":11,"turns":3},{"damage":22,"enemies":"Lagavulin","floor":14,"turns":7},{"damage":29,"enemies":"Hexaghost","floor":16,"turns":12}],"seed_played":"2295573976782882060","potions_obtained":[{"floor":1,"key":"Energy Potion"},{"floor":8,"key":"CultistPotion"},{"floor":11,"key":"Ancient Potion"}],"is_trial":false,"path_per_floor":["M","?","$","?","M","R","M","M","T","M","M","?","R","E","R","B"],"character_chosen":"THE_SILENT","items_purchased":["Membership Card","Accuracy","Matryoshka"],"campfire_rested":0,"item_purchase_floors":[3,3,3],"current_hp_per_floor":[63,63,63,63,61,61,57,57,57,53,50,50,50,28,28,0,0],"gold":107,"neow_bonus":"HUNDRED_GOLD","is_daily":false,"chose_seed":false,"campfire_upgraded":3,"win_rate":0.0,"timestamp":1614074334,"path_taken":["M","?","$","?","M","R","M","?","T","M","M","?","R","E","R","BOSS"],"items_purchased_type":["Relic","Card","Relic"],"build_version":"2020-12-22","purchased_purges":1,"victory":false,"max_hp_per_floor":[70,70,70,70,70,70,70,70,70,70,70,70,70,70,70,70,70],"card_choices":[{"not_picked":["Terror","Eviscerate"],"picked":"Dagger Spray","floor":1},{"not_picked":["Acrobatics","Dagger Throw","Setup"],"picked":"SKIP","floor":5},{"not_picked":["All Out Attack","Dagger Spray","Slice"],"picked":"SKIP","floor":7},{"not_picked":["Sucker Punch","Bane","Deflect"],"picked":"SKIP","floor":8},{"not_picked":["Endless Agony","Bouncing Flask","Leg Sweep"],"picked":"SKIP","floor":10},{"not_picked":["Poisoned Stab","Prepared","Dagger Spray"],"picked":"SKIP","floor":11},{"not_picked":["Corpse Explosion","Outmaneuver"],"picked":"Calculated Gamble","floor":14}],"player_experience":96825,"relics_obtained":[{"floor":9,"key":"Mercury Hourglass"},{"floor":9,"key":"Gremlin Horn"},{"floor":14,"key":"Whetstone"}],"event_choices":[{"damage_healed":0,"gold_gain":175,"player_choice":"AGREE","damage_taken":0,"max_hp_gain":0,"max_hp_loss":0,"event_name":"Liars Game","floor":2,"gold_loss":0,"cards_obtained":["Doubt"]},{"damage_healed":0,"gold_gain":0,"player_choice":"Gave Potion","damage_taken":0,"relics_obtained":["Ninja Scroll"],"max_hp_gain":0,"max_hp_loss":0,"event_name":"WeMeetAgain","floor":4,"gold_loss":0},{"cards_removed":["Strike_G"],"damage_healed":0,"gold_gain":0,"player_choice":"Card Removal","damage_taken":0,"max_hp_gain":0,"max_hp_loss":0,"event_name":"The Cleric","floor":12,"gold_loss":50}],"is_beta":false,"boss_relics":[],"items_purged_floors":[3],"is_endless":false,"potions_floor_spawned":[1,8,11],"killed_by":"Hexaghost","ascension_level":13}}