{"host":"dxlvkbod5jpfsj2d","time":1614081286,"event":{"mods":["BaseMod","Downfall","Highlight Path","Minty Spire (QoL Compilation)","StSLib"],"gold_per_floor":[99,119,133,153,168,168,168,186,186,286,286,296,446,477,490,585,585,585,602,621,821,583,583,607,626,626,637,224,224,240,251,269,366,366,366,376,394,106,146,196,196,215,215,229,262,274,274,292,292,292,292],"floor_reached":49,"language":"ZHS","playtime":3716,"items_purged":["downfall:Haunted","downfall:Icky","champ:Strike"],"score":550,"play_id":"2bd859ee-c60b-4525-ab22-9ea59ce52de1","local_time":"20210223195446","is_ascension_mode":false,"campfire_choices":[{"data":"champ:Taunt","floor":1.0,"key":"SMITH"},{"data":"champ:Backstep","floor":6.0,"key":"SMITH"},{"data":"champ:StrikeOfGenius","floor":18.0,"key":"SMITH"},{"data":"champ:ShieldWall","floor":26.0,"key":"SMITH"},{"data":"champ:DeathBlow","floor":29.0,"key":"SMITH"},{"data":"champ:TripleStrike","floor":35.0,"key":"SMITH"},{"data":"champ:Strike","floor":43.0,"key":"PURGE"}],"circlet_count":0,"master_deck":["champ:Strike","champ:Strike","champ:Defend","champ:Defend","champ:Defend","champ:Defend","champ:Execute","champ:Taunt+1","champ:FanOfKnives","champ:Backstep+1","champ:ShieldWall+1","champ:BringItOn","champ:StrikeOfGenius+1","champ:HoldFirm","champ:DeathBlow+1","champ:DefensiveShout+1","champ:StrikeOfGenius+1","champ:TripleStrike+1","champ:GladiatorStyle+1","champ:RapidStrikes+1","champ:Shatter+1","champ:BerserkersShout+1","Parasite","champ:Circumvent+1"],"relics":["champ:ChampionCrownUpgraded","Bag of Preparation","Gremlin Horn","CloakClasp","TungstenRod","HandDrill","PreservedInsect","DollysMirror","MealTicket","Happy Flower","Bronze Scales","Sling","Lizard Tail","Peace Pipe","Nunchaku"],"acts_visited":["Exordium","TheCity","TheBeyond"],"potions_floor_usage":[45,45,45],"damage_taken":[{"damage":27.0,"enemies":"Cultist","floor":2.0,"turns":6.0},{"damage":11.0,"enemies":"Jaw Worm","floor":3.0,"turns":3.0},{"damage":14.0,"enemies":"Small Slimes","floor":4.0,"turns":5.0},{"damage":6.0,"enemies":"3 Louse","floor":5.0,"turns":3.0},{"damage":22.0,"enemies":"Blue Slaver","floor":8.0,"turns":4.0},{"damage":26.0,"enemies":"Blue Slaver","floor":10.0,"turns":9.0},{"damage":17.0,"enemies":"Exordium Thugs","floor":12.0,"turns":4.0},{"damage":3.0,"enemies":"Lagavulin","floor":14.0,"turns":6.0},{"damage":0.0,"enemies":"3 Louse","floor":15.0,"turns":3.0},{"damage":21.0,"enemies":"SI_SHIV_ARCHETYPE","floor":16.0,"turns":7.0},{"damage":27.0,"enemies":"Shell Parasite","floor":19.0,"turns":7.0},{"damage":0.0,"enemies":"Chosen","floor":20.0,"turns":5.0},{"damage":8.0,"enemies":"downfall:FleeingMerchant","floor":22.0,"turns":4.0},{"damage":26.0,"enemies":"Sentry and Sphere","floor":25.0,"turns":5.0},{"damage":15.0,"enemies":"Shelled Parasite and Fungi","floor":27.0,"turns":5.0},{"damage":13.0,"enemies":"downfall:FleeingMerchant","floor":28.0,"turns":4.0},{"damage":12.0,"enemies":"Snecko","floor":30.0,"turns":4.0},{"damage":21.0,"enemies":"Cultist and Chosen","floor":31.0,"turns":6.0},{"damage":36.0,"enemies":"Centurion and Healer","floor":32.0,"turns":8.0},{"damage":36.0,"enemies":"WA_ARCHETYPE_CALM","floor":33.0,"turns":9.0},{"damage":29.0,"enemies":"Orb Walker","floor":36.0,"turns":4.0},{"damage":35.0,"enemies":"3 Darklings","floor":37.0,"turns":4.0},{"damage":43.0,"enemies":"downfall:FleeingMerchant","floor":38.0,"turns":4.0},{"damage":16.0,"enemies":"downfall:FleeingMerchant","floor":39.0,"turns":4.0},{"damage":54.0,"enemies":"downfall:FleeingMerchant","floor":40.0,"turns":7.0},{"damage":12.0,"enemies":"Sphere and 2 Shapes","floor":42.0,"turns":2.0},{"damage":28.0,"enemies":"Transient","floor":44.0,"turns":5.0},{"damage":63,"enemies":"Giant Head","floor":45,"turns":9},{"damage":44,"enemies":"Writhing Mass","floor":46,"turns":4},{"damage":9,"enemies":"Maw","floor":48,"turns":8},{"damage":116,"enemies":"Transient","floor":49,"turns":5}],"seed_played":"6630769749449381061","potions_obtained":[{"floor":8.0,"key":"Energy Potion"},{"floor":10.0,"key":"champ:CounterPotion"},{"floor":12.0,"key":"PowerPotion"},{"floor":31.0,"key":"FearPotion"},{"floor":40.0,"key":"SteroidPotion"},{"floor":44.0,"key":"Weak Potion"}],"is_trial":false,"path_per_floor":["R","M","M","M","M","R","T","M","?","?","?","M","?","E","M","B",null,"R","M","M","?","$","?","T","M","R","M","$","R","M","M","M","B",null,"R","M","M","$","?","?","T","M","R","M","E","M","?","M","M"],"character_chosen":"THE_CHAMP","items_purchased":["HandDrill","DollysMirror","MealTicket","Happy Flower","Bronze Scales","Sling"],"campfire_rested":0,"item_purchase_floors":[22,28,28,38,39,39],"current_hp_per_floor":[99,82,81,72,66,66,66,64,64,58,58,51,51,48,48,52,99,99,85,85,85,87,87,87,76,76,76,78,78,71,60,59,38,99,99,95,90,99,99,83,83,86,86,63,40,11,11,20,0,0,0],"gold":292,"neow_bonus":"TEN_PERCENT_HP_BONUS","is_daily":false,"chose_seed":false,"campfire_upgraded":6,"win_rate":0.0,"timestamp":1614081286,"path_taken":["R","M","M","M","M","R","T","M","?","?","?","M","?","E","M","BOSS","R","M","M","?","$","?","T","?","R","M","$","R","M","M","M","BOSS","R","M","M","$","?","?","T","M","R","M","E","M","?","M","M"],"items_purchased_type":["Relic","Relic","Relic","Relic","Relic","Relic"],"build_version":"2020-12-22","purchased_purges":3,"victory":false,"max_hp_per_floor":[99,99,99,99,99,99,99,99,99,99,99,99,99,99,99,99,99,99,99,99,99,99,99,99,99,99,99,99,99,99,99,99,99,99,99,99,99,99,99,99,99,99,99,99,99,99,99,99,99,99,99],"card_choices":[{"not_picked":["champ:StanceDance","champ:Haymaker"],"picked":"champ:FanOfKnives","floor":2.0},{"not_picked":["champ:FanOfKnives","champ:PerfectedStrike"],"picked":"champ:Backstep","floor":3.0},{"not_picked":["champ:PreciseThrust","champ:FlashCut"],"picked":"champ:ShieldWall","floor":4.0},{"not_picked":["champ:Backstep","champ:PreemptiveStrike"],"picked":"champ:PreciseThrust","floor":5.0},{"not_picked":["champ:AdrenalArmor","champ:GladiatorStyle","champ:ArenaPreparation"],"picked":"SKIP","floor":8.0},{"not_picked":["champ:StanceDance","champ:BladeFlurry"],"picked":"champ:BringItOn","floor":10.0},{"not_picked":["champ:PreciseThrust","champ:Shatter"],"picked":"champ:StrikeOfGenius","floor":12.0},{"not_picked":["champ:BringItOn","champ:FanOfKnives","champ:DefensiveShout"],"picked":"SKIP","floor":14.0},{"not_picked":["champ:PerfectedStrike","champ:FocusedDefense","champ:TornadoPunch"],"picked":"SKIP","floor":15.0},{"not_picked":["champ:IgnorePain","champ:GladiatorForm"],"picked":"champ:HoldFirm","floor":16.0},{"not_picked":["champ:AdrenalArmor","champ:BringItOn","champ:PerfectedStrike"],"picked":"SKIP","floor":19.0},{"not_picked":["champ:Shatter","champ:AdrenalArmor","champ:HeartStrike"],"picked":"SKIP","floor":20.0},{"not_picked":["champ:GladiatorStyle+1","champ:Backstep+1","champ:GutPunch"],"picked":"SKIP","floor":22.0},{"not_picked":["champ:BerserkersShout","champ:Parry"],"picked":"champ:DefensiveShout+1","floor":25.0},{"not_picked":["champ:BladeFlurry","champ:PerfectedStrike","champ:Circumvent"],"picked":"SKIP","floor":27.0},{"not_picked":["champ:PreemptiveStrike","champ:PreciseThrust+1","champ:IgnorePain"],"picked":"SKIP","floor":28.0},{"not_picked":["champ:ArenaPreparation","champ:CrownThrow","champ:GutPunch"],"picked":"SKIP","floor":30.0},{"not_picked":["champ:Encircle","champ:EnGarde","champ:PreemptiveStrike"],"picked":"SKIP","floor":31.0},{"not_picked":["champ:PreemptiveStrike","champ:PerfectedStrike","champ:Parry"],"picked":"SKIP","floor":32.0},{"not_picked":["champ:IgnorePain","champ:SteelEdge"],"picked":"champ:TripleStrike","floor":33.0},{"not_picked":["champ:SkillfulDodge","champ:Duel+1"],"picked":"champ:GladiatorStyle+1","floor":36.0},{"not_picked":["champ:FaceSlap","champ:IronFortress+1","champ:Backstep+1"],"picked":"SKIP","floor":37.0},{"not_picked":["champ:Haymaker+1","champ:Circumvent"],"picked":"champ:RapidStrikes+1","floor":38.0},{"not_picked":["champ:Backstep+1","champ:FancyFootwork","champ:DeathBlow"],"picked":"SKIP","floor":39.0},{"not_picked":["champ:BringItOn","champ:BladeFlurry+1"],"picked":"champ:Shatter+1","floor":40.0},{"not_picked":["champ:GutPunch+1","champ:EnragedBash","champ:DefensiveShout+1"],"picked":"SKIP","floor":42.0},{"not_picked":["champ:GladiatorStyle","champ:GutPunch","champ:AdrenalArmor+1"],"picked":"SKIP","floor":44.0},{"not_picked":["champ:RapidStrikes","champ:HoldFirm"],"picked":"champ:BerserkersShout+1","floor":45},{"not_picked":["champ:BringItOn","champ:PreciseThrust","champ:DefensiveShout"],"picked":"SKIP","floor":46},{"not_picked":["champ:CrownThrow","champ:PreciseThrust+1"],"picked":"champ:Circumvent+1","floor":48}],"player_experience":722190,"relics_obtained":[{"floor":7.0,"key":"Bag of Preparation"},{"floor":10.0,"key":"CloakClasp"},{"floor":14.0,"key":"TungstenRod"},{"floor":24.0,"key":"PreservedInsect"},{"floor":40.0,"key":"Lizard Tail"},{"floor":41.0,"key":"Peace Pipe"},{"floor":45,"key":"Nunchaku"}],"event_choices":[{"cards_removed":["champ:PreciseThrust"],"damage_healed":0,"gold_gain":0,"player_choice":"Removed Attack","damage_taken":0,"max_hp_gain":0,"max_hp_loss":0,"event_name":"Falling","floor":47,"gold_loss":0}],"is_beta":false,"boss_relics":[{"not_picked":["SlaversCollar","Tiny House"],"picked":"champ:ChampionCrownUpgraded"},{"not_picked":["Snecko Eye","bronze:MakeshiftBattery","Velvet Choker"]}],"items_purged_floors":[22,28,38],"is_endless":false,"potions_floor_spawned":[8,10,12,14,15,20,27,31,36,40,44],"killed_by":"Transient","ascension_level":0}}