{"host":"birdoosa9v9yfc1w","time":1614056911,"event":{"mods":["2.2 Compatiblity","BaseMod","Bestiary","Bossed Relics","Colored Map","Colored Powertips","Dark Map","Halation","Highlight Path","Minty Spire (QoL Compilation)","Rare Cards Sparkle","Relic Filter","SacredBarkPlus","StSLib","The Jungle","Thrall Mod","Wide Potions"],"gold_per_floor":[109,125,142,155,155,189,209,244,244,255,255,271,303,319,319,415,415,431,444,444,444,463,512,512,556,556,556,581,600,613,626,626,733,733,766,766,766,766,7,7,46,68,68,68,111,111,11,44,44,65,65,65,17,62,95,95],"floor_reached":55,"language":"ENG","playtime":2438,"items_purged":["Strike_Thrall","Strike_Thrall"],"score":1226,"play_id":"13ffc6ba-36b5-4e74-9269-7d5907252165","local_time":"20210223000831","is_ascension_mode":true,"campfire_choices":[{"data":"Hallazeal","floor":11,"key":"SMITH"},{"data":"Devolve","floor":15,"key":"SMITH"},{"data":"Flametonguetotem","floor":24,"key":"SMITH"},{"data":"Manatidetotem","floor":32,"key":"SMITH"},{"data":"Manatidetotem","floor":40,"key":"SMITH"},{"floor":44,"key":"RECALL"},{"data":"Totemicsmash","floor":46,"key":"SMITH"},{"data":"Defend_Thrall","floor":49,"key":"SMITH"},{"data":"Thecoin","floor":52,"key":"SMITH"}],"circlet_count":0,"master_deck":["Strike_Thrall","Strike_Thrall","Strike_Thrall","Defend_Thrall","Defend_Thrall","Defend_Thrall","Defend_Thrall+1","Lightningbolt","Thecoin+1","Injury","Hallazeal+1","Flametonguetotem+1","Totemicsmash+1","Beakeredlightning","Pain","Devolve+1","Earthshock+1","Forkedlightning+1","Manatidetotem+1","Totemicsmash+1","Lavaburst+1","Ancestralknow+1","Totemicsmash+1","Hex+1","Beakeredlightning+1","Menacingnimbus+1","Zap+1","Earthshock+1","Maelstromportal+1","Manatidetotem+1","Master of Strategy+1","Dustdevil+1","Dustdevil+1","Vitalitytotem"],"relics":["Totem","WarpedTongs","Molten Egg 2","Bronze Scales","Toxic Egg 2","halation:VictoryRuler","Coffee Dripper","halation:IllGainedPizza","Omamori","Pear","Blue Candle","Black Star","halation:StarCompass","halation:LostSnail","Potion Belt","halation:Thesaurus","halation:Trompette","InkBottle","Blood Vial","halation:LettersToHer","Gambling Chip","halation:SelfBoilingWater","Juzu Bracelet","halation:WeightlessCrab","Pantograph"],"acts_visited":["Exordium","TheCity","TheBeyond","TheEnding"],"potions_floor_usage":[1,10,25,33,54,54,54,55],"damage_taken":[{"damage":12,"enemies":"2 Louse","floor":1,"turns":3},{"damage":1,"enemies":"Cultist","floor":2,"turns":4},{"damage":24,"enemies":"Jaw Worm","floor":3,"turns":5},{"damage":10,"enemies":"Looter","floor":4,"turns":3},{"damage":33,"enemies":"Gremlin Nob","floor":6,"turns":5},{"damage":2,"enemies":"Exordium Thugs","floor":7,"turns":3},{"damage":34,"enemies":"Lagavulin","floor":8,"turns":5},{"damage":10,"enemies":"2 Fungi Beasts","floor":10,"turns":3},{"damage":0,"enemies":"3 Louse","floor":12,"turns":1},{"damage":23,"enemies":"Gremlin Nob","floor":13,"turns":5},{"damage":12,"enemies":"Looter","floor":14,"turns":3},{"damage":89,"enemies":"The Guardian","floor":16,"turns":9},{"damage":14,"enemies":"Chosen","floor":18,"turns":4},{"damage":26,"enemies":"Shell Parasite","floor":19,"turns":3},{"damage":48,"enemies":"Centurion and Healer","floor":22,"turns":5},{"damage":68,"enemies":"Gremlin Leader","floor":23,"turns":9},{"damage":35,"enemies":"Slavers","floor":25,"turns":5},{"damage":25,"enemies":"Shelled Parasite and Fungi","floor":28,"turns":4},{"damage":4,"enemies":"Snecko","floor":29,"turns":3},{"damage":23,"enemies":"Centurion and Healer","floor":30,"turns":4},{"damage":18,"enemies":"Snake Plant","floor":31,"turns":3},{"damage":120,"enemies":"Automaton","floor":33,"turns":9},{"damage":63,"enemies":"3 Shapes","floor":35,"turns":4},{"damage":76,"enemies":"Giant Head","floor":41,"turns":7},{"damage":42,"enemies":"3 Darklings","floor":42,"turns":3},{"damage":57,"enemies":"Nemesis","floor":45,"turns":5},{"damage":37,"enemies":"Reptomancer","floor":48,"turns":5},{"damage":208,"enemies":"Awakened One","floor":50,"turns":10},{"damage":86,"enemies":"Shield and Spear","floor":54,"turns":5},{"damage":100,"enemies":"The Heart","floor":55,"turns":3}],"seed_played":"8607751044673842501","potions_obtained":[{"floor":1,"key":"Fruit Juice"},{"floor":3,"key":"ColorlessPotion"},{"floor":8,"key":"DistilledChaos"},{"floor":10,"key":"Fruit Juice"},{"floor":12,"key":"Explosive Potion"},{"floor":14,"key":"GamblersBrew"},{"floor":23,"key":"Strength Potion"},{"floor":25,"key":"Block Potion"},{"floor":45,"key":"AttackPotion"}],"is_trial":false,"path_per_floor":["M","M","M","M","?","E","M","E","T","M","R","M","E","M","R","B",null,"M","M","?","?","M","E","R","E","T","T","M","M","M","M","R","B",null,"M","?","?","?","$","R","E","M","T","R","E","R","$","E","R","B",null,"R","$","E","B"],"character_chosen":"THRALL","items_purchased":["halation:LostSnail","Potion Belt","Maelstromportal+1","Manatidetotem","Master of Strategy+1","halation:Thesaurus","AttackPotion"],"campfire_rested":0,"item_purchase_floors":[39,39,39,39,39,39,53],"current_hp_per_floor":[70,71,75,65,65,61,61,67,67,64,64,64,80,69,69,77,79,80,54,54,54,80,80,80,78,88,88,90,90,71,55,55,90,90,90,90,90,90,90,90,90,50,50,50,90,90,90,90,90,90,90,90,90,8,0,0],"gold":95,"neow_bonus":"THREE_RARE_CARDS","is_daily":false,"chose_seed":false,"campfire_upgraded":8,"win_rate":0.0,"timestamp":1614056911,"path_taken":["M","M","M","M","?","E","M","E","T","M","R","M","E","?","R","BOSS","M","M","?","?","?","E","R","E","T","?","M","M","M","M","R","BOSS","M","?","?","?","?","R","E","M","T","R","E","R","$","E","R","BOSS","R","$","E","BOSS"],"items_purchased_type":["Relic","Relic","Card","Card","Card","Relic","Potion"],"build_version":"2020-12-22","purchased_purges":2,"victory":false,"max_hp_per_floor":[75,75,75,75,75,75,75,75,75,80,80,80,80,80,80,80,80,80,80,80,80,80,80,80,80,90,90,90,90,90,90,90,90,90,90,90,90,90,90,90,90,90,90,90,90,90,90,90,90,90,90,90,90,90,90,90],"card_choices":[{"not_picked":["Alakir","Thralldeathseer"],"picked":"Hallazeal","floor":0},{"not_picked":["Jinyu","Frostshock"],"picked":"Flametonguetotem","floor":1},{"not_picked":["Witchsapprentice","Tidalsurge","Jinyu"],"picked":"SKIP","floor":2},{"not_picked":["Eureka","Witchsapprentice"],"picked":"Totemicsmash","floor":3},{"not_picked":["Witchsapprentice","Spiritofthefrog"],"picked":"Beakeredlightning","floor":4},{"not_picked":["Drakkaridefender","Murksparkeel+1"],"picked":"Devolve","floor":6},{"not_picked":["Drakkaridefender","Totemicsmash+1"],"picked":"Earthshock+1","floor":7},{"not_picked":["Lightningbolt+1","Blazing","Fireelemental+1"],"picked":"SKIP","floor":8},{"not_picked":["Lightningstorm+1","Lightningbolt+1"],"picked":"Forkedlightning+1","floor":10},{"not_picked":["Totemicsmash+1","Lightningstorm+1"],"picked":"Vitalitytotem","floor":12},{"not_picked":["Whiteeyes+1","Doomhammer"],"picked":"Manatidetotem","floor":13},{"not_picked":["Dunemaul+1","Forkedlightning+1"],"picked":"Totemicsmash+1","floor":14},{"not_picked":["Hallazeal","Unstable+1"],"picked":"Lavaburst+1","floor":16},{"not_picked":["Drakkaridefender+1","Thecoin+1"],"picked":"Ancestralknow+1","floor":18},{"not_picked":["Thecoin+1","Witchsapprentice+1"],"picked":"Totemicsmash+1","floor":19},{"not_picked":["Crackle+1","Menacingnimbus+1"],"picked":"Hex+1","floor":22},{"not_picked":["Ancestralknow+1","Tunneltrogg","Totemicsmash+1"],"picked":"SKIP","floor":23},{"not_picked":["Elementaryreaction+1","Fireguard+1"],"picked":"Beakeredlightning+1","floor":25},{"not_picked":["Zap+1","Cryostasis+1"],"picked":"Menacingnimbus+1","floor":28},{"not_picked":["Eureka+1","Jadelightning+1"],"picked":"Zap+1","floor":29},{"not_picked":["Thecoin+1","Cryostasis+1","Jinyu+1"],"picked":"SKIP","floor":30},{"not_picked":["Tunneltrogg","Totemicsmash+1"],"picked":"Earthshock+1","floor":31},{"not_picked":["Healingwave+1","Lightningbolt+1","Rockbiter+1"],"picked":"SKIP","floor":35},{"not_picked":["Tidalsurge+1","Devolve+1","Fireelemental+1"],"picked":"SKIP","floor":41},{"not_picked":["Forkedlightning+1","Drakkaridefender+1","Zap+1"],"picked":"SKIP","floor":42},{"not_picked":["Drakkaridefender+1","Fireelemental+1"],"picked":"Dustdevil+1","floor":45},{"not_picked":["Jinyu+1","Elementaryreaction+1"],"picked":"Dustdevil+1","floor":48},{"not_picked":["Tidalsurge+1","Whiteeyes+1"],"picked":"Vitalitytotem","floor":54}],"player_experience":648469,"relics_obtained":[{"floor":6,"key":"Molten Egg 2"},{"floor":8,"key":"Bronze Scales"},{"floor":9,"key":"Toxic Egg 2"},{"floor":13,"key":"halation:VictoryRuler"},{"floor":23,"key":"Turnip"},{"floor":25,"key":"Omamori"},{"floor":26,"key":"Pear"},{"floor":27,"key":"Blue Candle"},{"floor":41,"key":"InkBottle"},{"floor":41,"key":"Blood Vial"},{"floor":45,"key":"halation:LettersToHer"},{"floor":45,"key":"Gambling Chip"},{"floor":48,"key":"halation:SelfBoilingWater"},{"floor":48,"key":"Juzu Bracelet"},{"floor":54,"key":"halation:WeightlessCrab"},{"floor":54,"key":"Pantograph"}],"event_choices":[{"damage_healed":0,"gold_gain":0,"player_choice":"Rummage","damage_taken":0,"relics_obtained":["WarpedTongs"],"max_hp_gain":0,"max_hp_loss":0,"event_name":"Accursed Blacksmith","floor":5,"gold_loss":0,"cards_obtained":["Pain"]},{"cards_removed":["Defend_Thrall"],"damage_healed":0,"gold_gain":0,"player_choice":"Elegance","damage_taken":0,"max_hp_gain":0,"max_hp_loss":0,"event_name":"Back to Basics","floor":20,"gold_loss":0},{"damage_healed":0,"gold_gain":0,"player_choice":"Gave Potion","damage_taken":0,"relics_obtained":["halation:IllGainedPizza"],"max_hp_gain":0,"max_hp_loss":0,"event_name":"WeMeetAgain","floor":21,"gold_loss":0},{"damage_healed":0,"gold_gain":0,"player_choice":"Ignored","damage_taken":0,"max_hp_gain":0,"max_hp_loss":0,"event_name":"Tomb of Lord Red Mask","floor":36,"gold_loss":0},{"cards_removed":["Vitalitytotem"],"damage_healed":0,"gold_gain":0,"player_choice":"Removed Power","damage_taken":0,"max_hp_gain":0,"max_hp_loss":0,"event_name":"Falling","floor":37,"gold_loss":0}],"is_beta":false,"boss_relics":[{"not_picked":["halation:Prosthetics","Empty Cage"],"picked":"Coffee Dripper"},{"not_picked":["Astrolabe","halation:SmartPhone"],"picked":"Black Star"}],"items_purged_floors":[39,47],"is_endless":false,"potions_floor_spawned":[1,3,8,10,12,14,18,19,23,25,28,45],"killed_by":"The Heart","ascension_level":9}}