{"host":"vrsxkkch9ccrec7k","time":1614060891,"event":{"mods":["Act Like it!","BaseMod","Bestiary","Better Altar","Better Match","Better Note","Better Sensory Stone","Better Skull","Better Third Choice","Better Vampires","Downfall","Minty Spire (QoL Compilation)","Permanent Neow","Relic Stats","Spicy Shops","StSLib"],"gold_per_floor":[99,113,24,24,24,52,52,64,94,117,29,57,69,81,104,212,224,236,267,290,16,216,216,216,234,234,234,234,234],"floor_reached":27,"language":"ENG","playtime":1528,"items_purged":[],"score":295,"play_id":"f86877c4-3802-403e-9b49-8961f72aa61d","local_time":"20210223011451","is_ascension_mode":true,"campfire_choices":[{"data":"sneckomod:TailWhip","floor":1,"key":"SMITH"},{"floor":11,"key":"REST"},{"data":"sneckomod:SnekBite","floor":13,"key":"SMITH"},{"data":"sneckomod:Nope","floor":18,"key":"SMITH"},{"floor":26,"key":"REST"}],"circlet_count":0,"master_deck":["sneckomod:Defend","sneckomod:Defend","sneckomod:Defend","sneckomod:TailWhip+1","sneckomod:SnekBite+1","sneckomod:Unknown","sneckomod:Unknown","sneckomod:DiceCrush","sneckomod:SnakeSap","sneckomod:UnknownClassGUARDIAN","sneckomod:UnknownCommonAttack","sneckomod:Nope+1","sneckomod:WideSting","sneckomod:UnlimitedRolls","sneckomod:SoulRoll+1","sneckomod:UnknownX","sneckomod:MasterEye+1","sneckomod:SlitherStrike","sneckomod:Nope"],"relics":["sneckomod:SneckoSoul","Juzu Bracelet","Bag of Preparation","downfall:BrokenWingStatue","bronze:BronzeIdol","MawBank","downfall:HeartBlessingGreen","Empty Cage","Art of War","MutagenicStrength","Sundial"],"acts_visited":["Exordium","TheCity"],"potions_floor_usage":[12,16,22,22],"damage_taken":[{"damage":0,"enemies":"Cultist","floor":2,"turns":3},{"damage":0,"enemies":"downfall:FleeingMerchant","floor":3,"turns":4},{"damage":61,"enemies":"Lagavulin","floor":6,"turns":10},{"damage":2,"enemies":"Jaw Worm","floor":9,"turns":2},{"damage":0,"enemies":"2 Louse","floor":10,"turns":3},{"damage":8,"enemies":"Exordium Thugs","floor":12,"turns":3},{"damage":0,"enemies":"Blue Slaver","floor":15,"turns":1},{"damage":12,"enemies":"SI_SHIV_ARCHETYPE","floor":16,"turns":10},{"damage":18,"enemies":"Spheric Guardian","floor":19,"turns":4},{"damage":8,"enemies":"Shell Parasite","floor":20,"turns":6},{"damage":9,"enemies":"downfall:FleeingMerchant","floor":21,"turns":4},{"damage":22,"enemies":"downfall:FleeingMerchant","floor":22,"turns":5},{"damage":11,"enemies":"Sentry and Sphere","floor":25,"turns":4},{"damage":34,"enemies":"Slavers","floor":27,"turns":1}],"seed_played":"2429808373064042269","potions_obtained":[{"floor":6,"key":"SkillPotion"},{"floor":12,"key":"Guardian:BlockOnCardUsePotion"},{"floor":15,"key":"bronze:BurnAndBuffPotion"},{"floor":20,"key":"Weak Potion"}],"is_trial":false,"path_per_floor":["R","M","$","?","?","E","T","?","M","M","R","M","R","?","M","B",null,"R","M","M","$","?","?","T","M","R","E"],"character_chosen":"THE_SNECKO","items_purchased":["Bag of Preparation","Art of War","LiquidBronze","sneckomod:SlitherStrike"],"campfire_rested":2,"item_purchase_floors":[3,21,21,21],"current_hp_per_floor":[81,81,81,81,81,20,20,20,18,18,45,37,37,37,37,25,74,74,56,48,39,17,17,17,6,33,0,0,0],"gold":234,"neow_bonus":"RANDOM_COMMON_RELIC","is_daily":false,"chose_seed":false,"campfire_upgraded":3,"win_rate":0.0,"timestamp":1614060891,"path_taken":["R","M","?","?","?","E","T","?","M","M","R","M","R","?","M","BOSS","R","M","M","$","?","?","T","M","R","E"],"items_purchased_type":["Relic","Relic","Potion","Card"],"build_version":"2020-12-22","purchased_purges":0,"victory":false,"max_hp_per_floor":[90,90,90,90,90,90,90,90,90,90,90,90,90,90,90,90,90,90,90,90,90,90,90,90,90,90,90,90,90],"relic_stats":{"counters":[14,59],"Sundial":[0],"Juzu Bracelet":1,"Bag of Preparation":[24],"Art of War":[0],"MawBank":168,"obtain_stats":[{"downfall:BrokenWingStatue":4,"Sundial":24,"MutagenicStrength":23,"downfall:HeartBlessingGreen":11,"Juzu Bracelet":0,"Bag of Preparation":3,"Art of War":21,"sneckomod:SneckoSoul":0,"MawBank":7,"Empty Cage":17,"bronze:BronzeIdol":6},{"downfall:BrokenWingStatue":2,"Sundial":12,"MutagenicStrength":12,"downfall:HeartBlessingGreen":5,"Juzu Bracelet":0,"Bag of Preparation":2,"Art of War":11,"sneckomod:SneckoSoul":0,"MawBank":3,"Empty Cage":8,"bronze:BronzeIdol":3},{"downfall:BrokenWingStatue":6,"Sundial":54,"MutagenicStrength":54,"downfall:HeartBlessingGreen":21,"Juzu Bracelet":0,"Bag of Preparation":6,"Art of War":49,"sneckomod:SneckoSoul":0,"MawBank":16,"Empty Cage":35,"bronze:BronzeIdol":16}]},"card_choices":[{"not_picked":["sneckomod:ImprovisedGuard","sneckomod:UnknownClassTHE_CHAMP_GRAY"],"picked":"sneckomod:DiceCrush","floor":2},{"not_picked":["sneckomod:UnknownBlock","sneckomod:PureSnecko"],"picked":"sneckomod:SnakeSap","floor":3},{"not_picked":["sneckomod:Unknown0Cost","sneckomod:UnknownBlock"],"picked":"sneckomod:UnknownClassGUARDIAN","floor":6},{"not_picked":["sneckomod:QuickBite","sneckomod:IronFang"],"picked":"sneckomod:UnknownCommonAttack","floor":9},{"not_picked":["sneckomod:UnknownBlock","sneckomod:RainOfDice"],"picked":"sneckomod:Nope","floor":10},{"not_picked":["sneckomod:UnknownClassBLUE","sneckomod:UnknownClassTHE_BRONZE_AUTOMATON","sneckomod:RainOfDice"],"picked":"SKIP","floor":12},{"not_picked":["sneckomod:QuickMove","sneckomod:Restock"],"picked":"sneckomod:WideSting","floor":15},{"not_picked":["sneckomod:Transmogrify","sneckomod:Restock"],"picked":"sneckomod:UnlimitedRolls","floor":16},{"not_picked":["sneckomod:UnknownClassTHE_CHAMP_GRAY","sneckomod:UnknownClassPURPLE+1"],"picked":"sneckomod:SoulRoll+1","floor":19},{"not_picked":["sneckomod:UnknownCommonSkill","sneckomod:RainOfDice"],"picked":"sneckomod:UnknownX","floor":20},{"not_picked":["sneckomod:QuickBite","sneckomod:UnendingSupply"],"picked":"sneckomod:MasterEye+1","floor":21},{"not_picked":["sneckomod:UnknownBlock","sneckomod:DiceBoulder"],"picked":"sneckomod:Nope","floor":25}],"player_experience":1997218,"relics_obtained":[{"floor":6,"key":"bronze:BronzeIdol"},{"floor":7,"key":"MawBank"},{"floor":24,"key":"Sundial"}],"event_choices":[{"cards_removed":["sneckomod:Strike"],"damage_healed":0,"gold_gain":0,"player_choice":"Card Removal","damage_taken":0,"max_hp_gain":0,"max_hp_loss":0,"event_name":"The Cleric","floor":14,"gold_loss":0},{"damage_healed":0,"gold_gain":0,"player_choice":"Inject Mutagens","damage_taken":0,"relics_obtained":["MutagenicStrength"],"max_hp_gain":0,"max_hp_loss":0,"event_name":"Drug Dealer","floor":23,"gold_loss":0}],"is_beta":false,"boss_relics":[{"not_picked":["expansioncontent:StudyCardRelic","Busted Crown"],"picked":"Empty Cage"}],"items_purged_floors":[],"is_endless":false,"potions_floor_spawned":[6,12,15,20],"killed_by":"Slavers","ascension_level":8}}