{"host":"rvjh0zljb70crdz8","time":1614084502,"event":{"mods":["100% Spire Juice","Act Like it!","Arknights","BaseMod","Better Vampires","Energized Spire","Good Game Mod","Minty Spire (QoL Compilation)","Quick Restart","Ryuuou龙王","StSLib","The Administrix","The Gatherer","The Servant 0.9.4","【功能Mod】聪明的最终Boss"],"gold_per_floor":[14,14,14,14,27,65,65,105,105,105,145,165,165,185,185,304,304,319,332,257,270,291,325,348,348,348,369,410,143,179,218,218,344,344,365,423,443,443,459,495,495,509,555,575,610,634,686,722,722,722,722,722,40,80,80],"floor_reached":56,"language":"ZHS","playtime":4237,"items_purged":[],"score":1470,"play_id":"ce0f169b-7e24-43d6-8f90-feb46bd1eee9","local_time":"20210223204822","is_ascension_mode":true,"metric_token":981,"campfire_choices":[{"data":"Gatherer:BalancedGrowth","floor":7.0,"key":"SMITH"},{"data":"Moonworks:MeltingMemories","floor":10.0,"key":"SMITH"},{"data":"Gatherer:QuickSynthesis","floor":15.0,"key":"SMITH"},{"data":"Gatherer:Duplicator","floor":25.0,"key":"SMITH"},{"data":"Gatherer:GrowBook","floor":32.0,"key":"SMITH"},{"data":"Gatherer:Duplicator","floor":41.0,"key":"SMITH"},{"floor":49,"key":"RECALL"},{"data":"Gatherer:StoneFence","floor":52,"key":"SMITH"}],"circlet_count":0,"master_deck":["Gatherer:Strike_Gatherer","Gatherer:Strike_Gatherer+1","Gatherer:Strike_Gatherer","Gatherer:Strike_Gatherer","Gatherer:Strike_Gatherer","Gatherer:Defend_Gatherer+1","Gatherer:Defend_Gatherer+1","Gatherer:Defend_Gatherer","Gatherer:Defend_Gatherer","Gatherer:Defend_Gatherer","Gatherer:Centralize","Gatherer:FlowerWhip+1","Moonworks:MeltingMemories+1","Apotheosis+1","Gatherer:FruitForce","Gatherer:Uplift","Gatherer:BalancedGrowth+1","Gatherer:MindSearch","Gatherer:TacticalStrike","Gatherer:DrugPower","Gatherer:QuickSynthesis+1","Gatherer:FlamingBottle","Gatherer:FlowerPower","Gatherer:Duplicator+1","Gatherer:PotentialSlash+1","Gatherer:QuickSynthesis","Gatherer:AlchemyTrial","Gatherer:Snatch","Gatherer:Pollute","Moonworks:UnluckyCharm+1","Gatherer:StoneFence+1","Gatherer:Solidify","Gatherer:Duplicator+1","Gatherer:FruitForce+1","Gatherer:TacticalStrike+1","Gatherer:AlchemyTrial+1","Gatherer:FruitForce+1","Gatherer:QuickSynthesis+1","Gatherer:DrugPower+1","Gatherer:MiningStrike+1","Gatherer:BlackTea","Gatherer:QuickSynthesis+1"],"relics":["Gatherer:AlchemyBag","REME:ComplimentaryCards","Ginger","Golden Idol","Kunai","War Paint","FossilizedHelix","Incense Burner","Coffee Dripper","Bag of Preparation","Nunchaku","Regal Pillow","PreservedInsect","Red Mask","HornCleat","SacredBark","Torii","Prayer Wheel","Pocketwatch","Whetstone","Potion Belt","Lizard Tail","Gambling Chip","Gatherer:MistGenerator"],"acts_visited":["Exordium","TheCity","TheBeyond","TheEnding"],"potions_floor_usage":[50,50],"damage_taken":[{"damage":0.0,"enemies":"ats:Genji","floor":1.0,"turns":4.0},{"damage":0.0,"enemies":"2 Louse","floor":5.0,"turns":3.0},{"damage":21.0,"enemies":"3 Sentries","floor":6.0,"turns":7.0},{"damage":20.0,"enemies":"Lagavulin","floor":8.0,"turns":6.0},{"damage":17.0,"enemies":"3 Sentries","floor":11.0,"turns":12.0},{"damage":0.0,"enemies":"Jaw Worm","floor":12.0,"turns":4.0},{"damage":1.0,"enemies":"Exordium Thugs","floor":14.0,"turns":4.0},{"damage":25.0,"enemies":"Hexaghost","floor":16.0,"turns":8.0},{"damage":1.0,"enemies":"3 Byrds","floor":18.0,"turns":4.0},{"damage":0.0,"enemies":"Spheric Guardian","floor":19.0,"turns":5.0},{"damage":8.0,"enemies":"Snecko","floor":21.0,"turns":5.0},{"damage":7.0,"enemies":"Centurion and Healer","floor":22.0,"turns":6.0},{"damage":64.0,"enemies":"Slavers","floor":23.0,"turns":6.0},{"damage":0.0,"enemies":"Sentry and Sphere","floor":24.0,"turns":3.0},{"damage":2.0,"enemies":"Snake Plant","floor":27.0,"turns":4.0},{"damage":27.0,"enemies":"Gremlin Leader","floor":28.0,"turns":5.0},{"damage":16.0,"enemies":"Masked Bandits","floor":30.0,"turns":4.0},{"damage":10.0,"enemies":"Slavers","floor":31.0,"turns":5.0},{"damage":14.0,"enemies":"Collector","floor":33.0,"turns":7.0},{"damage":0.0,"enemies":"3 Shapes","floor":35.0,"turns":3.0},{"damage":25.0,"enemies":"2 Orb Walkers","floor":36.0,"turns":5.0},{"damage":7.0,"enemies":"3 Darklings","floor":37.0,"turns":6.0},{"damage":0.0,"enemies":"Transient","floor":39.0,"turns":5.0},{"damage":0.0,"enemies":"Giant Head","floor":40.0,"turns":6.0},{"damage":0.0,"enemies":"Jaw Worm Horde","floor":42.0,"turns":4.0},{"damage":0.0,"enemies":"Maw","floor":44.0,"turns":5.0},{"damage":31,"enemies":"Nemesis","floor":45,"turns":5},{"damage":0,"enemies":"Spire Growth","floor":46,"turns":3},{"damage":0,"enemies":"Giant Head","floor":48,"turns":5},{"damage":60,"enemies":"Donu and Deca","floor":50,"turns":9},{"damage":56,"enemies":"Shield and Spear","floor":54,"turns":5},{"damage":176,"enemies":"The Heart","floor":55,"turns":7}],"seed_played":"3165006471674879717","potions_obtained":[{"floor":6.0,"key":"FairyPotion"},{"floor":12.0,"key":"CultistPotion"},{"floor":14.0,"key":"GamblersBrew"},{"floor":16.0,"key":"ColorlessPotion"},{"floor":21.0,"key":"Weak Potion"},{"floor":30.0,"key":"PowerPotion"},{"floor":33.0,"key":"BottledMiracle"}],"is_trial":false,"path_per_floor":["M","?","?","?","M","E","R","E","T","R","E","M","$","M","R","B",null,"M","M","?","M","M","E","M","R","T","M","E","$","?","E","R","B",null,"M","?","M","?","M","E","R","M","T","M","E","M","T","E","R","B",null,"R","$","E","B",null],"character_chosen":"THE_GATHERER","items_purchased":["Gatherer:Snatch","PreservedInsect","Gatherer:Pollute","Lizard Tail","Gatherer:BlackTea","Gambling Chip"],"campfire_rested":0,"item_purchase_floors":[29,29,29,53,53,53],"current_hp_per_floor":[76,76,69,50,51,50,50,47,47,47,42,42,42,49,49,50,76,79,79,79,75,74,35,45,45,45,60,33,33,37,27,27,39,80,80,55,52,49,64,68,68,68,68,68,41,41,41,41,41,9,88,88,88,43,16],"gold":80,"neow_bonus":"RANDOM_COLORLESS_2","is_daily":false,"chose_seed":false,"campfire_upgraded":7,"win_rate":0.0,"timestamp":1614084502,"path_taken":["M","?","?","?","M","E","R","E","T","R","E","M","$","M","R","BOSS","M","M","?","M","M","E","M","R","T","M","E","$","?","E","R","BOSS","M","?","M","?","M","E","R","?","T","M","E","M","?","E","R","BOSS","R","$","E","BOSS"],"items_purchased_type":["Card","Relic","Card","Relic","Card","Relic"],"build_version":"2020-12-22","purchased_purges":0,"victory":true,"max_hp_per_floor":[76,76,76,76,76,76,76,76,76,76,76,76,76,76,76,76,76,80,80,80,80,80,80,80,80,80,80,80,80,80,80,80,80,80,80,80,80,80,80,84,84,84,84,84,88,88,88,88,88,88,88,88,88,88,88],"card_choices":[{"not_picked":["Transmutation","Metamorphosis"],"picked":"Apotheosis","floor":0.0},{"not_picked":["Gatherer:AromaProtection","Gatherer:EchoOfNature"],"picked":"Gatherer:FruitForce","floor":1.0},{"not_picked":["Gatherer:TacticalStrike","Gatherer:EchoOfNature"],"picked":"Gatherer:Uplift","floor":5.0},{"not_picked":["Gatherer:PotentialSlash","Gatherer:EchoOfNature"],"picked":"Gatherer:BalancedGrowth","floor":6.0},{"not_picked":["Gatherer:CollectorsShot","Gatherer:AromaProtection"],"picked":"Gatherer:MindSearch","floor":8.0},{"not_picked":["Gatherer:AromaProtection","Gatherer:FeelingFine"],"picked":"Gatherer:TacticalStrike","floor":11.0},{"not_picked":["Gatherer:Frenzy","Gatherer:FeelingFine"],"picked":"Gatherer:DrugPower","floor":12.0},{"not_picked":["Gatherer:Uplift","Gatherer:SaveValuables"],"picked":"Gatherer:QuickSynthesis","floor":14.0},{"not_picked":["Gatherer:ScrollOfPurity","Gatherer:BomberForm"],"picked":"Gatherer:FlamingBottle","floor":16.0},{"not_picked":["Gatherer:SealedBomb+1","Gatherer:GlowingPlant+1"],"picked":"Gatherer:FruitForce","floor":18.0},{"not_picked":["Gatherer:DrugPower+1","Gatherer:AcidicSpray","Gatherer:BambuSword"],"picked":"SKIP","floor":19.0},{"not_picked":["Gatherer:BigPouch+1","Gatherer:CarefulStrike"],"picked":"Gatherer:FlowerPower","floor":21.0},{"not_picked":["Gatherer:TreeGrowth","Gatherer:OddSpoils"],"picked":"Gatherer:Duplicator","floor":22.0},{"not_picked":["Gatherer:DrugPower","Gatherer:CarefulStrike"],"picked":"Gatherer:PotentialSlash+1","floor":23.0},{"not_picked":["Gatherer:EchoOfNature","Gatherer:Polymorphism"],"picked":"Gatherer:QuickSynthesis","floor":24.0},{"not_picked":["Gatherer:AromaProtection","Gatherer:QuickSynthesis+1"],"picked":"Gatherer:AlchemyTrial","floor":27.0},{"not_picked":["Gatherer:VenomBarrier","Gatherer:Frenzy+1","Gatherer:AcidicSpray+1"],"picked":"SKIP","floor":28.0},{"not_picked":["Gatherer:TacticalStrike","Gatherer:CollectorsShot+1"],"picked":"Gatherer:GrowBook","floor":30.0},{"not_picked":["Gatherer:ScherryThrow","Gatherer:GatherMaterial","Gatherer:BigPouch"],"picked":"SKIP","floor":31.0},{"not_picked":["Gatherer:FlamingBottle","Gatherer:Overflowing"],"picked":"Gatherer:StoneFence","floor":33.0},{"not_picked":["Gatherer:VenomBarrier+1","Gatherer:FragileHammer","Gatherer:CarefulStrike"],"picked":"SKIP","floor":35.0},{"not_picked":["Gatherer:Frenzy+1","Gatherer:FlowerPower"],"picked":"Gatherer:Solidify","floor":36.0},{"not_picked":["Gatherer:FragileHammer+1","Gatherer:SealedBomb+1"],"picked":"Gatherer:Duplicator","floor":37.0},{"not_picked":["Gatherer:Pollute","Gatherer:AromaProtection+1","Gatherer:BambuSword"],"picked":"SKIP","floor":39.0},{"not_picked":["Gatherer:GatherMaterial","Gatherer:CarefulStrike+1"],"picked":"Gatherer:FruitForce+1","floor":40.0},{"not_picked":["Gatherer:Enchant+1","Gatherer:GatherMaterial+1"],"picked":"Gatherer:TacticalStrike+1","floor":42.0},{"not_picked":["Gatherer:SaveValuables+1","Gatherer:Convert+1","Gatherer:FlowerFalling"],"picked":"SKIP","floor":42.0},{"not_picked":["Gatherer:AcidicSpray","Gatherer:GlowingPlant"],"picked":"Gatherer:AlchemyTrial+1","floor":44.0},{"not_picked":["Gatherer:AromaProtection","Gatherer:Convert","Gatherer:Frenzy+1"],"picked":"SKIP","floor":44.0},{"not_picked":["Gatherer:TacticalStrike+1","Gatherer:StoneFence"],"picked":"Gatherer:FruitForce+1","floor":45},{"not_picked":["Gatherer:VenomBarrier","Gatherer:FlowerPower"],"picked":"Gatherer:QuickSynthesis+1","floor":46},{"not_picked":["Gatherer:BambuSword+1","Gatherer:FeelingFine"],"picked":"Gatherer:DrugPower+1","floor":46},{"not_picked":["Gatherer:FeelingFine","Gatherer:FlowerFalling"],"picked":"Gatherer:MiningStrike+1","floor":48},{"not_picked":["Gatherer:ColorfulGarden","Gatherer:ScherryThrow"],"picked":"Gatherer:QuickSynthesis+1","floor":54}],"player_experience":264354,"relics_obtained":[{"floor":6.0,"key":"Kunai"},{"floor":8.0,"key":"War Paint"},{"floor":9.0,"key":"FossilizedHelix"},{"floor":11.0,"key":"Incense Burner"},{"floor":23.0,"key":"Bag of Preparation"},{"floor":26.0,"key":"Nunchaku"},{"floor":28.0,"key":"Regal Pillow"},{"floor":30.0,"key":"Red Mask"},{"floor":31.0,"key":"HornCleat"},{"floor":36.0,"key":"Torii"},{"floor":40.0,"key":"Prayer Wheel"},{"floor":45,"key":"Pocketwatch"},{"floor":47,"key":"Whetstone"},{"floor":48,"key":"Potion Belt"},{"floor":54,"key":"Gatherer:MistGenerator"}],"event_choices":[{"damage_healed":0.0,"max_hp_gain":0.0,"max_hp_loss":0.0,"gold_gain":0.0,"event_name":"Living Wall","player_choice":"Grow","floor":2.0,"gold_loss":0.0,"damage_taken":0.0,"cards_upgraded":["Apotheosis"]},{"damage_healed":0.0,"max_hp_gain":0.0,"max_hp_loss":0.0,"gold_gain":0.0,"event_name":"Scrap Ooze","player_choice":"Success","floor":3.0,"gold_loss":0.0,"damage_taken":7.0,"relics_obtained":["Ginger"]},{"damage_healed":0.0,"max_hp_gain":0.0,"max_hp_loss":0.0,"gold_gain":0.0,"event_name":"Golden Idol","player_choice":"Take Damage","floor":4.0,"gold_loss":0.0,"damage_taken":19.0,"relics_obtained":["Golden Idol"]},{"cards_removed":["Gatherer:FruitForce"],"damage_healed":0.0,"max_hp_gain":0.0,"max_hp_loss":0.0,"gold_gain":0.0,"event_name":"Beggar","player_choice":"Gave Gold","floor":20.0,"gold_loss":75.0,"damage_taken":0.0},{"damage_healed":0.0,"max_hp_gain":0.0,"max_hp_loss":0.0,"gold_gain":0.0,"event_name":"Masked Bandits","player_choice":"Fought Bandits","floor":30.0,"gold_loss":0.0,"damage_taken":0.0},{"damage_healed":0.0,"max_hp_gain":0.0,"max_hp_loss":0.0,"gold_gain":0.0,"event_name":"Mysterious Sphere","player_choice":"Fight","floor":36.0,"gold_loss":0.0,"damage_taken":0.0},{"damage_healed":0.0,"max_hp_gain":0.0,"max_hp_loss":0.0,"gold_gain":0.0,"event_name":"Designer","player_choice":"Punched","floor":38.0,"gold_loss":0.0,"damage_taken":3.0}],"is_beta":false,"boss_relics":[{"not_picked":["Runic Dome","energizedSpire:StickyHand"],"picked":"Coffee Dripper"},{"not_picked":["Tiny House","SlaversCollar"],"picked":"SacredBark"}],"items_purged_floors":[],"is_endless":false,"potions_floor_spawned":[6,12,14,16,21,23,27,30,33,37,40,46],"ascension_level":1}}