{"host":"ekyl8r8j8fco3zlk","time":1614090509,"event":{"mods":["Act Like it!","Arknights","BaseMod","CapriCore","Dota2Spire","Friendly Minions","Gensokyo","GifTheSpireLib","Library of Ruina","Marisa（霧雨　魔理沙）","Minty Spire (QoL Compilation)","READ ME - Guardian Mod","Reimu（博???）","StSLib","The Alterego","The Animator","The Immortal","TheWitcher","Waifu the Spire","WarShipGirlsR/??少女R mod","Yakumo Yukari mod","【?物卡牌】REMEMod"],"gold_per_floor":[121,36,36,49,65,76,134,134,134,145,145,170,170,200,200,317,317,317],"floor_reached":17,"language":"ZHS","playtime":928,"items_purged":[],"score":167,"play_id":"b17385cc-13b6-4524-b42e-1869ee397f74","local_time":"20210223222829","is_ascension_mode":false,"campfire_choices":[{"data":"animator:Vanir","floor":8.0,"key":"SMITH"},{"floor":11.0,"key":"REST"},{"data":"animator:Aqua","floor":13.0,"key":"SMITH"},{"data":"animator:TukaLunaMarceau","floor":15.0,"key":"SMITH"}],"circlet_count":0,"master_deck":["animator:Strike_Konosuba","animator:Defend_Konosuba","animator:Kazuma","animator:Aqua+1","animator:Tet","SteelKnuckles","animator:Vanir+1","animator:Strike_Elsword","animator:Strike_GATE","animator:Strike_Konosuba","animator:Defend_Konosuba","animator:Defend_TenSura","animator:Defend_HitsugiNoChaika","animator:KyokoSakura","animator:Megumin+5","animator:TukaLunaMarceau+1","animator:SayakaMiki","animator:Mitsurugi","animator:SwordMaiden"],"relics":["animator:LivingPicture","animator:TheMissingPiece","REME_ComplimentaryCards","animator:PurgingStone","Dota2Spire:PhaseBoots","PageOfAlriune","Dota2Spire:ShadowBlade","Mark of Pain"],"acts_visited":["Exordium","TheCity"],"potions_floor_usage":[],"damage_taken":[{"damage":2.0,"enemies":"ats:Genji","floor":1.0,"turns":3.0},{"damage":4.0,"enemies":"Jaw Worm","floor":4.0,"turns":5.0},{"damage":0.0,"enemies":"Cultist","floor":5.0,"turns":4.0},{"damage":10.0,"enemies":"Looter","floor":6.0,"turns":3.0},{"damage":46.0,"enemies":"Lagavulin","floor":7.0,"turns":6.0},{"damage":9.0,"enemies":"Large Slime","floor":10.0,"turns":4.0},{"damage":23.0,"enemies":"Gremlin Nob","floor":12.0,"turns":4.0},{"damage":0.0,"enemies":"Exordium Wildlife","floor":14.0,"turns":3.0},{"damage":9,"enemies":"Slime Boss","floor":16,"turns":7}],"seed_played":"-4759998910348687999","potions_obtained":[{"floor":5.0,"key":"REME_GoldPotion"},{"floor":12.0,"key":"AttackPotion"},{"floor":16,"key":"EssenceOfSteel"}],"is_trial":false,"path_per_floor":["M","?","?","M","M","M","E","R","T","M","R","E","R","M","R","B",null],"character_chosen":"THE_ANIMATOR","items_purchased":[],"campfire_rested":1,"item_purchase_floors":[],"current_hp_per_floor":[64,64,64,62,64,57,13,13,13,9,29,11,11,14,14,11,67,67],"gold":317,"neow_bonus":"THREE_CARDS","is_daily":false,"chose_seed":false,"campfire_upgraded":3,"win_rate":0.0,"timestamp":1614090509,"path_taken":["M","?","?","M","?","M","E","R","T","M","R","E","R","M","R","BOSS"],"items_purchased_type":[],"build_version":"2020-12-22","purchased_purges":0,"victory":false,"max_hp_per_floor":[66,66,66,66,66,67,67,67,67,67,67,67,67,67,67,67,67,67],"card_choices":[{"not_picked":["animator:Mitsuba","animator:MumenRider"],"picked":"animator:Tet","floor":0.0},{"not_picked":["animator:Shuna","animator:RinTohsaka"],"picked":"animator:Vanir","floor":1.0},{"not_picked":["animator:Hitei","animator:Spearman"],"picked":"animator:KyokoSakura","floor":4.0},{"not_picked":["animator:Shuna","animator:Gillette","animator:Mitsuba"],"picked":"SKIP","floor":5.0},{"not_picked":["animator:YunYun","animator:Vanir"],"picked":"animator:Megumin","floor":6.0},{"not_picked":["animator:Shizu","animator:Vesta","animator:Evileye"],"picked":"SKIP","floor":7.0},{"not_picked":["animator:Azekura","animator:Spearman"],"picked":"animator:TukaLunaMarceau","floor":10.0},{"not_picked":["animator:SakuraMatou","animator:Aisha"],"picked":"animator:SayakaMiki","floor":12.0},{"not_picked":["animator:Aqua","animator:Vanir"],"picked":"animator:Mitsurugi","floor":14.0},{"not_picked":["animator:Guren","animator:Shizu"],"picked":"animator:SwordMaiden","floor":16}],"player_experience":705370,"relics_obtained":[{"floor":7.0,"key":"Dota2Spire:PhaseBoots"},{"floor":9.0,"key":"PageOfAlriune"},{"floor":12.0,"key":"Dota2Spire:ShadowBlade"}],"event_choices":[{"damage_healed":0.0,"max_hp_gain":0.0,"max_hp_loss":0.0,"gold_gain":0.0,"event_name":"Transmorgrifier","player_choice":"Ignored","floor":3.0,"gold_loss":0.0,"damage_taken":0.0}],"is_beta":false,"boss_relics":[{"not_picked":["Busted Crown","RedLine:ReiMu"],"picked":"Mark of Pain"}],"items_purged_floors":[],"is_endless":false,"potions_floor_spawned":[5,12,16],"ascension_level":0}}