{"host":"yy1cu9q9bsxhflzi","time":1614093447,"event":{"mods":["BaseMod","DeckTracker","Minty Spire (QoL Compilation)","Quick Restart","StSLib","SuperFastMode","everything is the same but u backflip on backflip"],"gold_per_floor":[119,119,129,139,139,169,169,201,250,250,268,289,319,349,349,423,423,439,454,471,15,40,68,93,123,175,145,145,180,180,207,207,294,294,313,323,376,385,404,433,433,171,221,248,268,295,14,30,30,30,30,30,30,30,60,60],"floor_reached":57,"language":"KOR","playtime":2024,"items_purged":["Coolheaded"],"score":3644,"play_id":"af9eb154-a00f-4095-8570-9cbdc09adf08","local_time":"20210224001727","is_ascension_mode":true,"campfire_choices":[{"data":"Juggernaut","floor":7.0,"key":"SMITH"},{"data":"Dualcast","floor":10.0,"key":"SMITH"},{"data":"Loop","floor":15.0,"key":"SMITH"},{"data":"Defragment","floor":30.0,"key":"SMITH"},{"data":"Heatsinks","floor":32.0,"key":"SMITH"},{"data":"Enlightenment","floor":41.0,"key":"SMITH"},{"floor":49.0,"key":"RECALL"},{"data":"Fission","floor":53.0,"key":"SMITH"}],"circlet_count":0,"master_deck":["AscendersBane","Dualcast+1","Juggernaut+1","Coolheaded+1","Coolheaded+1","Glacier","Glacier","Glacier","Glacier","Loop+1","Reinforced Body","Hologram","Turbo","Reboot","Heatsinks+1","Defragment+1","Chill","Coolheaded+1","Fission+1","Loop+1","Enlightenment+1","Self Repair","Genetic Algorithm"],"relics":["FrozenCore","Cables","Art of War","CeramicFish","Anchor","Odd Mushroom","Philosopher\u0027s Stone","Omamori","Matryoshka","Smiling Mask","Orichalcum","Strawberry","PreservedInsect","Akabeko","SlaversCollar","Unceasing Top","Blood Vial","Sundial","Happy Flower","War Paint","Calipers","Orrery","White Beast Statue"],"acts_visited":["Exordium","TheCity","TheBeyond","TheEnding"],"potions_floor_usage":[56,56],"damage_taken":[{"damage":0.0,"enemies":"Small Slimes","floor":1.0,"turns":3.0},{"damage":8.0,"enemies":"2 Louse","floor":3.0,"turns":4.0},{"damage":10.0,"enemies":"Jaw Worm","floor":4.0,"turns":3.0},{"damage":0.0,"enemies":"Lagavulin","floor":6.0,"turns":5.0},{"damage":0.0,"enemies":"Gremlin Nob","floor":8.0,"turns":3.0},{"damage":0.0,"enemies":"Exordium Thugs","floor":11.0,"turns":3.0},{"damage":0.0,"enemies":"Exordium Wildlife","floor":12.0,"turns":3.0},{"damage":0.0,"enemies":"Lagavulin","floor":13.0,"turns":3.0},{"damage":0.0,"enemies":"The Mushroom Lair","floor":14.0,"turns":4.0},{"damage":0.0,"enemies":"Slime Boss","floor":16.0,"turns":3.0},{"damage":0.0,"enemies":"3 Byrds","floor":18.0,"turns":2.0},{"damage":8.0,"enemies":"2 Thieves","floor":19.0,"turns":3.0},{"damage":2.0,"enemies":"Snake Plant","floor":20.0,"turns":3.0},{"damage":0.0,"enemies":"Chosen and Byrds","floor":22.0,"turns":3.0},{"damage":11.0,"enemies":"Gremlin Leader","floor":23.0,"turns":4.0},{"damage":4.0,"enemies":"Shelled Parasite and Fungi","floor":24.0,"turns":3.0},{"damage":0.0,"enemies":"Slavers","floor":25.0,"turns":6.0},{"damage":0.0,"enemies":"Book of Stabbing","floor":29.0,"turns":3.0},{"damage":0.0,"enemies":"Centurion and Healer","floor":31.0,"turns":4.0},{"damage":0.0,"enemies":"Collector","floor":33.0,"turns":6.0},{"damage":0.0,"enemies":"3 Darklings","floor":35.0,"turns":4.0},{"damage":0.0,"enemies":"3 Shapes","floor":36.0,"turns":3.0},{"damage":14.0,"enemies":"2 Orb Walkers","floor":37.0,"turns":5.0},{"damage":0.0,"enemies":"3 Darklings","floor":39.0,"turns":6.0},{"damage":0.0,"enemies":"Nemesis","floor":40.0,"turns":3.0},{"damage":0.0,"enemies":"Giant Head","floor":44.0,"turns":5.0},{"damage":22.0,"enemies":"Jaw Worm Horde","floor":45.0,"turns":4.0},{"damage":0.0,"enemies":"Nemesis","floor":46.0,"turns":5.0},{"damage":0.0,"enemies":"Maw","floor":48.0,"turns":6.0},{"damage":0.0,"enemies":"Awakened One","floor":50.0,"turns":9.0},{"damage":0.0,"enemies":"Donu and Deca","floor":51.0,"turns":6.0},{"damage":18.0,"enemies":"Shield and Spear","floor":55.0,"turns":5.0},{"damage":0,"enemies":"The Heart","floor":56,"turns":9}],"seed_played":"6382306587327264685","potions_obtained":[{"floor":1.0,"key":"FocusPotion"},{"floor":4.0,"key":"DistilledChaos"},{"floor":55.0,"key":"FocusPotion"}],"is_trial":true,"path_per_floor":["M","?","M","M","?","E","R","E","T","R","M","M","E","?","R","B",null,"M","M","M","$","M","E","M","E","T","$","?","E","R","M","R","B",null,"M","M","?","?","M","E","R","$","T","E","M","E","$","M","R","B","B",null,"R","$","E","B",null],"character_chosen":"DEFECT","items_purchased":["Omamori","Matryoshka","Chill","Sundial","Self Repair","Orrery"],"campfire_rested":0,"item_purchase_floors":[21,21,27,42,47,47],"current_hp_per_floor":[64,57,49,39,62,62,62,62,62,62,62,62,62,62,62,62,69,69,61,59,59,59,48,44,44,51,51,51,51,51,51,51,51,71,71,71,57,47,47,47,47,47,47,49,29,31,31,40,40,49,58,73,73,73,64,73],"gold":60,"neow_bonus":"","is_daily":false,"chose_seed":false,"campfire_upgraded":7,"win_rate":0.0,"timestamp":1614093447,"path_taken":["M","?","M","M","?","E","R","E","T","R","M","M","E","?","R","BOSS","M","M","M","$","M","E","M","E","T","$","?","E","R","M","R","BOSS","M","M","?","?","M","E","R","$","T","E","M","E","$","M","R","BOSS","BOSS","R","$","E","BOSS"],"items_purchased_type":["Relic","Relic","Card","Relic","Card","Relic"],"build_version":"2020-12-22","purchased_purges":1,"victory":true,"max_hp_per_floor":[71,71,71,71,71,71,71,71,71,71,71,71,71,71,71,71,71,71,71,71,71,71,71,71,71,78,78,78,78,78,78,78,78,78,78,78,78,78,78,78,78,78,78,78,78,78,78,78,78,78,78,78,78,78,78,78],"card_choices":[{"not_picked":["Compile Driver","Streamline","Reprogram"],"picked":"SKIP","floor":1.0},{"not_picked":["Conserve Battery","Leap"],"picked":"Loop","floor":3.0},{"not_picked":["Steam","Loop"],"picked":"Reinforced Body","floor":4.0},{"not_picked":["Streamline","Chaos","Redo"],"picked":"SKIP","floor":6.0},{"not_picked":["Streamline","Darkness"],"picked":"Hologram","floor":8.0},{"not_picked":["Redo","Blizzard","Beam Cell"],"picked":"SKIP","floor":11.0},{"not_picked":["Sunder","Steam Power"],"picked":"Turbo","floor":12.0},{"not_picked":["Hello World","Leap","Beam Cell"],"picked":"SKIP","floor":13.0},{"not_picked":["Undo","Beam Cell"],"picked":"Reboot","floor":14.0},{"not_picked":["Tempest","Force Field","Redo"],"picked":"SKIP","floor":18.0},{"not_picked":["Streamline","Leap+1","Steam+1"],"picked":"SKIP","floor":19.0},{"not_picked":["Doom and Gloom","Auto Shields","Ball Lightning+1"],"picked":"SKIP","floor":20.0},{"not_picked":["Streamline","Thunder Strike"],"picked":"Heatsinks","floor":22.0},{"not_picked":["Steam Power","Chaos","Rebound"],"picked":"SKIP","floor":23.0},{"not_picked":["Barrage","Coolheaded"],"picked":"Defragment","floor":24.0},{"not_picked":["Double Energy","Go for the Eyes","Beam Cell"],"picked":"SKIP","floor":25.0},{"not_picked":["Beam Cell","Reprogram+1","Ball Lightning+1"],"picked":"SKIP","floor":29.0},{"not_picked":["Lockon","Cold Snap"],"picked":"Coolheaded+1","floor":31.0},{"not_picked":["Electrodynamics","Hyperbeam"],"picked":"Fission","floor":33.0},{"not_picked":["Consume+1","Redo+1"],"picked":"Loop+1","floor":35.0},{"not_picked":["Rebound+1","Chaos+1","Stack"],"picked":"SKIP","floor":36.0},{"not_picked":["Magnetism","Madness"],"picked":"Enlightenment","floor":38.0},{"not_picked":["Sweeping Beam","Aggregate","Glacier"],"picked":"SKIP","floor":39.0},{"not_picked":["Hologram","Glacier","Static Discharge"],"picked":"SKIP","floor":40.0},{"not_picked":["Recycle","Aggregate","Double Energy+1"],"picked":"SKIP","floor":44.0},{"not_picked":["Go for the Eyes+1","Streamline","Ball Lightning"],"picked":"SKIP","floor":45.0},{"not_picked":["Blizzard","Ball Lightning+1","Gash"],"picked":"SKIP","floor":46.0},{"not_picked":["Hologram","Cold Snap"],"picked":"Genetic Algorithm","floor":47.0},{"not_picked":["Conserve Battery","Gash","Skim"],"picked":"SKIP","floor":48.0},{"not_picked":["Beam Cell","Stack","Barrage"],"picked":"SKIP","floor":55.0}],"player_experience":3941051,"relics_obtained":[{"floor":6.0,"key":"Cables"},{"floor":8.0,"key":"Art of War"},{"floor":9.0,"key":"CeramicFish"},{"floor":13.0,"key":"Anchor"},{"floor":14.0,"key":"Odd Mushroom"},{"floor":23.0,"key":"Smiling Mask"},{"floor":25.0,"key":"Orichalcum"},{"floor":26.0,"key":"Strawberry"},{"floor":26.0,"key":"PreservedInsect"},{"floor":29.0,"key":"Akabeko"},{"floor":37.0,"key":"Unceasing Top"},{"floor":40.0,"key":"Blood Vial"},{"floor":43.0,"key":"Happy Flower"},{"floor":44.0,"key":"War Paint"},{"floor":46.0,"key":"Calipers"},{"floor":55.0,"key":"White Beast Statue"}],"event_choices":[{"cards_removed":["Coolheaded"],"damage_healed":0.0,"max_hp_gain":0.0,"max_hp_loss":0.0,"gold_gain":0.0,"event_name":"Golden Wing","player_choice":"Card Removal","floor":2.0,"gold_loss":0.0,"damage_taken":7.0},{"damage_healed":23.0,"max_hp_gain":0.0,"max_hp_loss":0.0,"gold_gain":0.0,"event_name":"Big Fish","player_choice":"Banana","floor":5.0,"gold_loss":0.0,"damage_taken":0.0},{"damage_healed":0.0,"max_hp_gain":0.0,"max_hp_loss":0.0,"gold_gain":0.0,"event_name":"Mushrooms","player_choice":"Fought Mushrooms","floor":14.0,"gold_loss":0.0,"damage_taken":0.0},{"damage_healed":0.0,"max_hp_gain":0.0,"max_hp_loss":0.0,"gold_gain":0.0,"event_name":"Beggar","player_choice":"Ignored","floor":28.0,"gold_loss":0.0,"damage_taken":0.0},{"damage_healed":0.0,"max_hp_gain":0.0,"max_hp_loss":0.0,"gold_gain":0.0,"event_name":"Mysterious Sphere","player_choice":"Fight","floor":37.0,"gold_loss":0.0,"damage_taken":0.0},{"damage_healed":0.0,"max_hp_gain":0.0,"max_hp_loss":0.0,"gold_gain":0.0,"event_name":"SensoryStone","player_choice":"Memory 3","floor":38.0,"gold_loss":0.0,"damage_taken":10.0}],"is_beta":false,"boss_relics":[{"not_picked":["Runic Pyramid","Astrolabe"],"picked":"Philosopher\u0027s Stone"},{"not_picked":["Cursed Key","Velvet Choker"],"picked":"SlaversCollar"}],"items_purged_floors":[47],"is_endless":false,"potions_floor_spawned":[1,4,12,13,14,19,22,23,29,31,33,36,37,45,48,55],"ascension_level":20}}