{"host":"f0gpob8hq9vgebej","time":1614064817,"event":{"mods":["AchievementEnabler","BaseMod","Minty Spire (QoL Compilation)","Quick Restart","SuperFastMode"],"gold_per_floor":[119,137,156,176,190,190,208,227,227,54,66,79,79,79,79,79,79],"floor_reached":16,"language":"KOR","playtime":403,"items_purged":["Strike_G"],"score":181,"play_id":"2566b352-252a-4796-809c-e9170977dc01","local_time":"20210223162017","is_ascension_mode":true,"campfire_choices":[{"data":"Footwork","floor":6,"key":"SMITH"},{"floor":15,"key":"REST"}],"circlet_count":0,"master_deck":["AscendersBane","Strike_G","Strike_G","Strike_G","Strike_G","Defend_G","Defend_G","Defend_G","Defend_G","Defend_G","Survivor","Neutralize","Riddle With Holes","Deadly Poison","PiercingWail","Footwork+1","PiercingWail","Tactician+1","Masterful Stab","Bandage Up","Acrobatics","Backflip"],"relics":["Ring of the Snake","Blood Vial","InkBottle"],"acts_visited":["Exordium"],"potions_floor_usage":[4,5,11],"damage_taken":[{"damage":2.0,"enemies":"2 Louse","floor":1.0,"turns":4.0},{"damage":6.0,"enemies":"Jaw Worm","floor":2.0,"turns":7.0},{"damage":0.0,"enemies":"Cultist","floor":3.0,"turns":4.0},{"damage":3,"enemies":"Looter","floor":4,"turns":3},{"damage":33,"enemies":"Exordium Thugs","floor":5,"turns":7},{"damage":5,"enemies":"Blue Slaver","floor":7,"turns":5},{"damage":1,"enemies":"3 Louse","floor":8,"turns":4},{"damage":10,"enemies":"Gremlin Gang","floor":11,"turns":5},{"damage":20,"enemies":"Large Slime","floor":12,"turns":7},{"damage":0,"enemies":"Slime Boss","floor":16,"turns":1}],"seed_played":"-7958855147189225672","potions_obtained":[{"floor":1.0,"key":"Weak Potion"},{"floor":2.0,"key":"ColorlessPotion"},{"floor":5,"key":"Poison Potion"},{"floor":8,"key":"FearPotion"},{"floor":12,"key":"SkillPotion"}],"is_trial":false,"path_per_floor":["M","M","M","M","M","R","M","M","T","$","M","M","?","?","R","B"],"character_chosen":"THE_SILENT","items_purchased":["Bandage Up"],"campfire_rested":1,"item_purchase_floors":[10],"current_hp_per_floor":[59,55,57,56,25,25,22,23,23,23,19,5,5,5,24,26,26],"gold":79,"neow_bonus":"RANDOM_COMMON_RELIC","is_daily":false,"chose_seed":false,"campfire_upgraded":1,"win_rate":0.0,"timestamp":1614064817,"path_taken":["M","M","M","M","M","R","M","M","T","$","M","M","?","?","R","BOSS"],"items_purchased_type":["Card"],"build_version":"2020-12-22","purchased_purges":1,"victory":false,"max_hp_per_floor":[66,66,66,66,66,66,66,66,66,66,66,66,66,66,66,66,66],"card_choices":[{"not_picked":["Distraction","Setup"],"picked":"Riddle With Holes","floor":1.0},{"not_picked":["PiercingWail","Outmaneuver"],"picked":"Deadly Poison","floor":2.0},{"not_picked":["Cloak And Dagger","Quick Slash"],"picked":"PiercingWail","floor":3.0},{"not_picked":["Heel Hook","Acrobatics"],"picked":"Footwork","floor":4},{"not_picked":["Acrobatics","Quick Slash"],"picked":"PiercingWail","floor":5},{"not_picked":["Dagger Throw","Cloak And Dagger"],"picked":"Tactician","floor":7},{"not_picked":["Backflip","Leg Sweep"],"picked":"Masterful Stab","floor":8},{"not_picked":["Heel Hook","Underhanded Strike"],"picked":"Acrobatics","floor":11},{"not_picked":["PiercingWail","Bane"],"picked":"Backflip","floor":12}],"player_experience":395283,"relics_obtained":[{"floor":9,"key":"InkBottle"}],"event_choices":[{"damage_healed":0,"gold_gain":0,"player_choice":"Fled","damage_taken":0,"max_hp_gain":0,"max_hp_loss":0,"event_name":"Scrap Ooze","floor":13,"gold_loss":0},{"damage_healed":0,"gold_gain":0,"player_choice":"Upgraded","damage_taken":0,"max_hp_gain":0,"max_hp_loss":0,"event_name":"Upgrade Shrine","floor":14,"gold_loss":0,"cards_upgraded":["Tactician"]}],"is_beta":false,"boss_relics":[],"items_purged_floors":[10],"is_endless":false,"potions_floor_spawned":[1,2,5,8,12],"killed_by":"Slime Boss","ascension_level":17}}