{"host":"1p8eqzpvl5sxeu5t","time":1614043290,"event":{"mods":["Act Like it!","BaseMod","Block Reminder","Colored Map","Colored Powertips","Curses Come First","Dark Map","Highlight Path","Minty Spire (QoL Compilation)","Relic Stats","Ruina","StSLib","everything is the same but u backflip on backflip","slay the spire mod where everything is the same but ironclad has a cowboy hat"],"gold_per_floor":[111,61,37,37,52,84,84,84,108,133,144,98,125,125,125,226,226,244,256,256,256,25,25,60,71,151,163,163,180,180,211,211,211,211],"floor_reached":33,"language":"ENG","playtime":1224,"items_purged":[],"score":340,"play_id":"7476a96e-f099-46f3-9dae-2d7d0bf3c9cf","local_time":"20210223092130","is_ascension_mode":true,"campfire_choices":[{"data":"Neutralize","floor":7.0,"key":"SMITH"},{"data":"Venomology","floor":15.0,"key":"SMITH"},{"data":"ruina:Thirst","floor":23.0,"key":"SMITH"},{"data":"Wraith Form v2","floor":28.0,"key":"SMITH"},{"floor":32.0,"key":"REST"}],"circlet_count":0,"master_deck":["Strike_G","Strike_G","Defend_G","Defend_G","Defend_G","Defend_G","Defend_G","Survivor","Neutralize+1","Backstab","Poisoned Stab","Infinite Blades","Venomology+1","Accuracy+1","Dagger Spray","Blade Dance","Glass Knife","Leg Sweep","ruina:Thirst+1","Accuracy","Blade Dance+1","Wraith Form v2+1","Pain","After Image"],"relics":["Ring of the Snake","NeowsBlessing","Ice Cream","Akabeko","MealTicket","Blood Vial","The Specimen","Black Star","Bag of Preparation","Oddly Smooth Stone","Sundial","HornCleat","StoneCalendar","Smiling Mask","Gremlin Horn"],"acts_visited":["Exordium","ruina:Briah"],"potions_floor_usage":[33,33,33,33,33],"damage_taken":[{"damage":0.0,"enemies":"Cultist","floor":1.0,"turns":1.0},{"damage":0.0,"enemies":"Jaw Worm","floor":5.0,"turns":1.0},{"damage":0.0,"enemies":"Lagavulin","floor":6.0,"turns":1.0},{"damage":1.0,"enemies":"3 Sentries","floor":10.0,"turns":6.0},{"damage":0.0,"enemies":"2 Louse","floor":11.0,"turns":3.0},{"damage":4.0,"enemies":"Gremlin Nob","floor":13.0,"turns":3.0},{"damage":31.0,"enemies":"Hexaghost","floor":16.0,"turns":6.0},{"damage":8.0,"enemies":"ruina:2_Scarecrows","floor":18.0,"turns":4.0},{"damage":5.0,"enemies":"ruina:3_Bats","floor":19.0,"turns":3.0},{"damage":18.0,"enemies":"ruina:Mountain","floor":24.0,"turns":5.0},{"damage":6.0,"enemies":"ruina:Woodsman","floor":25.0,"turns":2.0},{"damage":7.0,"enemies":"ruina:KingOfGreed","floor":27.0,"turns":3.0},{"damage":6.0,"enemies":"ruina:QueenOfHate","floor":29.0,"turns":2.0},{"damage":37.0,"enemies":"ruina:RoadHome","floor":31.0,"turns":4.0},{"damage":24,"enemies":"ruina:Red_and_Wolf","floor":33,"turns":8}],"seed_played":"7777639667172384266","potions_obtained":[{"floor":5.0,"key":"Dexterity Potion"},{"floor":6.0,"key":"CunningPotion"},{"floor":29.0,"key":"LiquidMemories"}],"is_trial":false,"path_per_floor":["M","?","$","?","M","E","R","?","T","E","M","$","E","?","R","B",null,"M","M","?","?","$","R","E","M","T","M","R","M","?","E","R","B"],"character_chosen":"THE_SILENT","items_purchased":["Poisoned Stab","Blade Dance","Bag of Preparation","Accuracy"],"campfire_rested":1,"item_purchase_floors":[3,12,22,22],"current_hp_per_floor":[70,70,70,63,63,63,63,63,63,62,64,70,66,66,66,37,70,62,59,59,59,70,70,52,48,48,43,43,39,39,4,25,3,3],"gold":211,"neow_bonus":"THREE_ENEMY_KILL","is_daily":false,"chose_seed":false,"campfire_upgraded":4,"win_rate":0.0,"timestamp":1614043290,"path_taken":["M","?","$","?","M","E","R","?","T","E","M","?","E","?","R","BOSS","M","M","?","?","$","R","E","?","T","M","R","M","?","E","R","BOSS"],"items_purchased_type":["Card","Card","Relic","Card"],"build_version":"2020-12-22","purchased_purges":0,"victory":false,"max_hp_per_floor":[70,70,70,70,70,70,70,70,70,70,70,70,70,70,70,70,70,70,70,70,70,70,70,70,70,70,70,70,70,70,70,70,70,70],"relic_stats":{"Blood Vial":16,"Gremlin Horn":[1,1],"counters":[15,51],"Sundial":[2],"MealTicket":17,"StoneCalendar":[49],"Black Star":2,"Bag of Preparation":[12],"Smiling Mask":0,"obtain_stats":[{"Ice Cream":6,"NeowsBlessing":0,"The Specimen":13,"Gremlin Horn":31,"Oddly Smooth Stone":24,"StoneCalendar":30,"Bag of Preparation":22,"Smiling Mask":31,"Akabeko":8,"Blood Vial":10,"Frozen Eye":18,"HornCleat":26,"Sundial":24,"MealTicket":9,"Black Star":17,"Ring of the Snake":0},{"Ice Cream":3,"NeowsBlessing":0,"The Specimen":6,"Gremlin Horn":14,"Oddly Smooth Stone":10,"StoneCalendar":13,"Bag of Preparation":9,"Smiling Mask":14,"Akabeko":3,"Blood Vial":4,"Frozen Eye":7,"HornCleat":11,"Sundial":10,"MealTicket":3,"Black Star":7,"Ring of the Snake":0},{"Ice Cream":3,"NeowsBlessing":0,"The Specimen":15,"Gremlin Horn":44,"Oddly Smooth Stone":33,"StoneCalendar":40,"Bag of Preparation":28,"Smiling Mask":44,"Akabeko":3,"Blood Vial":9,"Frozen Eye":21,"HornCleat":35,"Sundial":33,"MealTicket":3,"Black Star":21,"Ring of the Snake":0}],"Ring of the Snake":[30]},"card_choices":[{"not_picked":["Acrobatics","Dagger Throw"],"picked":"Backstab","floor":1.0},{"not_picked":["Slice","Skewer","Infinite Blades"],"picked":"SKIP","floor":5.0},{"not_picked":["Slice","Skewer"],"picked":"Infinite Blades","floor":5.0},{"not_picked":["Underhanded Strike","Choke"],"picked":"Venomology","floor":6.0},{"not_picked":["Acrobatics","Skewer"],"picked":"Accuracy","floor":10.0},{"not_picked":["Backflip","Quick Slash"],"picked":"Dagger Spray","floor":11.0},{"not_picked":["Masterful Stab","Reflex","Eviscerate"],"picked":"SKIP","floor":13.0},{"not_picked":["Unload","Venomology"],"picked":"Glass Knife","floor":16.0},{"not_picked":["Bane","Dash","Skewer"],"picked":"SKIP","floor":18.0},{"not_picked":["Slice","Outmaneuver"],"picked":"Leg Sweep","floor":19.0},{"not_picked":["Dodge and Roll+1","Setup"],"picked":"Blade Dance+1","floor":24.0},{"not_picked":["Bane","Quick Slash","Dagger Throw+1"],"picked":"SKIP","floor":25.0},{"not_picked":["Slice","Crippling Poison"],"picked":"Wraith Form v2","floor":27.0},{"not_picked":["Backflip+1","Dagger Throw","Tactician"],"picked":"SKIP","floor":29.0},{"not_picked":["Reflex","Slice"],"picked":"After Image","floor":31.0}],"player_experience":797019,"relics_obtained":[{"floor":6.0,"key":"Ice Cream"},{"floor":9.0,"key":"MealTicket"},{"floor":10.0,"key":"Blood Vial"},{"floor":13.0,"key":"The Specimen"},{"floor":24.0,"key":"Oddly Smooth Stone"},{"floor":24.0,"key":"Sundial"},{"floor":26.0,"key":"HornCleat"},{"floor":31.0,"key":"Smiling Mask"},{"floor":31.0,"key":"Gremlin Horn"}],"event_choices":[{"cards_removed":["Strike_G"],"damage_healed":0.0,"max_hp_gain":0.0,"max_hp_loss":0.0,"gold_gain":0.0,"event_name":"The Cleric","player_choice":"Card Removal","floor":2.0,"gold_loss":50.0,"damage_taken":0.0},{"cards_removed":["Strike_G"],"damage_healed":0.0,"max_hp_gain":0.0,"max_hp_loss":0.0,"gold_gain":0.0,"event_name":"Golden Wing","player_choice":"Card Removal","floor":4.0,"gold_loss":0.0,"damage_taken":7.0},{"damage_healed":0.0,"max_hp_gain":0.0,"max_hp_loss":0.0,"gold_gain":0.0,"event_name":"Dead Adventurer","player_choice":"Searched \u00272\u0027 times","floor":8.0,"gold_loss":0.0,"damage_taken":0.0,"relics_obtained":["Akabeko"]},{"damage_healed":0.0,"max_hp_gain":0.0,"max_hp_loss":0.0,"gold_gain":0.0,"event_name":"Living Wall","player_choice":"Grow","floor":14.0,"gold_loss":0.0,"damage_taken":0.0,"cards_upgraded":["Accuracy"]}],"is_beta":false,"boss_relics":[{"not_picked":["Ring of the Serpent","Ectoplasm"],"picked":"Black Star"}],"items_purged_floors":[],"is_endless":false,"potions_floor_spawned":[5,6,18,27,29],"killed_by":"ruina:Red_and_Wolf","ascension_level":1}}