{"host":"wf1r1zhguvoo22rf","time":1614109716,"event":{"mods":["BaseMod","Colored Powertips","Minty Spire (QoL Compilation)","StSLib"],"gold_per_floor":[367,367,377,39,50,50,70,70,97,115,290,307,8,34,34,132,132,152,36,50,60,79,79,98,110,159,159,179,179,196,208,208,208,208],"floor_reached":33,"language":"ENG","playtime":1618,"items_purged":[],"score":320,"play_id":"7709a828-387c-4e75-9818-88b542d8a2ba","local_time":"20210223214836","is_ascension_mode":false,"campfire_choices":[{"floor":6,"key":"REST"},{"floor":8,"key":"REST"},{"data":"Apotheosis","floor":15,"key":"SMITH"},{"floor":23,"key":"REST"},{"floor":29,"key":"REST"},{"floor":32,"key":"REST"}],"circlet_count":0,"master_deck":["Strike_P","Strike_P","Strike_P","Strike_P","Defend_P","Defend_P","Defend_P","Defend_P","Eruption","Vigilance","Swivel","FlurryOfBlows","Apotheosis+1","Tantrum","Prostrate","BattleHymn","ReachHeaven","Establishment","FlurryOfBlows","JustLucky","JustLucky","DeusExMachina","FlurryOfBlows","FlurryOfBlows","JustLucky","Crescendo+1","ForeignInfluence"],"relics":["PureWater","Potion Belt","Cauldron","Oddly Smooth Stone","Toy Ornithopter","Lee\u0027s Waffle","Lantern","SlaversCollar","Boot","Orichalcum"],"acts_visited":["Exordium","TheCity"],"potions_floor_usage":[16,16,18,22,24,24,24,25,25,28,30,30,31],"damage_taken":[{"damage":22,"enemies":"Jaw Worm","floor":1,"turns":2},{"damage":0,"enemies":"2 Louse","floor":3,"turns":1},{"damage":0,"enemies":"Cultist","floor":5,"turns":2},{"damage":0,"enemies":"2 Fungi Beasts","floor":7,"turns":2},{"damage":31,"enemies":"Gremlin Gang","floor":10,"turns":4},{"damage":4,"enemies":"Looter","floor":12,"turns":2},{"damage":0,"enemies":"Slime Boss","floor":16,"turns":4},{"damage":11,"enemies":"Spheric Guardian","floor":18,"turns":4},{"damage":20,"enemies":"Chosen","floor":20,"turns":5},{"damage":17,"enemies":"Centurion and Healer","floor":21,"turns":4},{"damage":16,"enemies":"Snecko","floor":22,"turns":3},{"damage":3,"enemies":"Snake Plant","floor":24,"turns":3},{"damage":30,"enemies":"3 Cultists","floor":25,"turns":4},{"damage":24,"enemies":"Snecko","floor":28,"turns":4},{"damage":30,"enemies":"Snake Plant","floor":30,"turns":2},{"damage":2,"enemies":"Cultist and Chosen","floor":31,"turns":3},{"damage":58,"enemies":"Champ","floor":33,"turns":3}],"seed_played":"5846564936285488262","potions_obtained":[{"floor":4,"key":"Block Potion"},{"floor":4,"key":"DuplicationPotion"},{"floor":4,"key":"Ambrosia"},{"floor":4,"key":"EntropicBrew"},{"floor":4,"key":"ColorlessPotion"},{"floor":25,"key":"SpeedPotion"},{"floor":28,"key":"ColorlessPotion"},{"floor":30,"key":"DistilledChaos"}],"is_trial":false,"path_per_floor":["M","?","M","$","M","R","M","R","T","M","?","M","$","T","R","B",null,"M","?","M","M","M","R","M","M","T","?","M","R","M","M","R","B"],"character_chosen":"WATCHER","items_purchased":["Cauldron","Apotheosis","Toy Ornithopter","Lee\u0027s Waffle"],"campfire_rested":5,"item_purchase_floors":[4,4,13,13],"current_hp_per_floor":[43,18,18,18,18,37,37,56,56,25,25,21,72,72,72,72,72,61,61,41,24,13,34,46,26,26,26,7,28,8,11,32,0,0],"gold":208,"neow_bonus":"TWO_FIFTY_GOLD","is_daily":false,"chose_seed":false,"campfire_upgraded":1,"win_rate":0.0,"timestamp":1614109716,"path_taken":["M","?","M","$","M","R","M","R","T","M","?","?","$","?","R","BOSS","M","?","?","M","M","R","M","M","T","?","M","R","M","M","R","BOSS"],"items_purchased_type":["Relic","Card","Relic","Relic"],"build_version":"2020-12-22","purchased_purges":0,"victory":false,"max_hp_per_floor":[65,65,65,65,65,65,65,65,65,65,65,65,72,72,72,72,72,72,72,72,72,72,72,72,72,72,72,72,72,72,72,72,72,72],"card_choices":[{"not_picked":["CutThroughFate","Protect"],"picked":"Swivel","floor":1},{"not_picked":["CarveReality","SashWhip"],"picked":"FlurryOfBlows","floor":3},{"not_picked":["Worship","ClearTheMind"],"picked":"Tantrum","floor":5},{"not_picked":["EmptyBody","ThirdEye"],"picked":"Prostrate","floor":7},{"not_picked":["Swivel","CutThroughFate"],"picked":"BattleHymn","floor":10},{"not_picked":["WaveOfTheHand","EmptyMind"],"picked":"ReachHeaven","floor":12},{"not_picked":["Blasphemy","Vault"],"picked":"Establishment","floor":16},{"not_picked":["EmptyBody","SignatureMove+1"],"picked":"FlurryOfBlows","floor":18},{"not_picked":["FollowUp","CrushJoints"],"picked":"JustLucky","floor":20},{"not_picked":["Protect","Study"],"picked":"JustLucky","floor":21},{"not_picked":["CarveReality+1","CrushJoints+1"],"picked":"DeusExMachina","floor":22},{"not_picked":["EmptyFist","ThirdEye"],"picked":"FlurryOfBlows","floor":24},{"not_picked":["Evaluate+1","Swivel"],"picked":"FlurryOfBlows","floor":25},{"not_picked":["Protect+1","SignatureMove"],"picked":"JustLucky","floor":28},{"not_picked":["SashWhip+1","LessonLearned"],"picked":"Crescendo+1","floor":30},{"not_picked":["Protect","SashWhip"],"picked":"ForeignInfluence","floor":31}],"player_experience":256401,"relics_obtained":[{"floor":9,"key":"Oddly Smooth Stone"},{"floor":14,"key":"Lantern"},{"floor":26,"key":"Orichalcum"}],"event_choices":[{"damage_healed":0,"gold_gain":0,"player_choice":"Success","damage_taken":25,"relics_obtained":["Potion Belt"],"max_hp_gain":0,"max_hp_loss":0,"event_name":"Scrap Ooze","floor":2,"gold_loss":0},{"damage_healed":0,"gold_gain":175,"player_choice":"AGREE","damage_taken":0,"max_hp_gain":0,"max_hp_loss":0,"event_name":"Liars Game","floor":11,"gold_loss":0,"cards_obtained":["Doubt"]},{"damage_healed":0,"gold_gain":0,"player_choice":"Paid Gold","damage_taken":0,"relics_obtained":["Boot"],"max_hp_gain":0,"max_hp_loss":0,"event_name":"WeMeetAgain","floor":19,"gold_loss":116},{"cards_removed":["Doubt"],"damage_healed":0,"gold_gain":0,"player_choice":"Elegance","damage_taken":0,"max_hp_gain":0,"max_hp_loss":0,"event_name":"Back to Basics","floor":27,"gold_loss":0}],"is_beta":false,"boss_relics":[{"not_picked":["Tiny House","Astrolabe"],"picked":"SlaversCollar"}],"items_purged_floors":[],"is_endless":false,"potions_floor_spawned":[5,12,25,28,30],"killed_by":"Champ","ascension_level":0}}