{"host":"8is2j71l4wmybkoi","time":1614091364,"event":{"mods":["AchievementEnabler","BaseMod","Colored Map","DeckTracker","Minty Spire (QoL Compilation)","Rare Cards Sparkle","Relic Stats","StSLib","SuperFastMode"],"gold_per_floor":[109,109,109,127,140,140,171,13,13,13,23,23,57,77,77,150,150,168,168,118,135,150,150,162,162,162,172,172,172],"floor_reached":28,"language":"KOR","playtime":1294,"items_purged":[],"score":446,"play_id":"2d85572d-a956-4a71-a87c-251f7418372e","local_time":"20210223234244","is_ascension_mode":true,"campfire_choices":[{"data":"Doppelganger","floor":6,"key":"SMITH"},{"data":"Footwork","floor":10,"key":"SMITH"},{"floor":12,"key":"REST"},{"data":"Cloak And Dagger","floor":15,"key":"SMITH"},{"data":"Accuracy","floor":23,"key":"SMITH"}],"circlet_count":0,"master_deck":["AscendersBane","Survivor","Neutralize","PiercingWail","Doppelganger+1","Finisher","Skewer","Dodge and Roll","Adrenaline","Riddle With Holes","Leg Sweep","Footwork+1","Blade Dance","Cloak And Dagger+1","Corpse Explosion","Distraction","Riddle With Holes","Concentrate","After Image","Catalyst","Cloak And Dagger","Deadly Poison","Eviscerate","Quick Slash","Accuracy+1","Reflex","Outmaneuver+1","PiercingWail+1"],"relics":["Ring of the Snake","Akabeko","The Courier","Orrery","Ornamental Fan","Tiny Chest","Pandora\u0027s Box","Shuriken","Toxic Egg 2"],"acts_visited":["Exordium","TheCity"],"potions_floor_usage":[5,13,16,22,24,28],"damage_taken":[{"damage":1,"enemies":"Cultist","floor":1,"turns":4},{"damage":0,"enemies":"2 Louse","floor":4,"turns":2},{"damage":0,"enemies":"Jaw Worm","floor":5,"turns":4},{"damage":32,"enemies":"Lagavulin","floor":7,"turns":6},{"damage":0,"enemies":"2 Fungi Beasts","floor":11,"turns":4},{"damage":0,"enemies":"Gremlin Nob","floor":13,"turns":2},{"damage":10,"enemies":"Lots of Slimes","floor":14,"turns":6},{"damage":26,"enemies":"The Guardian","floor":16,"turns":17},{"damage":0,"enemies":"Chosen","floor":18,"turns":2},{"damage":5,"enemies":"2 Thieves","floor":21,"turns":3},{"damage":9,"enemies":"3 Cultists","floor":22,"turns":5},{"damage":7,"enemies":"Centurion and Healer","floor":24,"turns":2},{"damage":11,"enemies":"Shelled Parasite and Fungi","floor":27,"turns":3},{"damage":21,"enemies":"Book of Stabbing","floor":28,"turns":6}],"seed_played":"375456911222928903","potions_obtained":[{"floor":1,"key":"Block Potion"},{"floor":4,"key":"Swift Potion"},{"floor":14,"key":"FearPotion"},{"floor":18,"key":"Poison Potion"},{"floor":21,"key":"PowerPotion"},{"floor":22,"key":"SneckoOil"}],"is_trial":false,"path_per_floor":["M","?","?","M","M","R","E","$","T","R","M","R","E","M","R","B",null,"M","?","?","M","M","R","M","T","T","M","E"],"character_chosen":"THE_SILENT","items_purchased":["Orrery","Fire Potion"],"campfire_rested":1,"item_purchase_floors":[8,8],"current_hp_per_floor":[58,58,58,58,58,58,26,26,26,26,26,45,45,35,35,9,52,52,52,52,47,38,38,31,31,31,20,0,0],"gold":172,"neow_bonus":"RANDOM_COMMON_RELIC","is_daily":false,"chose_seed":false,"campfire_upgraded":4,"win_rate":0.0,"timestamp":1614091364,"path_taken":["M","?","?","M","M","R","E","$","T","R","?","R","E","M","R","BOSS","M","?","?","?","M","R","M","?","T","M","E"],"items_purchased_type":["Relic","Potion"],"build_version":"2020-12-22","purchased_purges":0,"victory":false,"max_hp_per_floor":[66,66,66,66,66,66,66,66,66,66,66,66,66,66,66,66,66,66,66,66,66,66,66,66,66,66,66,66,66],"relic_stats":{"counters":[14,66],"Ornamental Fan":[104],"Shuriken":[3],"Tiny Chest":1,"Pandora\u0027s Box":["Distraction","Riddle With Holes","Concentrate","After Image","Catalyst","Cloak And Dagger","Deadly Poison","Eviscerate","Quick Slash"],"obtain_stats":[{"Ornamental Fan":9,"Shuriken":25,"Orrery":8,"Tiny Chest":13,"Pandora\u0027s Box":17,"The Courier":7,"Toxic Egg 2":26,"Akabeko":0,"Ring of the Snake":0},{"Ornamental Fan":4,"Shuriken":12,"Orrery":4,"Tiny Chest":6,"Pandora\u0027s Box":8,"The Courier":4,"Toxic Egg 2":12,"Akabeko":0,"Ring of the Snake":0},{"Ornamental Fan":16,"Shuriken":57,"Orrery":16,"Tiny Chest":22,"Pandora\u0027s Box":45,"The Courier":16,"Toxic Egg 2":57,"Akabeko":0,"Ring of the Snake":0}],"Ring of the Snake":[28]},"card_choices":[{"not_picked":["Infinite Blades","Cloak And Dagger"],"picked":"PiercingWail","floor":1},{"not_picked":["PiercingWail","Sucker Punch"],"picked":"Finisher","floor":4},{"not_picked":["Quick Slash","Blade Dance"],"picked":"Skewer","floor":5},{"not_picked":["Finisher","Terror"],"picked":"Dodge and Roll","floor":7},{"not_picked":["Prepared","Acrobatics"],"picked":"Adrenaline","floor":8},{"not_picked":["All Out Attack","Endless Agony"],"picked":"Riddle With Holes","floor":8},{"not_picked":["Quick Slash","Underhanded Strike"],"picked":"Leg Sweep","floor":8},{"not_picked":["Calculated Gamble","Setup"],"picked":"Footwork","floor":8},{"not_picked":["Bane","Choke","PiercingWail"],"picked":"SKIP","floor":11},{"not_picked":["Prepared","Backstab"],"picked":"Blade Dance","floor":13},{"not_picked":["Bane","Dodge and Roll"],"picked":"Cloak And Dagger","floor":14},{"not_picked":["Doppelganger","Envenom"],"picked":"Corpse Explosion","floor":16},{"not_picked":["Concentrate","Catalyst","Outmaneuver"],"picked":"SKIP","floor":18},{"not_picked":["Poisoned Stab+1","Sucker Punch"],"picked":"Accuracy","floor":21},{"not_picked":["Choke","Masterful Stab+1"],"picked":"Reflex","floor":22},{"not_picked":["Poisoned Stab","Bane"],"picked":"Outmaneuver+1","floor":24},{"not_picked":["Bouncing Flask+1","Flying Knee"],"picked":"PiercingWail+1","floor":27}],"player_experience":1330163,"relics_obtained":[{"floor":7,"key":"The Courier"},{"floor":9,"key":"Ornamental Fan"},{"floor":13,"key":"Tiny Chest"},{"floor":25,"key":"Shuriken"},{"floor":26,"key":"Toxic Egg 2"}],"event_choices":[{"cards_removed":["Defend_G"],"damage_healed":0,"gold_gain":0,"player_choice":"Forget","damage_taken":0,"max_hp_gain":0,"max_hp_loss":0,"event_name":"Living Wall","floor":2,"gold_loss":0},{"damage_healed":0,"gold_gain":0,"player_choice":"1 cards matched","damage_taken":0,"max_hp_gain":0,"max_hp_loss":0,"event_name":"Match and Keep!","floor":3,"gold_loss":0,"cards_obtained":["Doppelganger"]},{"damage_healed":0,"gold_gain":0,"player_choice":"Ignored","damage_taken":0,"max_hp_gain":0,"max_hp_loss":0,"event_name":"Vampires","floor":19,"gold_loss":0},{"damage_healed":0,"gold_gain":0,"player_choice":"Bet on Murderer","damage_taken":0,"max_hp_gain":0,"max_hp_loss":0,"event_name":"The Joust","floor":20,"gold_loss":50}],"is_beta":false,"boss_relics":[{"not_picked":["Tiny House","Empty Cage"],"picked":"Pandora\u0027s Box"}],"items_purged_floors":[],"is_endless":false,"potions_floor_spawned":[1,4,14,18,21,22],"killed_by":"Book of Stabbing","ascension_level":15}}