{"host":"gm50ke85n5jz306u","time":1614096237,"event":{"mods":["AchievementEnabler","AlwaysNeverKeys","Aspiration","BaseMod","Bestiary","Better Altar","Better Match","Better Note","Better Sensory Stone","Better Skull","Better Third Choice","Better Vampires","Better-Laid Plans","BetterRewards","Colored Powertips","Curses Come First","DNKmod","Defuse TimeMaze Blight","Disable Question Mark Monsters","Displayed Cursed Tome","Downfall","Emptier Cage","Extra Virgin Snecko Oil","Filter the Spire","Friendly Minions","Gremlin Skip","Hermit","Hubris","Hyrulean Relics","Ironclad Rager","Jorbs\u0027s Wanderer Trilogy","Koishi","Lobotomy","Marisa????????","Marked Mod","Minty Spire (QoL Compilation)","Permanent Neow","Poor People Problems","Quick Restart","Reimu??????","Relic Filter Mod","Relic Sorter","Remilia??????","Remove Card Discount Mod","Reorder Act Four","Replay The Spire","Shop Mod","StSLib","Synergy Search","Td1madao Mod","The Administrix","The Animator","The Blue Laboratory","The Bug Knight","The Construct","The Cursed","The Disciple","The Hierophant","The Necromancer","The Runesmith","The Senshi","The Servant 0.9.4","Thieving Mod","Transform Curses","WarShipGirlsR/????R mod","Youmu??????"],"gold_per_floor":[10300,10300,9475,9494,9511,9543,9543,9543,9559,9559,8750,8750,8750,8850,8868,8968,8968,8968,8982,9000,9017,8587,8617,8670,8680,7971,7984,8003,8103,8103,8130,8150,8150,8150,8150],"floor_reached":33,"language":"ENG","playtime":3159,"items_purged":["champ:Taunt","champ:Execute","champ:Strike","champ:Strike","champ:Strike","champ:Defend","champ:Defend","champ:StrikeOfGenius+1","champ:Strike"],"score":305,"play_id":"f71740c6-5078-4029-977e-97ec3e02567b","local_time":"20210223170357","is_ascension_mode":true,"campfire_choices":[{"data":"champ:Defend","floor":1.0,"key":"SMITH"},{"data":"champ:CalledShot","floor":8.0,"key":"SMITH"},{"data":"champ:FaceSlap","floor":10.0,"key":"SMITH"},{"data":"champ:Shatter","floor":13.0,"key":"SMITH"}],"circlet_count":0,"master_deck":["champ:Defend+1","champ:Defend+1","champ:FanOfKnives","champ:ShieldSlam+1","champ:CalledShot+1","champ:FanOfKnives","champ:Endure+1","champ:FaceSlap+1","champ:Endure+1","champ:AdrenalArmor+1","champ:Shatter+1","champ:VampiricStrike+1","champ:GladiatorForm+1","champ:AdrenalArmor+1","champ:Shatter"],"relics":["champ:ChampionCrown","Bird Faced Urn","Oddly Smooth Stone","champ:LiftRelic","Sling","Philosopher\u0027s Stone","Frozen Eye","PreservedInsect","MerchantsRug","hubris:Spice","Frozen Egg 2","Golden Egg","hubris:Towel","Old Coin","Regal Pillow","Cauldron","War Paint","Pear","Guide Book","downfall:GremlinWheel"],"acts_visited":["Exordium","TheCity"],"potions_floor_usage":[],"damage_taken":[{"damage":30.0,"enemies":"downfall:FleeingMerchant","floor":3.0,"turns":4.0},{"damage":4.0,"enemies":"Small Slimes","floor":4.0,"turns":4.0},{"damage":0.0,"enemies":"2 Louse","floor":5.0,"turns":2.0},{"damage":26.0,"enemies":"Lagavulin","floor":6.0,"turns":6.0},{"damage":5.0,"enemies":"Jaw Worm","floor":9.0,"turns":3.0},{"damage":0.0,"enemies":"downfall:FleeingMerchant","floor":11.0,"turns":4.0},{"damage":15.0,"enemies":"3 Louse","floor":15.0,"turns":2.0},{"damage":49.0,"enemies":"WA_ARCHETYPE_RETAIN","floor":16.0,"turns":6.0},{"damage":30.0,"enemies":"Shell Parasite","floor":19.0,"turns":3.0},{"damage":29.0,"enemies":"3 Byrds","floor":20.0,"turns":3.0},{"damage":30.0,"enemies":"3 Cultists","floor":21.0,"turns":4.0},{"damage":48.0,"enemies":"downfall:FleeingMerchant","floor":22.0,"turns":3.0},{"damage":32.0,"enemies":"HollowMod:Nosk","floor":23.0,"turns":4.0},{"damage":5.0,"enemies":"Snecko","floor":25.0,"turns":3.0},{"damage":20.0,"enemies":"Cultist and Chosen","floor":27.0,"turns":4.0},{"damage":35.0,"enemies":"Shelled Parasite and Fungi","floor":28.0,"turns":3.0},{"damage":0.0,"enemies":"Shelled Parasite and Fungi","floor":29.0,"turns":1.0},{"damage":25.0,"enemies":"3 Cultists","floor":32.0,"turns":3.0},{"damage":101,"enemies":"IC_MUSHROOM_ARCHETYPE","floor":33,"turns":4}],"seed_played":"-7916284452343454934","potions_obtained":[{"floor":4.0,"key":"blueLaboratory:BottledHope"},{"floor":5.0,"key":"LifebloodPotion"},{"floor":11.0,"key":"EntropicBrew"},{"floor":11.0,"key":"blueLaboratory:FruitPreserves"},{"floor":11.0,"key":"MagicPotion:ReiMu"}],"is_trial":false,"path_per_floor":["R","?","$","M","M","E","T","R","M","R","$","?","R","?","M","B",null,"R","M","M","M","$","E","T","M","$","M","M","?","?","T","M","B"],"character_chosen":"THE_CHAMP","items_purchased":["Oddly Smooth Stone","Sling","Regal Pillow","champ:ShieldSlam","MerchantsRug","blueLaboratory:LouseDecoction","FearPotion","champ:CalledShot","Frozen Egg 2","hubris:Spice","champ:AdrenalArmor","champ:Shatter","Swift Potion","Cauldron","Golden Egg","Frozen Eye","champ:VampiricStrike","Ancient Potion","War Paint","hubris:Spice","Pear","Guide Book"],"campfire_rested":0,"item_purchase_floors":[3,3,3,3,3,3,3,3,11,11,11,11,11,11,22,22,22,22,22,26,26,26],"current_hp_per_floor":[81,81,71,67,67,46,46,46,46,46,54,54,54,54,54,50,89,89,89,85,87,76,82,82,84,91,91,91,91,91,91,91,0,0,0],"gold":8150,"neow_bonus":"ONE_RARE_RELIC","is_daily":false,"chose_seed":false,"campfire_upgraded":4,"win_rate":0.0,"timestamp":1614096237,"path_taken":["R","?","$","M","M","E","T","R","M","R","$","?","R","?","M","BOSS","R","M","M","M","$","E","T","M","$","M","M","?","?","?","M","BOSS"],"items_purchased_type":["Relic","Relic","Relic","Card","Relic","Potion","Potion","Card","Relic","Relic","Card","Card","Potion","Relic","Relic","Relic","Card","Potion","Relic","Relic","Relic","Relic"],"build_version":"2020-12-22","purchased_purges":9,"victory":false,"max_hp_per_floor":[81,81,81,81,81,81,81,81,81,81,89,89,89,89,89,89,89,89,89,89,89,89,97,89,89,91,91,91,91,91,91,91,91,91,91],"card_choices":[{"not_picked":["champ:ShieldWall","champ:BerserkersShout"],"picked":"champ:FanOfKnives","floor":3.0},{"not_picked":["champ:FaceSlap","champ:ShieldSlam"],"picked":"champ:FanOfKnives","floor":4.0},{"not_picked":["champ:FalseCounter","champ:SwordSigil"],"picked":"champ:Endure","floor":5.0},{"not_picked":["champ:DefensiveShout","champ:Haymaker","champ:GutPunch"],"picked":"SKIP","floor":6.0},{"not_picked":["champ:BringItOn","champ:PreciseThrust"],"picked":"champ:FaceSlap","floor":9.0},{"not_picked":["champ:Lariat","champ:Encircle"],"picked":"champ:Endure","floor":11.0},{"not_picked":["champ:ShieldSigil","champ:BladeFlurry","champ:DefensiveShout"],"picked":"SKIP","floor":15.0},{"not_picked":["champ:TripleStrike","champ:MurderStrike"],"picked":"champ:StrikeOfGenius+1","floor":16.0},{"not_picked":["champ:EndlessRage+1","champ:TornadoPunch","champ:BladeFlurry"],"picked":"SKIP","floor":19.0},{"not_picked":["champ:CalledShot","champ:PreemptiveStrike","champ:FocusedDefense"],"picked":"SKIP","floor":20.0},{"not_picked":["champ:CrookedStrike","champ:PerfectedStrike","champ:CrownThrow"],"picked":"SKIP","floor":21.0},{"not_picked":["champ:Devastate","champ:ShieldWall+1","champ:IgnorePain"],"picked":"SKIP","floor":22.0},{"not_picked":["champ:FocusedBerserking","champ:Endure"],"picked":"champ:GladiatorForm+1","floor":23.0},{"not_picked":["champ:DefensiveShout","champ:BerserkersShout","champ:PreciseThrust"],"picked":"SKIP","floor":25.0},{"not_picked":["champ:DefensiveShout","champ:BringItOn"],"picked":"champ:AdrenalArmor+1","floor":27.0},{"not_picked":["champ:DeathBlow","champ:BringItOn"],"picked":"champ:Shatter","floor":28.0},{"not_picked":["champ:EndlessRage+1","champ:StanceDance","champ:SetATrap"],"picked":"SKIP","floor":32.0}],"player_experience":426896,"relics_obtained":[{"floor":6.0,"key":"PreservedInsect"},{"floor":7.0,"key":"Bird Faced Urn"},{"floor":23.0,"key":"hubris:Spice"},{"floor":24.0,"key":"hubris:Spice"},{"floor":29.0,"key":"downfall:GremlinWheel"}],"event_choices":[{"damage_healed":0.0,"max_hp_gain":0.0,"max_hp_loss":0.0,"gold_gain":0.0,"event_name":"betterNote:BetterNote","player_choice":"Ignored","floor":30.0,"gold_loss":0.0,"damage_taken":0.0,"cards_obtained":["Apotheosis"]}],"is_beta":false,"boss_relics":[{"not_picked":["Velvet Choker","Cursed Key"],"picked":"Philosopher\u0027s Stone"}],"items_purged_floors":[3,3,11,11,11,11,11,22,22],"is_endless":false,"potions_floor_spawned":[4,5,6,15,20,21,23,28,32],"killed_by":"IC_MUSHROOM_ARCHETYPE","ascension_level":1}}