{"host":"ty9fb48q9oru32qm","time":1614095631,"event":{"mods":["2.2 Compatiblity","AchievementEnabler","Act Like it!","Astrologer","BaseMod","Beaked The Cultist","Better Synergies","Block Reminder","Colored Powertips","Conspire","DeckTracker","Downfall","Ekko","Elementarium","Friendly Minions","GifTheSpireLib","Hermit","Hubris","Infinite Spire","Jorbs\u0027s Wanderer Trilogy","Marisa????????","Minty Spire (QoL Compilation)","Permanent Neow","Quick Restart","Random Character Button","Reliquary","Replay The Spire","Ruina","Somnambulant","StSLib","Stuff the Spire","The Cursed","The Marked","The Runesmith","TheVacant"],"gold_per_floor":[16,16,31,41,41,73,38,68,68,79,106,124,124,142,142,238,238,255,271,271,271],"floor_reached":20,"language":"ENG","playtime":1432,"items_purged":[],"score":196,"play_id":"564f57a3-756b-4ca8-9899-bef0da7863e6","local_time":"20210223165351","is_ascension_mode":false,"campfire_choices":[{"floor":13,"key":"REST"},{"data":"theMarked:MuscleMemory","floor":15,"key":"SMITH"}],"circlet_count":0,"master_deck":["theMarked:Strike","theMarked:Strike","theMarked:Strike","theMarked:Strike","theMarked:Strike","theMarked:Defend","theMarked:Defend","theMarked:Defend","theMarked:Defend","theMarked:SoldierOfQuellstein","theMarked:GodGivenPower+1","theMarked:MuscleMemory+1","theMarked:TwofoldDefense","theMarked:WardOff","theMarked:ChannelForce","theMarked:EmpowerWeapon+1","theMarked:WardOff"],"relics":["theMarked:ArtifactOfAir","hubris:MedicalManual","hubris:Towel","Meat on the Bone","Replay:Baseball","Anchor","conspire:SlowCooker"],"acts_visited":["Exordium","ruina:Briah"],"potions_floor_usage":[8,11,19,20],"damage_taken":[{"damage":0,"enemies":"2 Louse","floor":1,"turns":2},{"damage":12,"enemies":"Small Slimes","floor":3,"turns":3},{"damage":10,"enemies":"Jaw Worm","floor":4,"turns":5},{"damage":26,"enemies":"Lagavulin","floor":6,"turns":5},{"damage":31,"enemies":"3 Sentries","floor":8,"turns":5},{"damage":13,"enemies":"Exordium Wildlife","floor":10,"turns":5},{"damage":13,"enemies":"Lagavulin","floor":11,"turns":5},{"damage":10,"enemies":"Large Slime","floor":12,"turns":3},{"damage":9,"enemies":"Red Slaver","floor":14,"turns":5},{"damage":30,"enemies":"Slime Boss","floor":16,"turns":8},{"damage":17,"enemies":"ruina:Nosferatu","floor":18,"turns":5},{"damage":33,"enemies":"ruina:BadWolf","floor":19,"turns":6},{"damage":29,"enemies":"ruina:KnightOfDespair","floor":20,"turns":4}],"seed_played":"-88772047517903888","potions_obtained":[{"floor":3,"key":"Ancient Potion"},{"floor":4,"key":"Explosive Potion"},{"floor":8,"key":"AttackPotion"},{"floor":14,"key":"sneckomod:MuddlingPotion"},{"floor":16,"key":"SteroidPotion"}],"is_trial":false,"path_per_floor":["M","?","M","M","?","E","?","E","T","M","E","M","R","M","R","B",null,"M","M","M"],"character_chosen":"THE_DEFAULT","items_purchased":[],"campfire_rested":1,"item_purchase_floors":[],"current_hp_per_floor":[72,72,60,50,50,24,42,23,23,22,21,23,44,47,47,29,72,55,34,5,5],"gold":271,"neow_bonus":"ONE_RARE_RELIC","is_daily":false,"chose_seed":false,"campfire_upgraded":1,"win_rate":0.0,"timestamp":1614095631,"path_taken":["M","?","M","M","?","E","?","E","T","M","E","M","R","M","R","BOSS","M","M","M"],"items_purchased_type":[],"build_version":"2020-12-22","purchased_purges":0,"victory":false,"max_hp_per_floor":[72,72,72,72,72,72,72,72,72,72,72,72,72,72,72,72,72,72,72,72,72],"card_choices":[{"not_picked":["theMarked:TwofoldDefense","theMarked:Parkour"],"picked":"theMarked:GodGivenPower","floor":1},{"not_picked":["theMarked:BanishingStrike","theMarked:Heritage","theMarked:SelfDefenseTraining"],"picked":"SKIP","floor":3},{"not_picked":["theMarked:Aftermath","theMarked:WardOff"],"picked":"theMarked:MuscleMemory","floor":4},{"not_picked":["theMarked:Levitate","theMarked:SwordAndMagic"],"picked":"theMarked:TwofoldDefense","floor":6},{"not_picked":["theMarked:CreepingChasm","theMarked:WastefulAttack","theMarked:MysticalArsenal"],"picked":"SKIP","floor":8},{"not_picked":["theMarked:ElectricStrings","theMarked:TwofoldDefense","theMarked:HeightenedSenses"],"picked":"SKIP","floor":10},{"not_picked":["theMarked:ElectricStrings","theMarked:LightningStrikesTwice"],"picked":"theMarked:WardOff","floor":11},{"not_picked":["theMarked:TakeCover","theMarked:Seal","theMarked:ElectricStrings"],"picked":"SKIP","floor":12},{"not_picked":["theMarked:Improvise","theMarked:ElectricStrings"],"picked":"theMarked:ChannelForce","floor":14},{"not_picked":["theMarked:WardOff","theMarked:BanishingStrike"],"picked":"theMarked:EmpowerWeapon+1","floor":18},{"not_picked":["theMarked:ResourceFulStrike","theMarked:SwordAndMagic+1"],"picked":"theMarked:WardOff","floor":19}],"player_experience":339549,"relics_obtained":[{"floor":6,"key":"Meat on the Bone"},{"floor":8,"key":"Replay:Baseball"},{"floor":11,"key":"Anchor"}],"event_choices":[{"damage_healed":0,"gold_gain":0,"player_choice":"Grow","damage_taken":0,"max_hp_gain":0,"max_hp_loss":0,"event_name":"Living Wall","floor":2,"gold_loss":0,"cards_upgraded":["theMarked:GodGivenPower"]},{"damage_healed":18,"gold_gain":0,"player_choice":"Healed","damage_taken":0,"max_hp_gain":0,"max_hp_loss":0,"event_name":"The Cleric","floor":7,"gold_loss":35}],"is_beta":false,"boss_relics":[{"not_picked":["StuffTheSpire:RunicConfusion","hubris:HollowSoul"],"picked":"conspire:SlowCooker"}],"items_purged_floors":[],"is_endless":false,"potions_floor_spawned":[3,4,8,14,16],"killed_by":"ruina:KnightOfDespair","ascension_level":0}}