{"host":"dyzdf8svqmiivg97","time":1614073360,"event":{"mods":["AchievementEnabler","BaseMod","Colored Map","DeckTracker","Minty Spire (QoL Compilation)","Quick Restart","Rare Cards Sparkle","SuperFastMode"],"gold_per_floor":[19,46,64,75,94,94,121,131,155,155,182,194,221,146,146,243,243,256,122,135,135,10,26,26,125,148,173,23,54,66,109,121,237,299,327,164,174,174,174,174,192,192,192,223,238,273,292,303,303,303],"floor_reached":51,"language":"KOR","playtime":1447,"items_purged":["Strike_P","Strike_P","Defend_P","Defend_P","Strike_P"],"score":1346,"play_id":"1a97e8a0-84f1-45c0-bb6f-3a2988628694","local_time":"20210223184240","is_ascension_mode":true,"campfire_choices":[{"data":"Eruption","floor":6.0,"key":"SMITH"},{"data":"Brilliance","floor":10.0,"key":"SMITH"},{"data":"FollowUp","floor":15.0,"key":"SMITH"},{"data":"Adaptation","floor":24,"key":"SMITH"},{"data":"Scrawl","floor":32,"key":"SMITH"},{"data":"MentalFortress","floor":40,"key":"SMITH"},{"data":"MentalFortress","floor":42,"key":"SMITH"},{"floor":49,"key":"REST"}],"circlet_count":0,"master_deck":["AscendersBane","Strike_P","Defend_P+1","Defend_P","Eruption+1","Vigilance","Brilliance+1","FollowUp+1","FearNoEvil","Scrawl+1","MentalFortress+1","Adaptation+1","InnerPeace","MentalFortress+1","Crescendo","Crescendo+1"],"relics":["PureWater","Akabeko","Bird Faced Urn","Damaru","Dream Catcher","Blue Candle","Philosopher\u0027s Stone","Regal Pillow","MealTicket","MawBank","Juzu Bracelet","Tiny House","Molten Egg 2","Kunai","Bag of Preparation"],"acts_visited":["Exordium","TheCity","TheBeyond"],"potions_floor_usage":[16,27,33,45,50,50],"damage_taken":[{"damage":11.0,"enemies":"Cultist","floor":1.0,"turns":5.0},{"damage":1.0,"enemies":"Small Slimes","floor":3.0,"turns":2.0},{"damage":0.0,"enemies":"2 Louse","floor":4.0,"turns":2.0},{"damage":2.0,"enemies":"Large Slime","floor":5.0,"turns":2.0},{"damage":7.0,"enemies":"Lagavulin","floor":7.0,"turns":5.0},{"damage":6.0,"enemies":"Red Slaver","floor":8.0,"turns":3.0},{"damage":0.0,"enemies":"Gremlin Nob","floor":11.0,"turns":2.0},{"damage":0.0,"enemies":"Exordium Thugs","floor":12.0,"turns":2.0},{"damage":0.0,"enemies":"3 Sentries","floor":13.0,"turns":5.0},{"damage":26,"enemies":"Hexaghost","floor":16,"turns":8},{"damage":6,"enemies":"3 Byrds","floor":18,"turns":4},{"damage":0,"enemies":"2 Thieves","floor":20,"turns":2},{"damage":0,"enemies":"Sentry and Sphere","floor":23,"turns":3},{"damage":8,"enemies":"Gremlin Leader","floor":27,"turns":4},{"damage":8,"enemies":"Slavers","floor":29,"turns":3},{"damage":20,"enemies":"Gremlin Leader","floor":31,"turns":4},{"damage":41,"enemies":"Automaton","floor":33,"turns":7},{"damage":23,"enemies":"3 Shapes","floor":35,"turns":5},{"damage":0,"enemies":"3 Darklings","floor":37,"turns":4},{"damage":0,"enemies":"Maw","floor":41,"turns":6},{"damage":4,"enemies":"Giant Head","floor":44,"turns":6},{"damage":0,"enemies":"Jaw Worm Horde","floor":45,"turns":2},{"damage":1,"enemies":"Nemesis","floor":46,"turns":5},{"damage":0,"enemies":"Sphere and 2 Shapes","floor":47,"turns":4},{"damage":0,"enemies":"4 Shapes","floor":48,"turns":2},{"damage":17,"enemies":"Awakened One","floor":50,"turns":6}],"seed_played":"-1084391402891783236","potions_obtained":[{"floor":3.0,"key":"Strength Potion"},{"floor":5.0,"key":"DistilledChaos"},{"floor":11.0,"key":"FearPotion"},{"floor":12.0,"key":"SpeedPotion"},{"floor":16,"key":"Block Potion"},{"floor":23,"key":"Ambrosia"},{"floor":33,"key":"Fire Potion"},{"floor":34,"key":"Swift Potion"},{"floor":39,"key":"DistilledChaos"},{"floor":45,"key":"LiquidBronze"},{"floor":48,"key":"AttackPotion"}],"is_trial":false,"path_per_floor":["M","T","M","M","M","R","E","M","T","R","E","M","E","$","R","B",null,"M","$","M","?","$","M","R","?","T","E","$","E","?","E","R","B",null,"M","$","M","?","?","R","M","R","T","E","M","E","M","M","R","B",null],"character_chosen":"WATCHER","items_purchased":["MentalFortress"],"campfire_rested":1,"item_purchase_floors":[19],"current_hp_per_floor":[54,54,53,53,51,51,44,38,38,38,38,38,38,38,38,12,57,51,51,53,40,40,44,44,44,44,40,55,51,51,37,37,2,63,46,61,67,67,67,67,73,73,73,75,81,81,82,82,82,66],"gold":303,"neow_bonus":"THREE_RARE_CARDS","is_daily":false,"chose_seed":false,"campfire_upgraded":7,"win_rate":0.0,"timestamp":1614073360,"path_taken":["M","?","M","M","M","R","E","M","T","R","E","M","E","?","R","BOSS","M","$","M","?","$","M","R","?","T","E","$","E","?","E","R","BOSS","M","$","M","?","?","R","M","R","T","E","M","E","M","M","R","BOSS"],"items_purchased_type":["Card"],"build_version":"2020-12-22","purchased_purges":5,"victory":true,"max_hp_per_floor":[72,72,72,72,72,72,72,72,72,72,72,72,72,72,72,72,72,72,72,72,77,77,77,77,77,77,77,77,77,77,77,77,77,82,82,82,82,82,82,82,82,82,82,82,82,82,82,82,82,82],"card_choices":[{"not_picked":["Vault","SpiritShield"],"picked":"Brilliance","floor":0.0},{"not_picked":["BowlingBash","Pray","EmptyMind"],"picked":"SKIP","floor":1.0},{"not_picked":["Protect","ThirdEye","SashWhip"],"picked":"SKIP","floor":3.0},{"not_picked":["LikeWater","TalkToTheHand"],"picked":"FollowUp","floor":4.0},{"not_picked":["Omniscience","Consecrate","ThirdEye"],"picked":"SKIP","floor":5.0},{"not_picked":["Indignation","ThirdEye"],"picked":"FearNoEvil","floor":7.0},{"not_picked":["EmptyBody","Study","JustLucky"],"picked":"SKIP","floor":8.0},{"not_picked":["WreathOfFlame","ClearTheMind","JustLucky"],"picked":"SKIP","floor":11.0},{"not_picked":["Conclude","WreathOfFlame","EmptyBody"],"picked":"SKIP","floor":12.0},{"not_picked":["Evaluate","Wallop","ForeignInfluence"],"picked":"SKIP","floor":13.0},{"not_picked":["Wish","Devotion"],"picked":"Scrawl","floor":16},{"not_picked":["Evaluate","Halt","CutThroughFate"],"picked":"SKIP","floor":18},{"not_picked":["FlurryOfBlows","CutThroughFate"],"picked":"Adaptation","floor":20},{"not_picked":["ClearTheMind","Crescendo"],"picked":"InnerPeace","floor":23},{"not_picked":["DeceiveReality","Consecrate","ClearTheMind"],"picked":"SKIP","floor":27},{"not_picked":["PathToVictory","Evaluate","FlyingSleeves"],"picked":"SKIP","floor":29},{"not_picked":["Swivel","MasterReality","ReachHeaven"],"picked":"SKIP","floor":31},{"not_picked":["CrushJoints","WindmillStrike","Wallop+1"],"picked":"SKIP","floor":35},{"not_picked":["Consecrate","CutThroughFate"],"picked":"Crescendo","floor":37},{"not_picked":["FlyingSleeves+1","Crescendo","WheelKick+1"],"picked":"SKIP","floor":41},{"not_picked":["Omniscience","CutThroughFate+1","Sanctity"],"picked":"SKIP","floor":44},{"not_picked":["TalkToTheHand+1","SandsOfTime+1"],"picked":"Crescendo+1","floor":45},{"not_picked":["BowlingBash+1","ThirdEye","Meditate"],"picked":"SKIP","floor":46},{"not_picked":["SignatureMove+1","BowlingBash+1","Meditate"],"picked":"SKIP","floor":47},{"not_picked":["BowlingBash+1","ThirdEye+1","PathToVictory"],"picked":"SKIP","floor":48}],"player_experience":596481,"relics_obtained":[{"floor":2.0,"key":"Akabeko"},{"floor":7.0,"key":"Bird Faced Urn"},{"floor":9.0,"key":"Damaru"},{"floor":11.0,"key":"Dream Catcher"},{"floor":13.0,"key":"Blue Candle"},{"floor":26,"key":"Regal Pillow"},{"floor":27,"key":"MealTicket"},{"floor":29,"key":"MawBank"},{"floor":31,"key":"Juzu Bracelet"},{"floor":43,"key":"Molten Egg 2"},{"floor":44,"key":"Kunai"},{"floor":46,"key":"Bag of Preparation"}],"event_choices":[{"damage_healed":0,"gold_gain":0,"player_choice":"Shed Blood","damage_taken":18,"max_hp_gain":5,"max_hp_loss":0,"event_name":"Forgotten Altar","floor":21,"gold_loss":0},{"damage_healed":0,"gold_gain":99,"player_choice":"Stole From Cult","damage_taken":0,"max_hp_gain":0,"max_hp_loss":0,"event_name":"Nest","floor":25,"gold_loss":0},{"damage_healed":0,"gold_gain":0,"player_choice":"Read","damage_taken":0,"max_hp_gain":0,"max_hp_loss":0,"event_name":"The Library","floor":30,"gold_loss":0,"cards_obtained":["MentalFortress"]},{"damage_healed":0,"gold_gain":0,"player_choice":"Memory 1","damage_taken":0,"max_hp_gain":0,"max_hp_loss":0,"event_name":"SensoryStone","floor":38,"gold_loss":0},{"damage_healed":0,"gold_gain":0,"player_choice":"Got Potions","damage_taken":0,"max_hp_gain":0,"max_hp_loss":0,"event_name":"Lab","floor":39,"gold_loss":0}],"is_beta":false,"boss_relics":[{"not_picked":["SacredBark","SlaversCollar"],"picked":"Philosopher\u0027s Stone"},{"not_picked":["Runic Dome","Pandora\u0027s Box"],"picked":"Tiny House"}],"items_purged_floors":[14,19,22,28,36],"is_endless":false,"potions_floor_spawned":[3,5,11,12,16,23,33,35,37,45,48],"ascension_level":12}}