{"host":"yy1cu9q9bsxhflzi","time":1614083833,"event":{"mods":["BaseMod","DeckTracker","Minty Spire (QoL Compilation)","Quick Restart","StSLib","SuperFastMode","everything is the same but u backflip on backflip"],"gold_per_floor":[119,119,186,200,250,277,295,315,342,377,392,392,421,440,440,519,519,532,582,682,695,317,317,327,360,384,384,384],"floor_reached":27,"language":"KOR","playtime":665,"items_purged":[],"score":631,"play_id":"dfeb6a0c-4e72-45b6-9f57-04978cdde877","local_time":"20210223213713","is_ascension_mode":true,"campfire_choices":[{"floor":12.0,"key":"REST"},{"data":"Fusion","floor":15.0,"key":"SMITH"},{"data":"Recycle","floor":23,"key":"SMITH"}],"circlet_count":0,"master_deck":["AscendersBane","Dualcast","Coolheaded","Coolheaded","Coolheaded","Coolheaded","Glacier","Glacier","Glacier","Juggernaut","Self Repair","Reboot","Recycle+1","Capacitor","Fusion+1","Creative AI","Skim+1","Juggernaut","Finesse","Genetic Algorithm","Turbo"],"relics":["FrozenCore","SsserpentHead","Dream Catcher","Centennial Puzzle","Omamori","Lantern","SlaversCollar","Nilry\u0027s Codex","DollysMirror","Vajra","PreservedInsect"],"acts_visited":["Exordium","TheCity"],"potions_floor_usage":[22,27],"damage_taken":[{"damage":0.0,"enemies":"Cultist","floor":1.0,"turns":3.0},{"damage":0.0,"enemies":"Small Slimes","floor":3.0,"turns":3.0},{"damage":11.0,"enemies":"2 Louse","floor":4.0,"turns":2.0},{"damage":24.0,"enemies":"Gremlin Nob","floor":6.0,"turns":5.0},{"damage":16.0,"enemies":"Exordium Wildlife","floor":7.0,"turns":3.0},{"damage":3.0,"enemies":"2 Fungi Beasts","floor":8.0,"turns":3.0},{"damage":18.0,"enemies":"3 Sentries","floor":10.0,"turns":7.0},{"damage":3.0,"enemies":"Lagavulin","floor":13.0,"turns":5.0},{"damage":0.0,"enemies":"Exordium Thugs","floor":14.0,"turns":3.0},{"damage":0.0,"enemies":"The Guardian","floor":16.0,"turns":8.0},{"damage":14.0,"enemies":"3 Byrds","floor":18.0,"turns":4.0},{"damage":9.0,"enemies":"Spheric Guardian","floor":21.0,"turns":5.0},{"damage":0,"enemies":"3 Cultists","floor":24,"turns":4},{"damage":52,"enemies":"Slavers","floor":25,"turns":5},{"damage":9,"enemies":"Gremlin Leader","floor":27,"turns":2}],"seed_played":"4677964599019891137","potions_obtained":[{"floor":6.0,"key":"Weak Potion"},{"floor":7.0,"key":"PowerPotion"},{"floor":18.0,"key":"Strength Potion"},{"floor":24,"key":"AttackPotion"}],"is_trial":true,"path_per_floor":["M","?","M","M","?","E","M","M","T","E","?","R","E","M","R","B",null,"M","?","?","M","$","R","M","E","T","E"],"character_chosen":"DEFECT","items_purchased":["DollysMirror","Finesse","Fruit Juice"],"campfire_rested":1,"item_purchase_floors":[22,22,22],"current_hp_per_floor":[64,64,64,60,53,36,27,31,31,20,37,58,62,69,69,71,71,64,43,43,41,46,46,53,8,8,0,0],"gold":384,"neow_bonus":"","is_daily":false,"chose_seed":false,"campfire_upgraded":2,"win_rate":0.0,"timestamp":1614083833,"path_taken":["M","?","?","M","?","E","M","M","T","E","?","R","E","M","R","BOSS","M","?","?","M","$","R","M","E","T","E"],"items_purchased_type":["Relic","Card","Potion"],"build_version":"2020-12-22","purchased_purges":0,"victory":false,"max_hp_per_floor":[71,71,71,71,71,71,71,71,71,71,71,71,71,71,71,71,71,71,71,71,71,76,76,76,76,76,76,76],"card_choices":[{"not_picked":["Go for the Eyes","Rebound","Ball Lightning"],"picked":"SKIP","floor":1.0},{"not_picked":["Hologram","Streamline"],"picked":"Self Repair","floor":3.0},{"not_picked":["Ball Lightning","Coolheaded","Sweeping Beam"],"picked":"SKIP","floor":4.0},{"not_picked":["Turbo","BootSequence"],"picked":"Reboot","floor":6.0},{"not_picked":["Scrape","Reprogram","Go for the Eyes"],"picked":"SKIP","floor":7.0},{"not_picked":["Streamline","Go for the Eyes"],"picked":"Recycle","floor":8.0},{"not_picked":["Doom and Gloom","Beam Cell"],"picked":"Capacitor","floor":10.0},{"not_picked":["Coolheaded","Multi-Cast","Storm"],"picked":"SKIP","floor":13.0},{"not_picked":["Streamline","Redo"],"picked":"Fusion","floor":14.0},{"not_picked":["Meteor Strike","Thunder Strike"],"picked":"Creative AI","floor":16.0},{"not_picked":["Streamline","Storm"],"picked":"Skim+1","floor":18.0},{"not_picked":["Sunder","Storm","Sweeping Beam"],"picked":"SKIP","floor":21.0},{"not_picked":["Fusion","Beam Cell"],"picked":"Genetic Algorithm","floor":24},{"not_picked":["Stack","Barrage"],"picked":"Turbo","floor":25}],"player_experience":3938977,"relics_obtained":[{"floor":6.0,"key":"Dream Catcher"},{"floor":9.0,"key":"Centennial Puzzle"},{"floor":10.0,"key":"Omamori"},{"floor":13.0,"key":"Lantern"},{"floor":19.0,"key":"Nilry\u0027s Codex"},{"floor":25,"key":"Vajra"},{"floor":26,"key":"PreservedInsect"}],"event_choices":[{"damage_healed":0.0,"max_hp_gain":0.0,"max_hp_loss":0.0,"gold_gain":0.0,"event_name":"FaceTrader","player_choice":"Trade","floor":2.0,"gold_loss":0.0,"damage_taken":0.0,"relics_obtained":["SsserpentHead"]},{"cards_removed":["Glacier"],"damage_healed":0.0,"max_hp_gain":0.0,"max_hp_loss":0.0,"gold_gain":0.0,"event_name":"Golden Wing","player_choice":"Card Removal","floor":5.0,"gold_loss":0.0,"damage_taken":7.0},{"damage_healed":17.0,"max_hp_gain":0.0,"max_hp_loss":0.0,"gold_gain":0.0,"event_name":"The Cleric","player_choice":"Healed","floor":11.0,"gold_loss":35.0,"damage_taken":0.0},{"damage_healed":0.0,"max_hp_gain":0.0,"max_hp_loss":0.0,"gold_gain":0.0,"event_name":"Cursed Tome","player_choice":"Obtained Book","floor":19.0,"gold_loss":0.0,"damage_taken":21.0},{"damage_healed":0.0,"max_hp_gain":0.0,"max_hp_loss":0.0,"gold_gain":100.0,"event_name":"The Joust","player_choice":"Bet on Murderer","floor":20.0,"gold_loss":50.0,"damage_taken":0.0}],"is_beta":false,"boss_relics":[{"not_picked":["Runic Dome","Snecko Eye"],"picked":"SlaversCollar"}],"items_purged_floors":[],"is_endless":false,"potions_floor_spawned":[6,7,13,18,24],"killed_by":"Gremlin Leader","ascension_level":20}}