{"host":"jyt72nbfoih0mxuq","time":1614110343,"event":{"mods":["BaseMod","Minty Spire (QoL Compilation)","Relic Stats"],"gold_per_floor":[110,35,35,35,49,84,94,94,120,147,147,161,180,200,200,314,314,335,358,379,424,424,424],"floor_reached":22,"language":"ENG","playtime":955,"items_purged":["Strike_B"],"score":407,"play_id":"3ac42be2-95f3-4417-b943-16c895a104cd","local_time":"20210223205903","is_ascension_mode":true,"campfire_choices":[{"data":"Ball Lightning","floor":8,"key":"SMITH"},{"data":"Zap","floor":11,"key":"SMITH"},{"data":"Chaos","floor":15,"key":"SMITH"}],"circlet_count":0,"master_deck":["Defend_B","Defend_B","Defend_B","Zap+1","Dualcast","Cold Snap","Blizzard","Zap","Melter","Compile Driver","Ball Lightning+1","Chaos+1","Thunder Strike","Tempest","Coolheaded","Loop","Bite","Bite","Bite","Bite","Bite"],"relics":["Cracked Core","NeowsBlessing","Anchor","Regal Pillow","CeramicFish","Cursed Key"],"acts_visited":["Exordium","TheCity"],"potions_floor_usage":[10,12,22,22],"damage_taken":[{"damage":0,"enemies":"Small Slimes","floor":1,"turns":1},{"damage":0,"enemies":"2 Louse","floor":5,"turns":1},{"damage":0,"enemies":"Lagavulin","floor":6,"turns":1},{"damage":0,"enemies":"Cultist","floor":7,"turns":3},{"damage":8,"enemies":"3 Sentries","floor":10,"turns":6},{"damage":4,"enemies":"Exordium Thugs","floor":12,"turns":3},{"damage":0,"enemies":"Large Slime","floor":13,"turns":4},{"damage":8,"enemies":"2 Fungi Beasts","floor":14,"turns":3},{"damage":0,"enemies":"Slime Boss","floor":16,"turns":7},{"damage":19,"enemies":"3 Byrds","floor":18,"turns":4},{"damage":21,"enemies":"Shell Parasite","floor":19,"turns":3},{"damage":26,"enemies":"Shelled Parasite and Fungi","floor":20,"turns":7},{"damage":14,"enemies":"Sentry and Sphere","floor":22,"turns":3}],"seed_played":"-7609650196105950578","potions_obtained":[{"floor":6,"key":"SkillPotion"},{"floor":10,"key":"AttackPotion"},{"floor":14,"key":"Dexterity Potion"},{"floor":19,"key":"BlessingOfTheForge"},{"floor":20,"key":"PowerPotion"}],"is_trial":false,"path_per_floor":["M","$","?","?","M","E","M","R","T","E","R","M","M","M","R","B",null,"M","M","M","?","M"],"character_chosen":"DEFECT","items_purchased":[],"campfire_rested":0,"item_purchase_floors":[],"current_hp_per_floor":[68,68,68,68,68,68,68,68,68,60,60,56,56,48,48,48,68,49,28,2,2,0,0],"gold":424,"neow_bonus":"THREE_ENEMY_KILL","is_daily":false,"chose_seed":false,"campfire_upgraded":3,"win_rate":0.0,"timestamp":1614110343,"path_taken":["M","$","?","?","M","E","M","R","T","E","R","M","M","M","R","BOSS","M","?","M","?","M"],"items_purchased_type":[],"build_version":"2020-12-22","purchased_purges":1,"victory":false,"max_hp_per_floor":[75,75,75,75,75,75,75,75,75,75,75,75,75,75,75,75,75,75,75,75,52,52,52],"relic_stats":{"Regal Pillow":0,"counters":[13,46],"CeramicFish":90,"Cursed Key":0,"obtain_stats":[{"Anchor":6,"Regal Pillow":9,"NeowsBlessing":0,"CeramicFish":10,"Cracked Core":0,"Cursed Key":17},{"Anchor":3,"Regal Pillow":4,"NeowsBlessing":0,"CeramicFish":5,"Cracked Core":0,"Cursed Key":9},{"Anchor":3,"Regal Pillow":6,"NeowsBlessing":0,"CeramicFish":12,"Cracked Core":0,"Cursed Key":29}]},"card_choices":[{"not_picked":["Leap","Melter"],"picked":"Cold Snap","floor":1},{"not_picked":["Static Discharge","Stack"],"picked":"Melter","floor":5},{"not_picked":["Steam Power","Storm"],"picked":"Compile Driver","floor":6},{"not_picked":["Rainbow","Conserve Battery"],"picked":"Ball Lightning","floor":7},{"not_picked":["Chill","Reboot","Leap"],"picked":"SKIP","floor":10},{"not_picked":["Hologram","Gash","Double Energy"],"picked":"SKIP","floor":12},{"not_picked":["Go for the Eyes","Turbo","Hologram"],"picked":"SKIP","floor":13},{"not_picked":["Conserve Battery","Streamline"],"picked":"Chaos","floor":14},{"not_picked":["Buffer","Fission"],"picked":"Thunder Strike","floor":16},{"not_picked":["Barrage","Beam Cell"],"picked":"Tempest","floor":18},{"not_picked":["Leap+1","Compile Driver"],"picked":"Coolheaded","floor":19},{"not_picked":["Lockon","Barrage"],"picked":"Loop","floor":20}],"player_experience":228221,"relics_obtained":[{"floor":6,"key":"Anchor"},{"floor":9,"key":"Regal Pillow"},{"floor":10,"key":"CeramicFish"}],"event_choices":[{"damage_healed":0,"gold_gain":0,"cards_transformed":["Defend_B"],"player_choice":"Change","damage_taken":0,"max_hp_gain":0,"max_hp_loss":0,"event_name":"Living Wall","floor":3,"gold_loss":0,"cards_obtained":["Blizzard"]},{"damage_healed":0,"gold_gain":0,"player_choice":"1 cards matched","damage_taken":0,"max_hp_gain":0,"max_hp_loss":0,"event_name":"Match and Keep!","floor":4,"gold_loss":0,"cards_obtained":["Zap"]},{"damage_healed":0,"gold_gain":0,"player_choice":"Became a vampire","damage_taken":0,"max_hp_gain":0,"max_hp_loss":23,"event_name":"Vampires","floor":21,"gold_loss":0,"cards_obtained":["Bite","Bite","Bite","Bite","Bite"]}],"is_beta":false,"boss_relics":[{"not_picked":["FrozenCore","Busted Crown"],"picked":"Cursed Key"}],"items_purged_floors":[2],"is_endless":false,"potions_floor_spawned":[6,10,14,19,20],"killed_by":"Sentry and Sphere","ascension_level":8}}