{"host":"qiddgr1lyn3b7c88","time":1614080562,"event":{"mods":["Aspiration","BaseMod","Colored Map","Highlight Path","Minty Spire (QoL Compilation)","Replay The Spire","Shop Mod","StSLib","Synergy Search","The Alterego","egg"],"gold_per_floor":[119,294,312,43,239,267,267,298,324,338,349,381,381,395,395,497,497,509,522,536,549,569,569,599,615,615,530,629,629,529,529,529,628,628,645,64,74,91,103,128,128,142,142,177,27,62,62,91,91,91],"floor_reached":51,"language":"ENG","playtime":3159,"items_purged":["Doubt","Strike_B","Strike_B","Defend_B"],"score":1240,"play_id":"a5f56d8e-79cc-40dd-b971-970403a08763","local_time":"20210223064242","is_ascension_mode":true,"campfire_choices":[{"floor":7,"key":"REST"},{"floor":13,"key":"REST"},{"floor":15,"key":"DIG"},{"data":"Strike_B","floor":23,"key":"PURGE"},{"data":"Biased Cognition","floor":29,"key":"SMITH"},{"data":"Strike_B","floor":32,"key":"PURGE"},{"data":"Defend_B","floor":41,"key":"PURGE"},{"data":"Capacitor","floor":47,"key":"SMITH"},{"data":"Capacitor","floor":47,"key":"SMITH"},{"data":"Capacitor","floor":49,"key":"SMITH"},{"data":"Barrage","floor":49,"key":"SMITH"}],"circlet_count":0,"master_deck":["Defend_B","Defend_B","Zap","Dualcast","Glacier","Cold Snap","Sweeping Beam","Compile Driver","Leap","BootSequence","Barrage+1","Capacitor+1","Biased Cognition+1","Coolheaded","Blizzard+1","Melter","Ball Lightning","Go for the Eyes+1","Necronomicurse","Core Surge+1","Capacitor+1","Amplify+1","Tempest+1","Storm+1","FIFO Queue","Capacitor+1"],"relics":["FrozenCore","aspiration:Nostalgia","alterego_mod:MasochisticConstitution","OrangePellets","Peace Pipe","Solar Panel","ReplayTheSpireMod:Lightbulb","FossilizedHelix","Orichalcum","Cursed Key","aspiration:HummingbirdHeart","CaptainsWheel","Necronomicon","aspiration:EnhancedActuators","Guide Book","Carrot","Replay:Arrowhead","Replay:Mystery Machine","Divine Protection"],"acts_visited":["Exordium","TheCity","TheBeyond"],"potions_floor_usage":[6,8,12,12,16,22,33,37,48,50,50],"damage_taken":[{"damage":3,"enemies":"Small Slimes","floor":1,"turns":4},{"damage":3,"enemies":"2 Louse","floor":3,"turns":4},{"damage":40,"enemies":"Lagavulin","floor":6,"turns":7},{"damage":10,"enemies":"Replay:BlueRogue","floor":8,"turns":10},{"damage":1,"enemies":"Cultist","floor":10,"turns":4},{"damage":6,"enemies":"3 Louse","floor":11,"turns":3},{"damage":24,"enemies":"Gremlin Nob","floor":12,"turns":5},{"damage":0,"enemies":"Blue Slaver","floor":14,"turns":4},{"damage":23,"enemies":"Fading Forest","floor":16,"turns":11},{"damage":11,"enemies":"2 Thieves","floor":18,"turns":4},{"damage":0,"enemies":"3 Byrds","floor":19,"turns":5},{"damage":0,"enemies":"Snecko","floor":20,"turns":4},{"damage":0,"enemies":"Shelled Parasite and Fungi","floor":21,"turns":6},{"damage":0,"enemies":"Chosen and Byrds","floor":22,"turns":7},{"damage":15,"enemies":"Replay:Snechameleon","floor":24,"turns":6},{"damage":0,"enemies":"3 Cultists","floor":25,"turns":6},{"damage":13,"enemies":"Collector","floor":33,"turns":9},{"damage":11,"enemies":"3 Darklings","floor":35,"turns":8},{"damage":0,"enemies":"3 Shapes","floor":37,"turns":5},{"damage":2,"enemies":"Sphere and 2 Shapes","floor":38,"turns":5},{"damage":0,"enemies":"4 Shapes","floor":39,"turns":8},{"damage":16,"enemies":"Nemesis","floor":40,"turns":7},{"damage":0,"enemies":"Spire Growth","floor":42,"turns":4},{"damage":2,"enemies":"R_Hoarder","floor":44,"turns":6},{"damage":5,"enemies":"Nemesis","floor":46,"turns":7},{"damage":0,"enemies":"R_Hoarder","floor":48,"turns":4},{"damage":0,"enemies":"Donu and Deca","floor":50,"turns":7}],"seed_played":"-2055246848365035607","potions_obtained":[{"floor":1,"key":"Adrenaline Potion"},{"floor":10,"key":"Swift Potion"},{"floor":11,"key":"SteroidPotion"},{"floor":14,"key":"FocusPotion"},{"floor":16,"key":"Fruit Juice"},{"floor":20,"key":"Strength Potion"},{"floor":21,"key":"LiquidBronze"},{"floor":25,"key":"SteroidPotion"},{"floor":33,"key":"LiquidMemories"},{"floor":37,"key":"Swift Potion"},{"floor":40,"key":"FocusPotion"},{"floor":48,"key":"Weak Potion"}],"is_trial":false,"path_per_floor":["M","?","M","$","?","E","R","E","T","M","M","E","R","M","R_BF","B",null,"M","M","M","M","M","R","E","M","T","?","?","R","$","?","R","B",null,"M","$","M","M","M","E","R","M","T","E","$","E","R","E","R","B",null],"character_chosen":"DEFECT","items_purchased":["OrangePellets","Strength Potion","aspiration:EnhancedActuators","Amplify","Guide Book"],"campfire_rested":2,"item_purchase_floors":[4,4,36,36,36],"current_hp_per_floor":[66,66,64,64,64,25,48,39,39,43,40,17,41,43,43,33,71,61,63,65,67,76,76,66,68,68,68,68,68,68,52,52,44,79,75,75,81,88,90,83,83,94,94,95,95,96,96,96,96,96],"gold":91,"neow_bonus":"NOSTALGIA","is_daily":false,"chose_seed":false,"campfire_upgraded":5,"win_rate":0.0,"timestamp":1614080562,"path_taken":["M","?","M","$","?","E","R","E","T","M","M","E","R","M","R_BF","BOSS","M","M","M","M","M","R","E","M","T","?","?","R","$","?","R","BOSS","M","$","M","M","M","E","R","M","T","E","$","E","R","E","R","BOSS"],"items_purchased_type":["Relic","Potion","Relic","Card","Relic"],"build_version":"2020-12-22","purchased_purges":4,"victory":true,"max_hp_per_floor":[76,76,77,77,77,78,78,79,79,80,81,82,82,82,82,83,83,84,84,84,84,89,89,90,90,90,90,90,90,90,90,90,91,91,92,92,92,93,93,94,94,94,94,95,95,96,96,96,96,96],"card_choices":[{"not_picked":["Rip and Tear","Compile Driver"],"picked":"Glacier","floor":1},{"not_picked":["Redo","Gash"],"picked":"Cold Snap","floor":3},{"not_picked":["Hologram","Static Discharge"],"picked":"Sweeping Beam","floor":5},{"not_picked":["Panic Button","Double Energy"],"picked":"Compile Driver","floor":6},{"not_picked":["Thunder Strike","Hologram"],"picked":"Leap","floor":8},{"not_picked":["Auto Shields","aspiration:Polymerization"],"picked":"BootSequence","floor":10},{"not_picked":["Steam Power","BasicCrystalCard"],"picked":"Barrage","floor":11},{"not_picked":["Streamline","Hologram"],"picked":"Capacitor","floor":12},{"not_picked":["Panic Button","ReplaySort","aspiration:Polymerization"],"picked":"SKIP","floor":14},{"not_picked":["Buffer","Meteor Strike"],"picked":"Biased Cognition","floor":16},{"not_picked":["Reinforced Body","FIFO Queue"],"picked":"Coolheaded","floor":18},{"not_picked":["Doom and Gloom","Streamline"],"picked":"Blizzard+1","floor":19},{"not_picked":["Blizzard+1","BasicCrystalCard"],"picked":"Melter","floor":20},{"not_picked":["ReplayTheSpireMod:Reroute Power+1","Compile Driver+1"],"picked":"Ball Lightning","floor":21},{"not_picked":["Redo","Streamline"],"picked":"Go for the Eyes+1","floor":22},{"not_picked":["Turbo","Beam Cell","Compile Driver"],"picked":"SKIP","floor":24},{"not_picked":["Sweeping Beam+1","Cold Snap","Darkness"],"picked":"SKIP","floor":25},{"not_picked":["Multi-Cast","Fission"],"picked":"Core Surge","floor":33},{"not_picked":["Rebound+1","BootSequence"],"picked":"Capacitor","floor":35},{"not_picked":["BasicCrystalCard+1","Leap+1","Static Discharge"],"picked":"SKIP","floor":37},{"not_picked":["Stack","Hello World","Coolheaded"],"picked":"SKIP","floor":38},{"not_picked":["Rebound+1","Go for the Eyes"],"picked":"Tempest+1","floor":39},{"not_picked":["ReplayTheSpireMod:Repulse","aspiration:Polymerization"],"picked":"Storm+1","floor":40},{"not_picked":["Cold Snap+1","Stack","Conserve Battery"],"picked":"SKIP","floor":42},{"not_picked":["Conserve Battery+1","ReplaySort+1"],"picked":"FIFO Queue","floor":44},{"not_picked":["Doom and Gloom","Chaos+1","FTL"],"picked":"SKIP","floor":46},{"not_picked":["Darkness","Steam Power"],"picked":"Capacitor","floor":48}],"player_experience":1061217,"relics_obtained":[{"floor":6,"key":"Peace Pipe"},{"floor":8,"key":"Solar Panel"},{"floor":9,"key":"ReplayTheSpireMod:Lightbulb"},{"floor":12,"key":"FossilizedHelix"},{"floor":15,"key":"Orichalcum"},{"floor":24,"key":"aspiration:HummingbirdHeart"},{"floor":31,"key":"Necronomicon"},{"floor":40,"key":"Carrot"},{"floor":44,"key":"Replay:Arrowhead"},{"floor":46,"key":"Replay:Mystery Machine"},{"floor":48,"key":"Divine Protection"}],"event_choices":[{"damage_healed":0,"gold_gain":175,"player_choice":"AGREE","damage_taken":0,"max_hp_gain":0,"max_hp_loss":0,"event_name":"Liars Game","floor":2,"gold_loss":0,"cards_obtained":["Doubt"]},{"damage_healed":0,"gold_gain":0,"player_choice":"Obtained Relic","damage_taken":0,"relics_obtained":["CaptainsWheel"],"max_hp_gain":0,"max_hp_loss":0,"event_name":"Addict","floor":27,"gold_loss":85},{"damage_healed":0,"gold_gain":99,"player_choice":"Stole From Cult","damage_taken":0,"max_hp_gain":0,"max_hp_loss":0,"event_name":"Nest","floor":28,"gold_loss":0},{"damage_healed":0,"gold_gain":0,"player_choice":"Obtained Book","damage_taken":16,"max_hp_gain":0,"max_hp_loss":0,"event_name":"Cursed Tome","floor":31,"gold_loss":0}],"is_beta":false,"boss_relics":[{"not_picked":["Painkiller Herb","Black Star"],"picked":"Cursed Key"},{"not_picked":["Replay:Bronze Core","aspiration:WatcherSkillbook"],"picked":"FrozenCore"}],"items_purged_floors":[4,30,36,45],"is_endless":false,"potions_floor_spawned":[1,10,11,14,16,20,21,25,33,37,40,42,44,48],"ascension_level":8}}