{"host":"3asmp5aovk69ekg9","time":1614052561,"event":{"mods":["100% Spire Juice","BaseMod","BetterRewards","Colored Map","Colored Powertips","Dark Map","Hermit","Koishi","Magitek Elite","Minty Spire (QoL Compilation)","Permanent Neow","Prisma Mod","Remove Card Discount Mod","Shade Mod","StSLib","The Alterego","The Cursed","The Death Knight","The Fake Hero","The IronCluck","The Marked","The Senshi","The Wild Card"],"gold_per_floor":[123,142,163,190,211,211,267,267,267,300,310,337,363,385,385,482,482,502,523,523,523,546,607,607,616,693,718,755,200,234,251,251,348,348,372,391,409,409,429,429,471,483,492,492,533,583,624,651,651,651,651,651,3,37,37],"floor_reached":56,"language":"ENG","playtime":8784,"items_purged":["PrismaMod:IllyaCommonAttack","PrismaMod:IllyaCommonAttack","PrismaMod:IllyaCommonAttack","PrismaMod:IllyaCommonAttack","PrismaMod:IllyaCommonAttack","PrismaMod:IllyaCarnivalAttack","PrismaMod:IllyaDevil","PrismaMod:IllyaCommonDefend","PrismaMod:IllyaCommonDefend","PrismaMod:IllyaCommonDefend","PrismaMod:IllyaCommonDefend","PrismaMod:IllyaCommonDefend"],"score":2233,"play_id":"44375c7f-8f93-491d-a585-400b4b321cb8","local_time":"20210222195601","is_ascension_mode":true,"campfire_choices":[{"data":"PrismaMod:IllyaUncommonDefend","floor":6,"key":"SMITH"},{"data":"PrismaMod:IllyaSaphire","floor":8,"key":"SMITH"},{"data":"PrismaMod:IllyaUncommonDefend","floor":15,"key":"SMITH"},{"data":"PrismaMod:IllyaAssassinRevenge","floor":32,"key":"SMITH"},{"floor":44,"key":"RECALL"},{"data":"PrismaMod:IllyaUpgradeOrbs","floor":49,"key":"SMITH"},{"data":"PrismaMod:IllyaPoisonBlock","floor":52,"key":"SMITH"}],"circlet_count":0,"master_deck":["PrismaMod:IllyaUncommonDefend+1","Swift Strike","PrismaMod:IllyaPoisonTippedWeapons","PrismaMod:IllyaBerserCAR","PrismaMod:IllyaFeed+1","PrismaMod:IllyaPoisonTippedWeapons","PrismaMod:IllyaGrail","Swift Strike","PrismaMod:IllyaInstallMoonCancer","PrismaMod:IllyaPoisonTippedWeapons","PrismaMod:IllyaCheapChannelPoison","PrismaMod:IllyaPoisonTippedWeapons","PrismaMod:IllyaFriendMaker","PrismaMod:IllyaRubysPotion+1","PrismaMod:IllyaRubysPotion+1","PrismaMod:IllyaSaphire+1","PrismaMod:IllyaUncommonAOEAttack","PrismaMod:IllyaUncommonDefend+1","PrismaMod:IllyaFriendMaker","PrismaMod:IllyaCommandSeal","PrismaMod:IllyaUpgradeOrbs+1","PrismaMod:IllyaAssassinRevenge+1","PrismaMod:IllyaPoisonBlock+1","PrismaMod:IllyaPoisoningPhantasm","PrismaMod:IllyaPoisonBlock","PrismaMod:IllyaUncommonAOEAttack","PrismaMod:IllyaBerserCAR","PrismaMod:IllyaDetonatingBlow","PrismaMod:IllyaFriendMaker+1","Madness","Madness","PrismaMod:IllyaRubysPotion","Forgetful","PrismaMod:IllyaFeed+1","PrismaMod:IllyaSaphire+1","PrismaMod:IllyaStunPoison","Good Instincts+1","Mayhem","PrismaMod:IllyaFeed","PrismaMod:IllyaBride+1","PrismaMod:IllyaUberPoisonChannel+1"],"relics":["PrismaMod:PrismaZwei","CeramicFish","Bronze Scales","Ginger","Oddly Smooth Stone","Pear","Tintinnabulum","Eternal Feather","Mummified Hand","Du-Vu Doll","HornCleat","Anchor","Shuriken","Orichalcum","Ornamental Fan","Ancient Tea Set","Cursed Key","Mango","Toxic Egg 2","Incense Burner","StoneCalendar","PreservedInsect","Nunchaku","Genji_Glove","Gremlin Horn"],"acts_visited":["Exordium","TheCity","TheBeyond","TheEnding"],"potions_floor_usage":[5,7,12,18,30,38,50,55,55],"damage_taken":[{"damage":6.0,"enemies":"Cultist","floor":1.0,"turns":3.0},{"damage":1.0,"enemies":"2 Louse","floor":2.0,"turns":3.0},{"damage":5,"enemies":"Jaw Worm","floor":3,"turns":2},{"damage":9,"enemies":"Red Slaver","floor":4,"turns":4},{"damage":0,"enemies":"2 Fungi Beasts","floor":5,"turns":4},{"damage":2,"enemies":"Lagavulin","floor":7,"turns":6},{"damage":19,"enemies":"3 Sentries","floor":10,"turns":6},{"damage":0,"enemies":"Looter","floor":11,"turns":3},{"damage":10,"enemies":"Lagavulin","floor":12,"turns":8},{"damage":2,"enemies":"Exordium Thugs","floor":13,"turns":5},{"damage":2,"enemies":"Lots of Slimes","floor":14,"turns":3},{"damage":7,"enemies":"Slime Boss","floor":16,"turns":8},{"damage":0,"enemies":"3 Byrds","floor":18,"turns":3},{"damage":24,"enemies":"Shell Parasite","floor":19,"turns":6},{"damage":7,"enemies":"Shelled Parasite and Fungi","floor":22,"turns":6},{"damage":8,"enemies":"Slavers","floor":23,"turns":6},{"damage":0,"enemies":"Snecko","floor":27,"turns":5},{"damage":15,"enemies":"Book of Stabbing","floor":28,"turns":5},{"damage":44,"enemies":"Gremlin Leader","floor":30,"turns":5},{"damage":0,"enemies":"Centurion and Healer","floor":31,"turns":6},{"damage":0,"enemies":"Collector","floor":33,"turns":7},{"damage":0,"enemies":"3 Shapes","floor":35,"turns":5},{"damage":0,"enemies":"3 Darklings","floor":36,"turns":5},{"damage":0,"enemies":"Maw","floor":39,"turns":6},{"damage":17,"enemies":"Reptomancer","floor":41,"turns":6},{"damage":0,"enemies":"Spire Growth","floor":42,"turns":5},{"damage":39,"enemies":"Nemesis","floor":45,"turns":7},{"damage":6,"enemies":"Mind Bloom Boss Battle","floor":46,"turns":6},{"damage":6,"enemies":"Giant Head","floor":47,"turns":7},{"damage":42,"enemies":"3 Darklings","floor":48,"turns":6},{"damage":83,"enemies":"Time Eater","floor":50,"turns":11},{"damage":23,"enemies":"Shield and Spear","floor":54,"turns":5},{"damage":83,"enemies":"The Heart","floor":55,"turns":8}],"seed_played":"3441160281949586929","potions_obtained":[{"floor":1.0,"key":"ColorlessPotion"},{"floor":4,"key":"SkillPotion"},{"floor":5,"key":"DistilledChaos"},{"floor":10,"key":"Explosive Potion"},{"floor":16,"key":"Fire Potion"},{"floor":28,"key":"Energy Potion"},{"floor":30,"key":"FairyPotion"},{"floor":31,"key":"EssenceOfSteel"},{"floor":38,"key":"Fruit Juice"},{"floor":38,"key":"EssenceOfSteel"},{"floor":41,"key":"Ancient Potion"}],"is_trial":false,"path_per_floor":["M","M","M","M","M","R","E","R","T","E","M","E","M","M","R","B",null,"M","M","?","T","M","E","?","?","T","M","E","$","E","M","R","B",null,"M","M","?","?","M","?","E","M","T","R","E","?","E","M","R","B",null,"R","$","E","B",null],"character_chosen":"ILLYA","items_purchased":["CeramicFish","Swift Strike","PrismaMod:IllyaPoisonTippedWeapons","PrismaMod:IllyaBerserCAR","Bronze Scales","PrismaMod:IllyaFeed","Ginger","Oddly Smooth Stone","PrismaMod:IllyaPoisonTippedWeapons","PrismaMod:IllyaDevil","PrismaMod:IllyaCarnivalAttack","PrismaMod:IllyaGrail","Swift Strike","PrismaMod:IllyaInstallMoonCancer","PrismaMod:IllyaPoisonTippedWeapons","Pear","Tintinnabulum","PrismaMod:IllyaPoisonBlock","Orichalcum","Ornamental Fan","PrismaMod:IllyaUncommonAOEAttack","Nunchaku","Good Instincts+1","Mayhem","PrismaMod:IllyaFeed","PrismaMod:IllyaBride+1","Genji_Glove","ColorlessPotion"],"campfire_rested":0,"item_purchase_floors":[0,0,0,0,0,0,0,0,0,0,0,0,0,0,0,0,0,29,29,29,29,53,53,53,53,53,53,53],"current_hp_per_floor":[26,26,22,19,28,29,33,46,47,39,40,52,71,77,85,85,85,85,66,42,43,47,66,51,52,53,82,78,79,64,90,90,90,90,90,90,79,85,95,95,109,109,109,109,95,109,109,97,109,65,98,109,109,101,82],"gold":37,"neow_bonus":"","is_daily":false,"chose_seed":false,"campfire_upgraded":6,"win_rate":0.0,"timestamp":1614052561,"path_taken":["M","M","?","M","?","R","E","R","T","E","M","E","M","M","R","BOSS","M","?","?","?","?","E","?","?","T","?","E","$","E","M","R","BOSS","M","?","?","?","?","?","E","?","T","R","E","?","E","M","R","BOSS","R","$","E","BOSS"],"items_purchased_type":["Relic","Card","Card","Card","Relic","Card","Relic","Relic","Card","Card","Card","Card","Card","Card","Card","Relic","Relic","Card","Relic","Relic","Card","Relic","Card","Card","Card","Card","Relic","Potion"],"build_version":"2020-12-22","purchased_purges":12,"victory":true,"max_hp_per_floor":[85,85,85,85,85,85,85,85,85,85,85,85,85,85,85,85,85,85,85,85,85,85,85,90,90,90,90,90,90,90,90,90,90,90,90,90,90,95,95,95,109,109,109,109,109,109,109,109,109,109,109,109,109,109,109],"card_choices":[{"not_picked":["PrismaMod:IllyaDualEvoke","PrismaMod:IllyaMinorReinForce"],"picked":"PrismaMod:IllyaCheapChannelPoison","floor":1.0},{"not_picked":["PrismaMod:IllyaMaid","PrismaMod:IllyaPoisonBlock"],"picked":"PrismaMod:IllyaPoisonTippedWeapons","floor":2.0},{"not_picked":["PrismaMod:IllyaPoisonTippedWeapons","PrismaMod:IllyaDualEvoke"],"picked":"PrismaMod:IllyaFriendMaker","floor":3},{"not_picked":["PrismaMod:IllyaUberChannel","PrismaMod:IllyaBlindPoisonToss"],"picked":"PrismaMod:IllyaRubysPotion","floor":4},{"not_picked":["PrismaMod:IllyaBride","PrismaMod:IllyaCheapChannelDefend"],"picked":"PrismaMod:IllyaRubysPotion","floor":5},{"not_picked":["PrismaMod:IllyaCheapChannelPoison","PrismaMod:IllyaCommonEvoke"],"picked":"PrismaMod:IllyaSaphire","floor":7},{"not_picked":["PrismaMod:IllyaDualEvoke","PrismaMod:IllyaInstallCaster","PrismaMod:IllyaEvokeAll"],"picked":"SKIP","floor":10},{"not_picked":["PrismaMod:IllyaPartialInstallAssassin","PrismaMod:IllyaCommonEvoke","PrismaMod:IllyaRapidFire"],"picked":"SKIP","floor":11},{"not_picked":["PrismaMod:IllyaBride","PrismaMod:IllyaInstallLancer","PrismaMod:IllyaCheapChannelPoison"],"picked":"SKIP","floor":12},{"not_picked":["PrismaMod:IllyaAOECommonAttack","PrismaMod:IllyaDevil"],"picked":"PrismaMod:IllyaUncommonAOEAttack","floor":13},{"not_picked":["PrismaMod:IllyaTestament","PrismaMod:IllyaRubysPotion"],"picked":"PrismaMod:IllyaUncommonDefend","floor":14},{"not_picked":["PrismaMod:IllyaEvokeAll","PrismaMod:IllyaTestament","PrismaMod:IllyaUberChannel+1"],"picked":"SKIP","floor":18},{"not_picked":["PrismaMod:IllyaBride","PrismaMod:IllyaUpgradeOrbs"],"picked":"PrismaMod:IllyaFriendMaker","floor":19},{"not_picked":["PrismaMod:IllyaUncommonAOEAttack","PrismaMod:IllyaAlice+1"],"picked":"PrismaMod:IllyaCommandSeal","floor":22},{"not_picked":["PrismaMod:IllyaEvokeAll+1","PrismaMod:IllyaCheapChannelPoison"],"picked":"PrismaMod:IllyaUpgradeOrbs","floor":23},{"not_picked":["PrismaMod:IllyaMinorZwei","PrismaMod:IllyaCheapChannelAttack"],"picked":"PrismaMod:IllyaPoisonBlock","floor":27},{"not_picked":["PrismaMod:IllyaRapidFire+1","PrismaMod:IllyaPoisonBomb"],"picked":"PrismaMod:IllyaPoisoningPhantasm","floor":28},{"not_picked":["PrismaMod:IllyaRubysPotion","PrismaMod:IllyaBoysLove"],"picked":"PrismaMod:IllyaBerserCAR","floor":30},{"not_picked":["PrismaMod:IllyaMaid","PrismaMod:IllyaCheapChannelPoison","PrismaMod:IllyaGrailKun"],"picked":"SKIP","floor":31},{"not_picked":["PrismaMod:IllyaPartialInstallAssassin","PrismaMod:IllyaDevil+1"],"picked":"PrismaMod:IllyaDetonatingBlow","floor":35},{"not_picked":["PrismaMod:IllyaReinForce+1","PrismaMod:IllyaUncommonAOEAttack+1"],"picked":"PrismaMod:IllyaFriendMaker+1","floor":36},{"not_picked":["PrismaMod:IllyaPoisonBomb+1","PrismaMod:IllyaCheapChannelDefend+1","PrismaMod:IllyaCheapChannelPoison"],"picked":"SKIP","floor":39},{"not_picked":["PrismaMod:IllyaCheapDefend","PrismaMod:IllyaMaid"],"picked":"PrismaMod:IllyaRubysPotion","floor":41},{"not_picked":["PrismaMod:IllyaMaid","PrismaMod:IllyaCheapAttack+1","PrismaMod:IllyaUncommonAOEAttack"],"picked":"SKIP","floor":42},{"not_picked":["PrismaMod:IllyaDevil","PrismaMod:IllyaAOECommonAttack"],"picked":"PrismaMod:IllyaFeed+1","floor":45},{"not_picked":["PrismaMod:IllyaRubysPotion+1","PrismaMod:IllyaUncommonAOEAttack+1"],"picked":"PrismaMod:IllyaSaphire+1","floor":47},{"not_picked":["PrismaMod:IllyaGrailKun+1","PrismaMod:IllyaBerserCAR+1"],"picked":"PrismaMod:IllyaStunPoison","floor":48},{"not_picked":["PrismaMod:IllyaHassanGift+1","PrismaMod:IllyaGun+1"],"picked":"PrismaMod:IllyaUberPoisonChannel+1","floor":54}],"player_experience":1535810,"relics_obtained":[{"floor":7,"key":"Eternal Feather"},{"floor":10,"key":"Mummified Hand"},{"floor":12,"key":"Du-Vu Doll"},{"floor":21,"key":"HornCleat"},{"floor":23,"key":"Anchor"},{"floor":26,"key":"Shuriken"},{"floor":30,"key":"Ancient Tea Set"},{"floor":41,"key":"Mango"},{"floor":43,"key":"Toxic Egg 2"},{"floor":45,"key":"Incense Burner"},{"floor":46,"key":"StoneCalendar"},{"floor":47,"key":"PreservedInsect"},{"floor":54,"key":"Gremlin Horn"}],"event_choices":[{"damage_healed":0,"gold_gain":0,"player_choice":"Shed Blood","damage_taken":21,"max_hp_gain":5,"max_hp_loss":0,"event_name":"Forgotten Altar","floor":24,"gold_loss":0},{"damage_healed":0,"gold_gain":0,"cards_transformed":["PrismaMod:IllyaUncommonAttack"],"player_choice":"Transformed","damage_taken":0,"max_hp_gain":0,"max_hp_loss":0,"event_name":"Transmorgrifier","floor":25,"gold_loss":0,"cards_obtained":["PrismaMod:IllyaAssassinRevenge"]},{"damage_healed":0,"gold_gain":0,"player_choice":"Embrace Madness","damage_taken":11,"max_hp_gain":0,"max_hp_loss":0,"event_name":"Winding Halls","floor":37,"gold_loss":0,"cards_obtained":["Madness","Madness"]},{"damage_healed":0,"gold_gain":0,"player_choice":"Got Potions","damage_taken":0,"max_hp_gain":0,"max_hp_loss":0,"event_name":"Lab","floor":38,"gold_loss":0},{"damage_healed":0,"gold_gain":0,"player_choice":"0 cards matched","damage_taken":0,"max_hp_gain":0,"max_hp_loss":0,"event_name":"Match and Keep!","floor":40,"gold_loss":0,"cards_obtained":[]},{"damage_healed":0,"gold_gain":0,"player_choice":"Fight","damage_taken":0,"max_hp_gain":0,"max_hp_loss":0,"event_name":"MindBloom","floor":46,"gold_loss":0}],"is_beta":false,"boss_relics":[{"not_picked":["Fusion Hammer","Philosopher\u0027s Stone"],"picked":"PrismaMod:PrismaZwei"},{"not_picked":["Sozu","Tiny House"],"picked":"Cursed Key"}],"items_purged_floors":[0,0,0,0,0,29,29,29,29,29,29,29],"is_endless":false,"potions_floor_spawned":[1,4,5,10,16,18,28,30,31,39,41,46],"ascension_level":7}}