{"host":"zq4tmp0p98b2vpa9","time":1614090888,"event":{"mods":["AchievementEnabler","BaseMod","Highlight Path","Minty Spire (QoL Compilation)","Relic Stats","ojb\u0027s Info Mod"],"gold_per_floor":[111,111,126,138,151,151,151,151],"floor_reached":7,"language":"ENG","playtime":309,"items_purged":[],"score":47,"play_id":"4484dee0-61c2-42e2-8e82-ae08176ab1fe","local_time":"20210223153448","is_ascension_mode":true,"campfire_choices":[{"data":"Fission","floor":6,"key":"SMITH"}],"circlet_count":0,"master_deck":["Strike_B","Strike_B","Strike_B","Defend_B","Defend_B","Defend_B","Defend_B","Zap","Dualcast","Fission+1","Conserve Battery","Conserve Battery","Heatsinks"],"relics":["Cracked Core"],"acts_visited":["Exordium"],"potions_floor_usage":[5],"damage_taken":[{"damage":0,"enemies":"2 Louse","floor":1,"turns":2},{"damage":1,"enemies":"Cultist","floor":3,"turns":3},{"damage":11,"enemies":"Small Slimes","floor":4,"turns":4},{"damage":2,"enemies":"3 Louse","floor":5,"turns":2},{"damage":10,"enemies":"3 Sentries","floor":7,"turns":4}],"seed_played":"1794547696626337004","potions_obtained":[{"floor":3,"key":"SneckoOil"},{"floor":4,"key":"Strength Potion"}],"is_trial":false,"path_per_floor":["M","?","M","M","M","R","E"],"character_chosen":"DEFECT","items_purchased":[],"campfire_rested":0,"item_purchase_floors":[],"current_hp_per_floor":[54,54,53,42,40,40,30,30],"gold":151,"neow_bonus":"THREE_RARE_CARDS","is_daily":false,"chose_seed":false,"campfire_upgraded":1,"win_rate":0.0,"timestamp":1614090888,"path_taken":["M","?","M","M","?","R","E"],"items_purchased_type":[],"build_version":"2020-12-22","purchased_purges":0,"victory":false,"max_hp_per_floor":[75,75,75,75,75,75,75,75],"relic_stats":{"counters":[5,15],"obtain_stats":[{"Cracked Core":0},{"Cracked Core":0},{"Cracked Core":0}]},"card_choices":[{"not_picked":["Multi-Cast","Echo Form"],"picked":"Fission","floor":0},{"not_picked":["Beam Cell","Hologram","Steam"],"picked":"SKIP","floor":1},{"not_picked":["Hologram","Sunder"],"picked":"Conserve Battery","floor":3},{"not_picked":["Blizzard","Compile Driver"],"picked":"Conserve Battery","floor":4},{"not_picked":["Undo","Chaos"],"picked":"Heatsinks","floor":5}],"player_experience":299546,"relics_obtained":[],"event_choices":[{"cards_removed":["Strike_B"],"damage_healed":0,"gold_gain":0,"player_choice":"Purged","damage_taken":0,"max_hp_gain":0,"max_hp_loss":0,"event_name":"Purifier","floor":2,"gold_loss":0}],"is_beta":false,"boss_relics":[],"items_purged_floors":[],"is_endless":false,"potions_floor_spawned":[3,4],"killed_by":"3 Sentries","ascension_level":2}}