{"host":"8oow7jh4agd4zemm","time":1614090696,"event":{"mods":["BaseMod","Colored Powertips","Ironclad Rager","Minty Spire (QoL Compilation)","Quick Restart","UnlockEverythingMod"],"gold_per_floor":[110,110,110,35,49,82,96,125,125,25,45,62,38,38,38,38,38],"floor_reached":16,"language":"ZHS","playtime":329,"items_purged":["Strike_R","Strike_R"],"score":270,"play_id":"10331986-01f4-4757-9b7c-d33f7c293816","local_time":"20210223223136","is_ascension_mode":true,"campfire_choices":[{"floor":15,"key":"REST"}],"circlet_count":0,"master_deck":["AscendersBane","Strike_R","Strike_R","Strike_R","Defend_R","Defend_R+1","Defend_R","Defend_R","Bash+1","Rampage","Heavy Blade","Limit Break","Flex+1","Flex"],"relics":["Burning Blood","NeowsBlessing","Lizard Tail","Question Card","Meat on the Bone"],"acts_visited":["Exordium"],"potions_floor_usage":[8,8],"damage_taken":[{"damage":0,"enemies":"Cultist","floor":1,"turns":1},{"damage":0,"enemies":"Small Slimes","floor":5,"turns":1},{"damage":0,"enemies":"3 Sentries","floor":6,"turns":1},{"damage":7,"enemies":"Jaw Worm","floor":7,"turns":3},{"damage":20,"enemies":"Gremlin Nob","floor":8,"turns":4},{"damage":38,"enemies":"Exordium Thugs","floor":11,"turns":6},{"damage":25,"enemies":"Large Slime","floor":12,"turns":7},{"damage":39,"enemies":"The Guardian","floor":16,"turns":5}],"seed_played":"7750375518732494634","potions_obtained":[{"floor":6,"key":"Block Potion"},{"floor":7,"key":"CultistPotion"}],"is_trial":false,"path_per_floor":["M","?","$","$","M","E","M","E","T","$","M","M","$","?","R","B"],"character_chosen":"IRONCLAD","items_purchased":["Flex"],"campfire_rested":1,"item_purchase_floors":[13],"current_hp_per_floor":[74,74,74,74,75,75,74,60,60,60,40,33,33,10,32,33,33],"gold":38,"neow_bonus":"THREE_ENEMY_KILL","is_daily":false,"chose_seed":false,"campfire_upgraded":0,"win_rate":0.0,"timestamp":1614090696,"path_taken":["M","?","?","$","?","E","M","E","T","$","M","?","?","?","R","BOSS"],"items_purchased_type":["Card"],"build_version":"2020-12-22","purchased_purges":2,"victory":false,"max_hp_per_floor":[75,75,75,75,75,75,75,75,75,75,75,75,75,75,75,75,75],"card_choices":[{"not_picked":["Headbutt","Searing Blow","Twin Strike"],"picked":"SKIP","floor":1},{"not_picked":["Searing Blow","Shockwave"],"picked":"Rampage","floor":5},{"not_picked":["Twin Strike","Warcry"],"picked":"Heavy Blade","floor":6},{"not_picked":["Cleave","Iron Wave","Disarm"],"picked":"SKIP","floor":7},{"not_picked":["Entrench","Carnage"],"picked":"Limit Break","floor":8},{"not_picked":["Bloodletting","Clash","Havoc"],"picked":"Flex","floor":11},{"not_picked":["Wild Strike","Fire Breathing","Metallicize","Headbutt"],"picked":"SKIP","floor":12}],"player_experience":84383,"relics_obtained":[{"floor":6,"key":"Lizard Tail"},{"floor":8,"key":"Question Card"},{"floor":9,"key":"Meat on the Bone"}],"event_choices":[{"damage_healed":0,"gold_gain":0,"player_choice":"Upgraded","damage_taken":0,"max_hp_gain":0,"max_hp_loss":0,"event_name":"Upgrade Shrine","floor":2,"gold_loss":0,"cards_upgraded":["Bash"]},{"damage_healed":0,"gold_gain":0,"player_choice":"Entered Light","damage_taken":23,"max_hp_gain":0,"max_hp_loss":0,"event_name":"Shining Light","floor":14,"gold_loss":0,"cards_upgraded":["Flex","Defend_R"]}],"is_beta":false,"boss_relics":[],"items_purged_floors":[4,10],"is_endless":false,"potions_floor_spawned":[6,7],"killed_by":"The Guardian","ascension_level":20}}