{"host":"w05x4i13f2m9joq1","time":1614054556,"event":{"mods":["100% Spire Juice","Act Like it!","BaseMod","Better Altar","Better Match","Better Note","Better Sensory Stone","Better Skull","Better Third Choice","BetterRewards","CapriCore","Colored Map","Colored Powertips","Defective Defect","Duelist Mod","Gensokyo","GifTheSpireLib","Googly Eyes","Infinite Spire","Ironclad Rager","Lobotomy","LobotomyExtend","Marisa????????","Melee Mod","Minty Spire (QoL Compilation)","Morshu Shopkeeper - ENHANCED","MostiFishMod","Quick Restart","Rare Cards Sparkle","Reliquary","Replay The Spire","Ruina","Shop Mod","Spicy Shops","Spire Birthday Party","StSLib","The Animator","The IronCluck","Uncapped","everything is the same but u backflip on backflip","slay the spire mod where everything is the same but ironclad has a cowboy hat"],"gold_per_floor":[109,128,10,30,10,27,57,67,115,115,115,115,126,45,35,55,55,155,155,171,182,182,194,204,230,249,249,249,264,278,295,315,168,21,121,1,12,24,38,13,24,24,53,53,53],"floor_reached":44,"language":"ENG","playtime":1902,"items_purged":["Sickly","Moonworks:CloudOfSeagulls"],"score":947,"play_id":"5d1d2857-8248-4bf4-89f0-18780fd6bb66","local_time":"20210222232916","is_ascension_mode":false,"campfire_choices":[{"data":"Moonworks:Accelerator","floor":12.0,"key":"SMITH"},{"floor":17.0,"key":"DIG"},{"floor":27,"key":"DIG"},{"floor":42,"key":"DIG"}],"circlet_count":0,"master_deck":["Moonworks:Strike","Moonworks:Strike","Moonworks:Strike","Moonworks:Strike","Moonworks:Defend","Moonworks:Defend","Moonworks:Defend","Moonworks:Defend","Moonworks:Ambush","Moonworks:LongDistanceShot","Moonworks:Accelerator+1","Moonworks:CloudOfSeagulls","Moonworks:EvilSpyWorkPreparation","Moonworks:WindyEnchantment+1","Moonworks:CloudOfSeagulls","Moonworks:EvilSpyWorkPreparation","Moonworks:NicePresent","Moonworks:CloudOfSeagulls+1","Moonworks:NicePresent","Moonworks:JonathanRush","Moonworks:EvilSpyWorkPreparation","Moonworks:NicePresent","Moonworks:ForcedRevival","Moonworks:NicePresent","Moonworks:PlushieMaster","Moonworks:NicePresent","Moonworks:AccelHyper","Moonworks:EvilSpyWorkPreparation","Moonworks:EvilSpyWorkPreparation","Moonworks:NicePresent+1"],"relics":["Moonworks:BrokenBomb","Moonworks:Homemark","DaveBox","OneHitWonderSystem","Membership Card","Replay:Wax Seal","Replay:Multitool","SynthV:TestCard","LetterFromLob","Lantern","reliquary:TatteredRug","infinitespire:PuzzleCube","Moonworks:LittleGull","Bag of Marbles","ReplayTheSpireMod:CursedCoin","Technique","infinitespire:FocusingShard","HereWithMe","infinitespire:Satchel","Smiling Mask","Replay:Mystery Machine","Vajra","reliquary:Craggleroot","reliquary:PorcupineQuills","reliquary:Knoch"],"acts_visited":["Exordium","TheCity","TheBeyond"],"potions_floor_usage":[26,35,35],"damage_taken":[{"damage":0.0,"enemies":"Small Slimes","floor":1.0,"turns":4.0},{"damage":0.0,"enemies":"Cultist","floor":2.0,"turns":4.0},{"damage":0.0,"enemies":"Jaw Worm","floor":4.0,"turns":3.0},{"damage":0.0,"enemies":"Gremlin Gang","floor":6.0,"turns":4.0},{"damage":0.0,"enemies":"3 Sentries","floor":7.0,"turns":3.0},{"damage":0.0,"enemies":"Large Slime","floor":8.0,"turns":4.0},{"damage":0.0,"enemies":"2 Fungi Beasts","floor":13.0,"turns":3.0},{"damage":0.0,"enemies":"Exordium Wildlife","floor":14.0,"turns":2.0},{"damage":0.0,"enemies":"Lots of Slimes","floor":16.0,"turns":2.0},{"damage":0.0,"enemies":"Hexaghost","floor":18.0,"turns":4.0},{"damage":0,"enemies":"Spheric Guardian","floor":20,"turns":2},{"damage":0,"enemies":"Shell Parasite","floor":21,"turns":3},{"damage":0,"enemies":"Shelled Parasite and Fungi","floor":23,"turns":2},{"damage":0,"enemies":"3 Cultists","floor":24,"turns":2},{"damage":0,"enemies":"theDuelist:KaibaA2","floor":25,"turns":3},{"damage":0,"enemies":"Cultist and Chosen","floor":26,"turns":3},{"damage":0,"enemies":"Chosen and Byrds","floor":29,"turns":3},{"damage":0,"enemies":"Snake Plant","floor":30,"turns":2},{"damage":0,"enemies":"Snecko","floor":31,"turns":4},{"damage":0,"enemies":"Centurion and Healer","floor":32,"turns":3},{"damage":0,"enemies":"Automaton","floor":35,"turns":5},{"damage":0,"enemies":"3 Darklings","floor":37,"turns":2},{"damage":0,"enemies":"Orb Walker","floor":38,"turns":2},{"damage":0,"enemies":"Maw","floor":39,"turns":3},{"damage":0,"enemies":"Sphere and 2 Shapes","floor":41,"turns":2},{"damage":0,"enemies":"Nemesis","floor":43,"turns":3},{"damage":3,"enemies":"4 Shapes","floor":44,"turns":2}],"seed_played":"-6443456224274919626","potions_obtained":[{"floor":1.0,"key":"Fire Potion"},{"floor":8.0,"key":"SpeedPotion"},{"floor":13.0,"key":"LiquidMemories"},{"floor":14.0,"key":"ColorlessPotion"},{"floor":25,"key":"Swift Potion"},{"floor":26,"key":"Fruit Juice"},{"floor":30,"key":"FearPotion"},{"floor":32,"key":"Explosive Potion"},{"floor":39,"key":"Languid Potion"},{"floor":43,"key":"ColorlessPotion"}],"is_trial":false,"path_per_floor":["M","M","$","M","?","M","E","M","T","PTL","PTL","R","M","M","$","M","R_BF","B",null,"M","M","?","M","M","E","M","R","T","M","M","M","M","$","R","B",null,"M","M","M","$","M","R","E","M"],"character_chosen":"THE_STARBREAKER","items_purchased":["Membership Card","Moonworks:Accelerator","Replay:Wax Seal","Replay:Multitool","Lantern","Moonworks:CloudOfSeagulls","Moonworks:WindyEnchantment","Moonworks:LittleGull","Bag of Marbles","ReplayTheSpireMod:CursedCoin","Technique","Moonworks:NicePresent","Vajra","Moonworks:EvilSpyWorkPreparation"],"campfire_rested":0,"item_purchase_floors":[0,0,0,0,3,3,3,15,15,15,15,33,33,40],"current_hp_per_floor":[1,1,1,1,1,1,1,1,1,1,1,1,1,1,1,1,1,1,1,1,1,1,1,1,1,1,1,1,1,1,1,1,1,1,6,1,1,1,1,1,1,1,1,0,0],"gold":53,"neow_bonus":"","is_daily":false,"chose_seed":false,"campfire_upgraded":1,"win_rate":0.0,"timestamp":1614054556,"path_taken":["M","M","$","M","?","M","E","?","T","PTL","PTL","R","M","M","$","M","R_BF","BOSS","M","M","?","M","M","E","M","R","T","M","M","M","M","$","R","BOSS","M","M","M","$","?","R","E","M"],"items_purchased_type":["Relic","Card","Relic","Relic","Card","Card","Card","Relic","Relic","Relic","Relic","Card","Relic","Card"],"build_version":"2020-12-22","purchased_purges":2,"victory":false,"max_hp_per_floor":[1,1,1,1,1,1,1,1,1,1,1,1,1,1,1,1,1,1,1,1,1,1,1,1,1,1,1,1,1,1,1,1,1,1,6,1,1,1,1,1,1,1,1,1,1],"card_choices":[{"not_picked":["Moonworks:BigMagnum","Moonworks:LulusLuckyEgg"],"picked":"Moonworks:CloudOfSeagulls","floor":1.0},{"not_picked":["Moonworks:SakisCookie","Moonworks:DeployBits","Moonworks:ForcedRevival","Moonworks:BackdoorTrade"],"picked":"Moonworks:EvilSpyWorkPreparation","floor":2.0},{"not_picked":["Moonworks:SakisCookie","Moonworks:EvilSpyWorkPreparation","Moonworks:DeployBits","Moonworks:BigMagnum"],"picked":"Moonworks:CloudOfSeagulls","floor":4.0},{"not_picked":["Moonworks:AnotherUltimateWeapon","Moonworks:ImOnFire","Moonworks:UnpaidWork","Moonworks:BigMagnum"],"picked":"Moonworks:EvilSpyWorkPreparation","floor":6.0},{"not_picked":["Moonworks:IndiscriminateFireSupport","Moonworks:DeployBits","Moonworks:JonathanRush","Moonworks:HolyNight","Moonworks:LulusLuckyEgg"],"picked":"SKIP","floor":7.0},{"not_picked":["Moonworks:IndiscriminateFireSupport","Moonworks:Assault","Moonworks:LulusLuckyEgg","Moonworks:Dinner"],"picked":"Moonworks:NicePresent","floor":8.0},{"not_picked":["Moonworks:RagingMadness","Moonworks:Assault","Moonworks:DeployBits","Moonworks:BigMagnum"],"picked":"Moonworks:CloudOfSeagulls","floor":13.0},{"not_picked":["Moonworks:CompletionReward","Moonworks:SelfDestruct","Moonworks:Blazing","Moonworks:JonathanRush"],"picked":"Moonworks:NicePresent","floor":14.0},{"not_picked":["Moonworks:ForcedRevival","Moonworks:BigBangBell","Moonworks:UnluckyCharm","Moonworks:MiracleRedBeanIceCream"],"picked":"Moonworks:JonathanRush","floor":16.0},{"not_picked":["Moonworks:BigMagnum","Moonworks:ImOnFire","Moonworks:CloudOfSeagulls+1","Moonworks:Assault+1","Moonworks:IndiscriminateFireSupport"],"picked":"SKIP","floor":20},{"not_picked":["Moonworks:Assault","Moonworks:SakisCookie+1","Moonworks:JonathanRush","Moonworks:ImOnFire+1","Moonworks:SinkOrSwim"],"picked":"SKIP","floor":21},{"not_picked":["Moonworks:MixPhenomenon","Moonworks:CloudOfSeagulls","Moonworks:WindyEnchantment+1","Moonworks:AwakeningOfTalent"],"picked":"Moonworks:EvilSpyWorkPreparation","floor":23},{"not_picked":["Moonworks:Dinner+1","Moonworks:BackdoorTrade","Moonworks:Assault","Moonworks:CompletionReward+1"],"picked":"Moonworks:NicePresent","floor":24},{"not_picked":["Moonworks:Poppoformation","Moonworks:DeployBits","Moonworks:BigMagnum","Moonworks:LeapThroughSpace"],"picked":"Moonworks:ForcedRevival","floor":25},{"not_picked":["Moonworks:Assault","Moonworks:LulusLuckyEgg","Moonworks:ImOnFire","Moonworks:ForcedRevival","Moonworks:CloudOfSeagulls"],"picked":"SKIP","floor":26},{"not_picked":["Moonworks:IndiscriminateFireSupport","Moonworks:ImOnFire","Moonworks:DeployBits","Moonworks:Assault"],"picked":"Moonworks:NicePresent","floor":29},{"not_picked":["Moonworks:ImOnFire","Moonworks:AwakeningOfTalent","Moonworks:RedAndBlue+1","Moonworks:SelfDestruct"],"picked":"Moonworks:PlushieMaster","floor":30},{"not_picked":["Moonworks:SealedMemories","Moonworks:Assault+1","Moonworks:Poppoformation","Moonworks:JonathanRush","Moonworks:IndiscriminateFireSupport"],"picked":"SKIP","floor":31},{"not_picked":["Moonworks:IntelligenceOfficer+1","Moonworks:UnpaidWork","Moonworks:MixPhenomenon","Moonworks:ImmovableObject","Moonworks:Flamethrower"],"picked":"SKIP","floor":32},{"not_picked":["Moonworks:MetallicMonocoque","Moonworks:Wanted","Moonworks:ReflectiveShell","Moonworks:SinkOrSwim"],"picked":"Moonworks:AccelHyper","floor":35},{"not_picked":["Moonworks:SelfDestruct+1","Moonworks:SakisCookie","Moonworks:Poppoformation","Moonworks:CloudOfSeagulls+1"],"picked":"Moonworks:EvilSpyWorkPreparation","floor":37},{"not_picked":["Moonworks:SakisCookie","Moonworks:DeployBits+1","Moonworks:LulusLuckyEgg+1","Moonworks:DevilHand+1","Moonworks:BigMagnum"],"picked":"SKIP","floor":38},{"not_picked":["Moonworks:Bloodlust","Moonworks:CastOff+1","Moonworks:x16BigRocket","Moonworks:DeployBits+1","Moonworks:IndiscriminateFireSupport+1"],"picked":"SKIP","floor":39},{"not_picked":["Moonworks:SinkOrSwim","Moonworks:SweetBattle+1","Moonworks:Assault+1","Moonworks:LulusLuckyEgg+1"],"picked":"Moonworks:NicePresent+1","floor":41},{"not_picked":["Moonworks:JonathanRush","Moonworks:CompletionReward","Moonworks:ImOnFire","Moonworks:SealedMemories","Moonworks:IndiscriminateFireSupport"],"picked":"SKIP","floor":43}],"player_experience":211976,"relics_obtained":[{"floor":1.0,"key":"SynthV:TestCard"},{"floor":1.0,"key":"LetterFromLob"},{"floor":7.0,"key":"reliquary:TatteredRug"},{"floor":9.0,"key":"infinitespire:PuzzleCube"},{"floor":17.0,"key":"infinitespire:FocusingShard"},{"floor":25,"key":"infinitespire:Satchel"},{"floor":27,"key":"Smiling Mask"},{"floor":28,"key":"Replay:Mystery Machine"},{"floor":42,"key":"reliquary:PorcupineQuills"},{"floor":43,"key":"reliquary:Knoch"}],"event_choices":[{"damage_healed":0.0,"max_hp_gain":0.0,"max_hp_loss":0.0,"gold_gain":100.0,"event_name":"Golden Shrine","player_choice":"Pray","floor":5.0,"gold_loss":0.0,"damage_taken":0.0},{"cards_removed":["Moonworks:CloudOfSeagulls"],"damage_healed":0,"gold_gain":0,"player_choice":"Give","damage_taken":0,"max_hp_gain":0,"max_hp_loss":0,"event_name":"betterNote:BetterNote","floor":22,"gold_loss":0,"cards_obtained":["None"]}],"is_beta":false,"boss_relics":[{"not_picked":["reliquary:RedPaperclip","SlaversCollar"],"picked":"HereWithMe"},{"not_picked":["Replay:Ancient Bell","Ring of Chaos"],"picked":"reliquary:Craggleroot"}],"items_purged_floors":[15,33],"is_endless":false,"potions_floor_spawned":[1,8,13,14,25,26,30,32,39,43],"killed_by":"4 Shapes","ascension_level":0}}