{"host":"9slw7l0ws16384qq","time":1614108441,"event":{"mods":["A Penny For Your Troubles","BaseMod","Colored Map","Downfall","Evolution","Hubris","Minty Spire (QoL Compilation)","Replay The Spire","StS++","StSLib"],"gold_per_floor":[99,117,135,135,45,45,45,80,80,94,94,113,113,113,129,232,232,132,142,142,159,44,61,61,161,177,80,97,116,116,166,176,276,276,276,296,296,296,307,339,362,362,362,362],"floor_reached":42,"language":"FRA","playtime":1722,"items_purged":["downfall:Malfunctioning","bronze:Strike"],"score":621,"play_id":"2abd939f-8f1f-4d8c-8417-d803a6ef6aa4","local_time":"20210223202721","is_ascension_mode":true,"campfire_choices":[{"data":"bronze:Defend","floor":1.0,"key":"PURGE"},{"data":"bronze:Replicate","floor":6.0,"key":"SMITH"},{"floor":9.0,"key":"REST"},{"data":"bronze:Defend","floor":11.0,"key":"SMITH"},{"floor":13.0,"key":"RECALL"},{"floor":18.0,"key":"DIG"},{"data":"bronze:DazingPulse","floor":30,"key":"SMITH"},{"data":"bronze:Mutator","floor":35,"key":"SMITH"}],"circlet_count":0,"master_deck":["bronze:Strike+1","bronze:Defend+1","bronze:Defend+1","bronze:Replicate+1","bronze:Goto+1","bronze:AlphaBuild+1","bronze:DazingPulse+1","Flash of Steel","bronze:Mutator+1"],"relics":["bronze:BronzeCore","EVO:Axolotl","Snack Pack","Replay:PocketPolymizer","Busted Crown","downfall:HeartBlessingRed","Vajra","hubris:TinFlute","TungstenRod","hubris:Reverence","ReplayFunnel","Velvet Choker","Kunai","hubris:TenFootPole"],"acts_visited":["Exordium","TheCity","TheBeyond"],"potions_floor_usage":[42],"damage_taken":[{"damage":4.0,"enemies":"Jaw Worm","floor":2.0,"turns":4.0},{"damage":0.0,"enemies":"Small Slimes","floor":3.0,"turns":2.0},{"damage":9.0,"enemies":"downfall:FleeingMerchant","floor":5.0,"turns":4.0},{"damage":24.0,"enemies":"Lagavulin","floor":8.0,"turns":4.0},{"damage":0.0,"enemies":"Cultist","floor":10.0,"turns":2.0},{"damage":0.0,"enemies":"2 Fungi Beasts","floor":12.0,"turns":2.0},{"damage":0.0,"enemies":"2 Fungi Beasts","floor":14.0,"turns":2.0},{"damage":0.0,"enemies":"Blue Slaver","floor":15.0,"turns":2.0},{"damage":17.0,"enemies":"SI_SHIV_ARCHETYPE","floor":16.0,"turns":9.0},{"damage":10.0,"enemies":"Shell Parasite","floor":19.0,"turns":3.0},{"damage":0.0,"enemies":"downfall:LooterAlt2","floor":21.0,"turns":3.0},{"damage":0.0,"enemies":"downfall:FleeingMerchant","floor":22.0,"turns":4.0},{"damage":2.0,"enemies":"Chosen and Byrds","floor":23.0,"turns":3.0},{"damage":0.0,"enemies":"Colosseum Nobs","floor":25.0,"turns":5.0},{"damage":0.0,"enemies":"Cultist and Chosen","floor":26.0,"turns":4.0},{"damage":0.0,"enemies":"downfall:FleeingMerchant","floor":27.0,"turns":5.0},{"damage":0,"enemies":"Centurion and Healer","floor":28,"turns":3},{"damage":4,"enemies":"Snake Plant","floor":29,"turns":4},{"damage":0,"enemies":"Chosen and Byrds","floor":32,"turns":4},{"damage":31,"enemies":"IC_MUSHROOM_ARCHETYPE","floor":33,"turns":7},{"damage":7,"enemies":"3 Darklings","floor":36,"turns":5},{"damage":0,"enemies":"Orb Walker","floor":39,"turns":3},{"damage":22,"enemies":"R_Hoarder","floor":40,"turns":9},{"damage":55,"enemies":"Transient","floor":42,"turns":3}],"seed_played":"6219016459782397807","potions_obtained":[{"floor":2.0,"key":"SkillPotion"},{"floor":10.0,"key":"bronze:CleanCodePotion"},{"floor":14.0,"key":"LiquidMemories"},{"floor":19.0,"key":"Flashbang"},{"floor":25.0,"key":"PowerPotion"},{"floor":28,"key":"Fire Potion"},{"floor":36,"key":"SkillPotion"}],"is_trial":false,"path_per_floor":["R_BF","M","M","?","$","R","T","E","R","M","R","M","R","?","M","B",null,"R_BF","M","?","M","$","M","T","?","M","$","M","M","R","T","M","B",null,"R","M","?","?","M","E","T","M"],"character_chosen":"THE_AUTOMATON","items_purchased":["Flash of Steel"],"campfire_rested":1,"item_purchase_floors":[27],"current_hp_per_floor":[63,59,59,59,50,50,50,32,50,54,54,56,56,58,60,52,60,60,52,52,56,60,63,63,63,63,63,63,61,61,61,63,36,56,56,59,59,59,61,43,43,0,0,0],"gold":362,"neow_bonus":"REMOVE_TWO","is_daily":false,"chose_seed":false,"campfire_upgraded":4,"win_rate":0.0,"timestamp":1614108441,"path_taken":["R_BF","M","M","?","$","R","T","E","R","M","R","M","R","?","M","BOSS","R_BF","M","?","?","$","M","T","?","M","$","M","M","R","?","M","BOSS","R","M","?","?","M","E","T","?"],"items_purchased_type":["Card"],"build_version":"2020-12-22","purchased_purges":2,"victory":false,"max_hp_per_floor":[63,63,63,63,63,63,63,63,63,63,63,63,63,63,63,63,63,63,63,63,63,63,63,63,63,63,63,63,63,63,63,63,63,63,63,63,63,63,63,63,63,63,63,63],"card_choices":[{"not_picked":["bronze:CloningBeam","bronze:BitShift","bronze:Iterate"],"picked":"SKIP","floor":2.0},{"not_picked":["bronze:Refactor","bronze:BuggyMess","bronze:Deprecate"],"picked":"SKIP","floor":3.0},{"not_picked":["bronze:Philosophize","bronze:Branch","bronze:AlphaBuild"],"picked":"SKIP","floor":5.0},{"not_picked":["bronze:Philosophize","bronze:BitShift","bronze:Backtrace"],"picked":"SKIP","floor":8.0},{"not_picked":["bronze:Separator","bronze:BronzeOrb","bronze:BuggyMess"],"picked":"SKIP","floor":10.0},{"not_picked":["bronze:BuggyMess","bronze:CutThrough","bronze:WhirlingStrike"],"picked":"SKIP","floor":12.0},{"not_picked":[],"picked":"bronze:DazingPulse","floor":14.0},{"not_picked":["bronze:Overheat","bronze:Turbo","bronze:Virus"],"picked":"SKIP","floor":15.0},{"not_picked":["bronze:Separator"],"picked":"SKIP","floor":19.0},{"not_picked":["bronze:Shield"],"picked":"SKIP","floor":21.0},{"not_picked":["bronze:FineTuning"],"picked":"SKIP","floor":22.0},{"not_picked":["bronze:BronzeOrb+1"],"picked":"SKIP","floor":23.0},{"not_picked":["bronze:WildBeam"],"picked":"SKIP","floor":26.0},{"not_picked":["bronze:Invalidate"],"picked":"SKIP","floor":27.0},{"not_picked":["bronze:Iterate"],"picked":"SKIP","floor":28},{"not_picked":["bronze:BuggyMess"],"picked":"SKIP","floor":29},{"not_picked":["bronze:ChildClass"],"picked":"SKIP","floor":32},{"not_picked":[],"picked":"bronze:Mutator","floor":33},{"not_picked":["bronze:MaxOutput"],"picked":"SKIP","floor":36},{"not_picked":["bronze:Frontload"],"picked":"SKIP","floor":39},{"not_picked":["bronze:CloningBeam+1"],"picked":"SKIP","floor":40}],"player_experience":1728467,"relics_obtained":[{"floor":7.0,"key":"Snack Pack"},{"floor":8.0,"key":"Replay:PocketPolymizer"},{"floor":18.0,"key":"Vajra"},{"floor":24.0,"key":"hubris:TinFlute"},{"floor":25.0,"key":"TungstenRod"},{"floor":25.0,"key":"hubris:Reverence"},{"floor":31,"key":"ReplayFunnel"},{"floor":40,"key":"Kunai"},{"floor":41,"key":"hubris:TenFootPole"}],"event_choices":[],"is_beta":false,"boss_relics":[{"not_picked":["Astrolabe","Ring of Chaos"],"picked":"Busted Crown"},{"not_picked":["bronze:ElectromagneticCoil","bronze:MakeshiftBattery"],"picked":"Velvet Choker"}],"items_purged_floors":[5,22],"is_endless":false,"potions_floor_spawned":[2,10,14,19,25,26,28,36],"killed_by":"Transient","ascension_level":9}}