{"host":"72n3jwtrlpjobydj","time":1614045314,"event":{"mods":["AchievementEnabler","Act Like it!","Arknights","BaseMod","CapriCore","DeckTracker","Hermit","Koishi","Lobotomy","Marisa£¨Ùöéë¡¡Øª×âÞÞ£©","Minty Spire (QoL Compilation)","Permanent Neow","StSLib","SuperFastMode","The Cursed","The Gatherer","The Hierophant","The Immortal"],"gold_per_floor":[219,219,219,67,85,85,117,117,117,117,136,150,164,129,129,129,129],"floor_reached":16,"language":"KOR","playtime":447,"items_purged":["ats:Strike V"],"score":100,"play_id":"49fa459e-70bb-4368-b8a1-3aedfbabb4e6","local_time":"20210223105514","is_ascension_mode":false,"campfire_choices":[{"floor":6,"key":"REST"},{"floor":15,"key":"REST"}],"circlet_count":0,"master_deck":["ats:Strike C","ats:Strike G","ats:Strike S","ats:Armor Crushing Shot","ats:Defend","ats:Defend","ats:Defend","ats:Emotion Absorption","ats:Curse Doll","ats:Literary Storm","ats:Absolute Focus","ats:Curse Doll","ats:Song Of Battle","ats:Spore Proliferation"],"relics":["ats:Sanity","Letter Opener","ats:Originium","Mummified Hand","Pear"],"acts_visited":["Exordium"],"potions_floor_usage":[13,16,16],"damage_taken":[{"damage":4,"enemies":"ats:Genji","floor":1,"turns":3},{"damage":5,"enemies":"Cultist","floor":5,"turns":4},{"damage":66,"enemies":"Lagavulin","floor":7,"turns":10},{"damage":6,"enemies":"2 Louse","floor":11,"turns":3},{"damage":23,"enemies":"Blue Slaver","floor":12,"turns":5},{"damage":3,"enemies":"2 Fungi Beasts","floor":13,"turns":3},{"damage":24,"enemies":"Slime Boss","floor":16,"turns":7}],"seed_played":"-9061367698071688099","potions_obtained":[{"floor":7,"key":"Energy Potion"},{"floor":11,"key":"ColorlessPotion"},{"floor":13,"key":"DistilledChaos"}],"is_trial":false,"path_per_floor":["M","?","?","$","M","R","E","?","T","T","M","M","M","$","R","B"],"character_chosen":"DOCTOR_CLASS","items_purchased":["ats:Literary Storm","ats:Spore Proliferation"],"campfire_rested":2,"item_purchase_floors":[4,14],"current_hp_per_floor":[68,61,61,61,56,72,6,30,30,40,34,11,8,8,32,8,8],"gold":129,"neow_bonus":"HUNDRED_GOLD","is_daily":false,"chose_seed":false,"campfire_upgraded":0,"win_rate":0.0,"timestamp":1614045314,"path_taken":["M","?","?","$","?","R","E","?","T","?","M","M","M","?","R","BOSS"],"items_purchased_type":["Card","Card"],"build_version":"2020-12-22","purchased_purges":1,"victory":false,"max_hp_per_floor":[72,72,72,72,72,72,72,72,72,82,82,82,82,82,82,82,82],"card_choices":[{"not_picked":["ats:Powerful Strike","ats:Poison Spread"],"picked":"ats:Curse Doll","floor":1},{"not_picked":["ats:Healing Drone","ats:Revitalization"],"picked":"ats:Absolute Focus","floor":5},{"not_picked":["ats:Wolf Pack","ats:Magnetic Hammer"],"picked":"ats:Curse Doll","floor":7},{"not_picked":["ats:Healing Drone","ats:Blood Oath","ats:Ignite"],"picked":"SKIP","floor":11},{"not_picked":["ats:Blood Oath","ats:Magnetic Hammer","ats:Leaping Hammer"],"picked":"SKIP","floor":12},{"not_picked":["ats:Shell Defense","ats:Apocalypse"],"picked":"ats:Song Of Battle","floor":13}],"player_experience":126386,"relics_obtained":[{"floor":7,"key":"ats:Originium"},{"floor":7,"key":"Mummified Hand"},{"floor":10,"key":"Pear"}],"event_choices":[{"damage_healed":0,"gold_gain":0,"player_choice":"Success","damage_taken":7,"relics_obtained":["Letter Opener"],"max_hp_gain":0,"max_hp_loss":0,"event_name":"Scrap Ooze","floor":2,"gold_loss":0},{"cards_removed":["ats:Defend"],"damage_healed":0,"gold_gain":0,"player_choice":"Offered Basic","damage_taken":0,"max_hp_gain":0,"max_hp_loss":0,"event_name":"Bonfire Elementals","floor":3,"gold_loss":0},{"damage_healed":24,"gold_gain":0,"player_choice":"Banana","damage_taken":0,"max_hp_gain":0,"max_hp_loss":0,"event_name":"Big Fish","floor":8,"gold_loss":0}],"is_beta":false,"boss_relics":[],"items_purged_floors":[4],"is_endless":false,"potions_floor_spawned":[7,11,13],"killed_by":"Slime Boss","ascension_level":0}}