{"host":"89iuq2p5kwriuwfq","time":1614095615,"event":{"mods":["BaseMod","Curses Come First","Custom Start","Minty Spire (QoL Compilation)","Permanent Neow","StSLib"],"gold_per_floor":[117,192,192,207,217,249,249,274,298,298,263,263,289,309,309,381,381,396,414,444,456,456,490,490,517,529,559,581,619,631,675,687,778,790,821,511,562,257,257,288,288,315,315,350,350,376,394,412,412,412],"floor_reached":51,"language":"ENG","playtime":2460,"items_purged":["Strike_R","Strike_R"],"score":1645,"play_id":"90ebbc50-9030-4bf1-9d46-ea4f615e51b4","local_time":"20210223155335","is_ascension_mode":true,"campfire_choices":[{"data":"Uppercut","floor":7.0,"key":"SMITH"},{"data":"Demon Form","floor":10.0,"key":"SMITH"},{"data":"Bash","floor":12.0,"key":"SMITH"},{"data":"Heavy Blade","floor":15.0,"key":"SMITH"},{"data":"Flex","floor":24.0,"key":"SMITH"},{"data":"Double Tap","floor":32.0,"key":"SMITH"},{"data":"Limit Break","floor":49,"key":"SMITH"}],"circlet_count":0,"master_deck":["AscendersBane","Strike_R","Strike_R","Defend_R","Defend_R","Defend_R","Defend_R","Bash+1","Cleave","Ghostly Armor","Pommel Strike","Uppercut+1","Demon Form+1","Heavy Blade+1","Pummel","Double Tap+1","Pummel","Flex+1","Ghostly Armor","Inflame","Pummel","Limit Break+1","Madness","Madness","Pummel+1"],"relics":["Burning Blood","Art of War","Bag of Preparation","Tiny Chest","Strawberry","Oddly Smooth Stone","Coffee Dripper","Red Mask","HornCleat","Vajra","MawBank","Ice Cream","Matryoshka","Red Skull","White Beast Statue","Self Forming Clay","Busted Crown","Membership Card","InkBottle","Girya","Pantograph","Paper Frog","Darkstone Periapt","Toxic Egg 2","Akabeko","FossilizedHelix","Juzu Bracelet","Ancient Tea Set"],"acts_visited":["Exordium","TheCity","TheBeyond"],"potions_floor_usage":[50],"damage_taken":[{"damage":0.0,"enemies":"Small Slimes","floor":1.0,"turns":3.0},{"damage":13.0,"enemies":"Jaw Worm","floor":4.0,"turns":4.0},{"damage":0.0,"enemies":"Cultist","floor":5.0,"turns":3.0},{"damage":25.0,"enemies":"3 Sentries","floor":6.0,"turns":8.0},{"damage":18.0,"enemies":"Lagavulin","floor":8.0,"turns":7.0},{"damage":12.0,"enemies":"Gremlin Nob","floor":13.0,"turns":3.0},{"damage":2.0,"enemies":"Looter","floor":14.0,"turns":3.0},{"damage":9.0,"enemies":"Hexaghost","floor":16.0,"turns":6.0},{"damage":6.0,"enemies":"2 Thieves","floor":18.0,"turns":5.0},{"damage":11.0,"enemies":"Shell Parasite","floor":19.0,"turns":6.0},{"damage":19.0,"enemies":"Masked Bandits","floor":20.0,"turns":5.0},{"damage":12.0,"enemies":"Centurion and Healer","floor":21.0,"turns":4.0},{"damage":28.0,"enemies":"Slavers","floor":23.0,"turns":6.0},{"damage":0.0,"enemies":"Gremlin Leader","floor":25.0,"turns":6.0},{"damage":7.0,"enemies":"Shelled Parasite and Fungi","floor":27.0,"turns":4.0},{"damage":12.0,"enemies":"Snecko","floor":28.0,"turns":5.0},{"damage":14.0,"enemies":"Slavers","floor":29.0,"turns":3.0},{"damage":0.0,"enemies":"Gremlin Leader","floor":31.0,"turns":3.0},{"damage":10.0,"enemies":"Champ","floor":33.0,"turns":6.0},{"damage":0.0,"enemies":"Orb Walker","floor":35.0,"turns":2.0},{"damage":8.0,"enemies":"2 Orb Walkers","floor":37.0,"turns":3.0},{"damage":3.0,"enemies":"Giant Head","floor":40.0,"turns":5.0},{"damage":7.0,"enemies":"Reptomancer","floor":44.0,"turns":4.0},{"damage":25,"enemies":"Nemesis","floor":46,"turns":5},{"damage":0,"enemies":"3 Shapes","floor":47,"turns":2},{"damage":0,"enemies":"3 Darklings","floor":48,"turns":4},{"damage":16,"enemies":"Awakened One","floor":50,"turns":6}],"seed_played":"2041270511150672165","potions_obtained":[{"floor":4.0,"key":"Fire Potion"},{"floor":6.0,"key":"Energy Potion"},{"floor":8.0,"key":"LiquidMemories"},{"floor":14.0,"key":"Energy Potion"},{"floor":18.0,"key":"Ancient Potion"},{"floor":20.0,"key":"Weak Potion"},{"floor":27.0,"key":"Strength Potion"},{"floor":29.0,"key":"Regen Potion"},{"floor":31.0,"key":"SpeedPotion"},{"floor":33.0,"key":"GamblersBrew"},{"floor":44.0,"key":"PowerPotion"},{"floor":46,"key":"Block Potion"}],"is_trial":false,"path_per_floor":["M","?","?","M","M","E","R","E","T","R","?","R","E","M","R","B",null,"M","M","?","M","T","E","R","E","T","M","M","E","T","E","R","B",null,"M","$","?","$","?","E","?","T","T","E","T","E","M","M","R","B",null],"character_chosen":"IRONCLAD","items_purchased":["Membership Card","InkBottle","Pantograph","Paper Frog"],"campfire_rested":0,"item_purchase_floors":[36,36,38,38],"current_hp_per_floor":[74,63,63,56,62,43,43,31,38,38,58,58,52,56,56,53,75,75,70,57,51,51,29,29,35,35,34,28,20,20,35,35,31,69,75,75,73,73,58,61,61,61,61,60,60,41,47,53,53,68],"gold":412,"neow_bonus":"RANDOM_COMMON_RELIC","is_daily":false,"chose_seed":false,"campfire_upgraded":7,"win_rate":0.0,"timestamp":1614095615,"path_taken":["M","?","?","M","?","E","R","E","T","R","?","R","E","M","R","BOSS","M","M","?","M","?","E","R","E","T","M","M","E","?","E","R","BOSS","M","$","?","$","?","E","?","?","T","E","?","E","M","M","R","BOSS"],"items_purchased_type":["Relic","Relic","Relic","Relic"],"build_version":"2020-12-22","purchased_purges":2,"victory":true,"max_hp_per_floor":[75,75,75,75,75,75,75,75,82,82,82,82,82,82,82,82,82,82,82,82,82,82,82,82,82,82,82,82,82,82,82,82,82,82,82,82,82,82,82,82,82,82,82,82,82,82,82,82,82,82],"card_choices":[{"not_picked":["Seeing Red","Twin Strike"],"picked":"Cleave","floor":1.0},{"not_picked":["Evolve","Sword Boomerang"],"picked":"Ghostly Armor","floor":4.0},{"not_picked":["Iron Wave","Twin Strike"],"picked":"Pommel Strike","floor":5.0},{"not_picked":["Sword Boomerang","Heavy Blade"],"picked":"Uppercut","floor":6.0},{"not_picked":["Body Slam","Heavy Blade"],"picked":"Demon Form","floor":8.0},{"not_picked":["Bludgeon","Evolve"],"picked":"Heavy Blade","floor":13.0},{"not_picked":["Rage","True Grit"],"picked":"Pummel","floor":14.0},{"not_picked":["Corruption","Bludgeon"],"picked":"Double Tap","floor":16.0},{"not_picked":["Combust","Reckless Charge","Fire Breathing+1"],"picked":"SKIP","floor":18.0},{"not_picked":["Seeing Red","Wild Strike"],"picked":"Pummel","floor":19.0},{"not_picked":["Clash","Perfected Strike"],"picked":"Flex","floor":20.0},{"not_picked":["Body Slam","Warcry"],"picked":"Ghostly Armor","floor":21.0},{"not_picked":["Havoc","Immolate","Seeing Red"],"picked":"SKIP","floor":23.0},{"not_picked":["Shrug It Off","Clothesline"],"picked":"Inflame","floor":25.0},{"not_picked":["True Grit","Reckless Charge","Hemokinesis"],"picked":"SKIP","floor":27.0},{"not_picked":["Rampage","Twin Strike"],"picked":"Pummel","floor":28.0},{"not_picked":["Clash","Sword Boomerang","Dual Wield+1"],"picked":"SKIP","floor":29.0},{"not_picked":["Thunderclap","Shockwave","Second Wind"],"picked":"SKIP","floor":31.0},{"not_picked":["Corruption","Fiend Fire"],"picked":"Limit Break","floor":33.0},{"not_picked":["Bloodletting"],"picked":"SKIP","floor":35.0},{"not_picked":["Sword Boomerang"],"picked":"SKIP","floor":40.0},{"not_picked":[],"picked":"Pummel+1","floor":44.0},{"not_picked":["Havoc+1"],"picked":"SKIP","floor":46},{"not_picked":["Clash"],"picked":"SKIP","floor":47},{"not_picked":["Hemokinesis"],"picked":"SKIP","floor":48}],"player_experience":785021,"relics_obtained":[{"floor":6.0,"key":"Bag of Preparation"},{"floor":8.0,"key":"Tiny Chest"},{"floor":9.0,"key":"Strawberry"},{"floor":13.0,"key":"Oddly Smooth Stone"},{"floor":20.0,"key":"Red Mask"},{"floor":22.0,"key":"HornCleat"},{"floor":23.0,"key":"Vajra"},{"floor":25.0,"key":"MawBank"},{"floor":26.0,"key":"Ice Cream"},{"floor":29.0,"key":"Matryoshka"},{"floor":30.0,"key":"Red Skull"},{"floor":30.0,"key":"White Beast Statue"},{"floor":31.0,"key":"Self Forming Clay"},{"floor":37.0,"key":"Girya"},{"floor":40.0,"key":"Darkstone Periapt"},{"floor":42.0,"key":"Toxic Egg 2"},{"floor":42.0,"key":"Akabeko"},{"floor":43.0,"key":"FossilizedHelix"},{"floor":44.0,"key":"Juzu Bracelet"},{"floor":46,"key":"Ancient Tea Set"}],"event_choices":[{"damage_healed":0.0,"max_hp_gain":0.0,"max_hp_loss":0.0,"gold_gain":75.0,"event_name":"World of Goop","player_choice":"Gather Gold","floor":2.0,"gold_loss":0.0,"damage_taken":11.0},{"cards_removed":["Strike_R"],"damage_healed":0.0,"max_hp_gain":0.0,"max_hp_loss":0.0,"gold_gain":0.0,"event_name":"Bonfire Elementals","player_choice":"Offered Basic","floor":3.0,"gold_loss":0.0,"damage_taken":0.0},{"damage_healed":20.0,"max_hp_gain":0.0,"max_hp_loss":0.0,"gold_gain":0.0,"event_name":"The Cleric","player_choice":"Healed","floor":11.0,"gold_loss":35.0,"damage_taken":0.0},{"damage_healed":0.0,"max_hp_gain":0.0,"max_hp_loss":0.0,"gold_gain":0.0,"event_name":"Masked Bandits","player_choice":"Fought Bandits","floor":20.0,"gold_loss":0.0,"damage_taken":0.0},{"damage_healed":0.0,"max_hp_gain":0.0,"max_hp_loss":0.0,"gold_gain":0.0,"event_name":"Mysterious Sphere","player_choice":"Fight","floor":37.0,"gold_loss":0.0,"damage_taken":0.0},{"damage_healed":0.0,"max_hp_gain":0.0,"max_hp_loss":0.0,"gold_gain":0.0,"event_name":"Winding Halls","player_choice":"Embrace Madness","floor":39.0,"gold_loss":0.0,"damage_taken":15.0,"cards_obtained":["Madness","Madness"]},{"damage_healed":0.0,"max_hp_gain":0.0,"max_hp_loss":0.0,"gold_gain":0.0,"event_name":"SensoryStone","player_choice":"Memory 1","floor":41.0,"gold_loss":0.0,"damage_taken":0.0}],"is_beta":false,"boss_relics":[{"not_picked":["Tiny House","Empty Cage"],"picked":"Coffee Dripper"},{"not_picked":["Philosopher\u0027s Stone","Snecko Eye"],"picked":"Busted Crown"}],"items_purged_floors":[36,38],"is_endless":false,"potions_floor_spawned":[4,6,8,14,18,20,27,29,31,33,35,37,40,44,46,47,48],"ascension_level":15}}