{"host":"40e4adzyl212zebh","time":1614046717,"event":{"mods":["BaseMod","Colored Map","Colored Powertips","DeckTracker","Minty Spire (QoL Compilation)","Quick Restart","Random Character Button","Relic Stats","StSLib","SuperFastMode"],"gold_per_floor":[113,113,35,35,35,35,60,135,214,214,229,262,262,287,287,415,415,436,459,384,483,258,299,319,319,394,419,419,419,436,59,59,156,156,166,1165,1165,1212,1224,1254,1265,1265,1316,1344,857,900,582,622,622,622,622,622,49,105,105],"floor_reached":56,"language":"ENG","playtime":3439,"items_purged":["Strike_P","Strike_P","Defend_P"],"score":1406,"play_id":"f6e4e5ab-d0da-4f67-84cb-ee3e01119826","local_time":"20210223111837","is_ascension_mode":true,"campfire_choices":[{"data":"BattleHymn","floor":6.0,"key":"SMITH"},{"data":"MentalFortress","floor":13.0,"key":"SMITH"},{"data":"EmptyFist","floor":15.0,"key":"SMITH"},{"floor":25.0,"key":"RECALL"},{"data":"Ragnarok","floor":28.0,"key":"SMITH"},{"data":"Wish","floor":32,"key":"SMITH"},{"data":"Devotion","floor":42,"key":"SMITH"},{"floor":49,"key":"REST"},{"data":"Ragnarok","floor":52,"key":"SMITH"}],"circlet_count":0,"master_deck":["Strike_P+1","Defend_P+1","Defend_P+1","Defend_P+1","Eruption+1","Vigilance+1","MentalFortress+1","BattleHymn+1","Sanctity+1","EmptyFist+1","FlurryOfBlows+1","LessonLearned","Ragnarok+1","Worship+1","Wish+1","WheelKick+1","DevaForm+1","Normality","Normality","InnerPeace+1","Devotion+1","WheelKick+1","Regret","DevaForm+1","Ragnarok+1","Devotion+1","Swivel+1","Fasting2","Worship","EmptyBody","MentalFortress+1"],"relics":["PureWater","NeowsBlessing","PreservedInsect","Blue Candle","Blood Vial","Snecko Eye","Toy Ornithopter","Ornamental Fan","Nloth\u0027s Gift","Torii","Cursed Key","Mummified Hand","Ancient Tea Set","Pear","DollysMirror","ClockworkSouvenir","Anchor"],"acts_visited":["Exordium","TheCity","TheBeyond","TheEnding"],"potions_floor_usage":[33,39,39,46,53,55,55,55],"damage_taken":[{"damage":0.0,"enemies":"2 Louse","floor":1.0,"turns":1.0},{"damage":0.0,"enemies":"Gremlin Nob","floor":7.0,"turns":1.0},{"damage":0.0,"enemies":"Small Slimes","floor":11.0,"turns":1.0},{"damage":2.0,"enemies":"Lagavulin","floor":12.0,"turns":5.0},{"damage":0.0,"enemies":"Cultist","floor":14.0,"turns":3.0},{"damage":5.0,"enemies":"The Guardian","floor":16.0,"turns":10.0},{"damage":13.0,"enemies":"3 Byrds","floor":18.0,"turns":5.0},{"damage":0.0,"enemies":"Chosen","floor":19.0,"turns":4.0},{"damage":0.0,"enemies":"Gremlin Leader","floor":23.0,"turns":4.0},{"damage":1.0,"enemies":"3 Cultists","floor":24.0,"turns":4.0},{"damage":5.0,"enemies":"Centurion and Healer","floor":27.0,"turns":5.0},{"damage":12,"enemies":"Snake Plant","floor":30,"turns":3},{"damage":25,"enemies":"Champ","floor":33,"turns":9},{"damage":0,"enemies":"Orb Walker","floor":35,"turns":1},{"damage":11,"enemies":"3 Shapes","floor":38,"turns":6},{"damage":3,"enemies":"Jaw Worm Horde","floor":39,"turns":3},{"damage":18,"enemies":"Nemesis","floor":40,"turns":3},{"damage":2,"enemies":"Maw","floor":41,"turns":5},{"damage":3,"enemies":"Giant Head","floor":44,"turns":3},{"damage":19,"enemies":"3 Darklings","floor":46,"turns":4},{"damage":34,"enemies":"Spire Growth","floor":48,"turns":3},{"damage":16,"enemies":"Donu and Deca","floor":50,"turns":5},{"damage":23,"enemies":"Shield and Spear","floor":54,"turns":4},{"damage":45,"enemies":"The Heart","floor":55,"turns":7}],"seed_played":"1788817781186951926","potions_obtained":[{"floor":1.0,"key":"Explosive Potion"},{"floor":11.0,"key":"EssenceOfSteel"},{"floor":14.0,"key":"PowerPotion"},{"floor":18.0,"key":"Explosive Potion"},{"floor":38,"key":"Swift Potion"},{"floor":40,"key":"EntropicBrew"},{"floor":44,"key":"Regen Potion"},{"floor":48,"key":"SpeedPotion"}],"is_trial":false,"path_per_floor":["M","?","$","?","?","R","E","?","T","?","M","E","R","M","R","B",null,"M","M","?","?","$","E","M","R","T","M","R","?","M","$","R","B",null,"M","?","?","M","M","E","M","R","T","E","$","M","$","M","R","B",null,"R","$","E","B",null],"character_chosen":"WATCHER","items_purchased":["BattleHymn","Ragnarok","Torii","WheelKick","Ragnarok","Pear","DollysMirror","BottledMiracle","Fasting2","Worship","EmptyBody","Fruit Juice","Ancient Potion","ClockworkSouvenir","DuplicationPotion"],"campfire_rested":1,"item_purchase_floors":[3,22,31,31,45,45,47,47,53,53,53,53,53,53,53],"current_hp_per_floor":[72,72,72,72,77,77,77,66,66,66,66,64,64,66,66,63,71,58,60,60,60,60,62,63,63,63,60,60,60,50,50,50,32,71,71,71,71,60,68,52,52,52,52,51,61,58,58,26,50,36,81,81,86,63,35],"gold":105,"neow_bonus":"THREE_ENEMY_KILL","is_daily":false,"chose_seed":false,"campfire_upgraded":7,"win_rate":0.0,"timestamp":1614046717,"path_taken":["M","?","$","?","?","R","E","?","T","?","M","E","R","M","R","BOSS","M","M","?","?","$","E","M","R","T","M","R","?","?","?","R","BOSS","M","?","?","M","M","E","M","R","T","E","?","M","$","M","R","BOSS","R","$","E","BOSS"],"items_purchased_type":["Card","Card","Relic","Card","Card","Relic","Relic","Potion","Card","Card","Card","Potion","Potion","Relic","Potion"],"build_version":"2020-12-22","purchased_purges":3,"victory":true,"max_hp_per_floor":[72,72,72,72,77,77,77,77,77,71,71,71,71,71,71,71,71,71,71,71,71,71,71,71,71,71,71,71,71,71,71,71,71,71,71,71,71,71,71,71,71,71,71,71,81,81,81,81,81,81,81,81,86,86,86],"relic_stats":{"Blood Vial":32,"Torii":21,"counters":[24,99],"Ornamental Fan":[116],"Mummified Hand":[72],"Blue Candle":[20],"Snecko Eye":[134,143,128,140],"PreservedInsect":314,"Nloth\u0027s Gift":5,"Cursed Key":1,"obtain_stats":[{"Pear":45,"NeowsBlessing":0,"Torii":31,"Golden Idol":10,"Blue Candle":9,"PreservedInsect":7,"Cursed Key":34,"Ancient Tea Set":44,"ClockworkSouvenir":53,"Blood Vial":12,"Anchor":54,"Ornamental Fan":26,"Mummified Hand":40,"DollysMirror":47,"Snecko Eye":17,"Nloth\u0027s Gift":29,"PureWater":0,"Toy Ornithopter":23},{"Pear":19,"NeowsBlessing":0,"Torii":12,"Golden Idol":2,"Blue Candle":2,"PreservedInsect":2,"Cursed Key":13,"Ancient Tea Set":19,"ClockworkSouvenir":22,"Blood Vial":4,"Anchor":23,"Ornamental Fan":10,"Mummified Hand":17,"DollysMirror":20,"Snecko Eye":6,"Nloth\u0027s Gift":11,"PureWater":0,"Toy Ornithopter":9},{"Pear":76,"NeowsBlessing":0,"Torii":46,"Golden Idol":2,"Blue Candle":2,"PreservedInsect":2,"Cursed Key":55,"Ancient Tea Set":76,"ClockworkSouvenir":88,"Blood Vial":8,"Anchor":92,"Ornamental Fan":38,"Mummified Hand":68,"DollysMirror":80,"Snecko Eye":21,"Nloth\u0027s Gift":43,"PureWater":0,"Toy Ornithopter":34}],"Toy Ornithopter":34},"card_choices":[{"not_picked":["ThirdEye","CrushJoints"],"picked":"MentalFortress","floor":1.0},{"not_picked":["Study","ConjureBlade"],"picked":"Sanctity","floor":7.0},{"not_picked":["Weave","CrushJoints"],"picked":"EmptyFist","floor":11.0},{"not_picked":["PathToVictory","Evaluate"],"picked":"Sanctity","floor":12.0},{"not_picked":["FollowUp","CarveReality"],"picked":"FlurryOfBlows","floor":14.0},{"not_picked":["Omniscience","Ragnarok"],"picked":"LessonLearned","floor":16.0},{"not_picked":["ThirdEye","Perseverance","EmptyBody"],"picked":"SKIP","floor":18.0},{"not_picked":["Evaluate","SashWhip+1","BattleHymn"],"picked":"SKIP","floor":19.0},{"not_picked":["Adaptation","CarveReality","EmptyFist+1"],"picked":"SKIP","floor":23.0},{"not_picked":["Fasting2","ClearTheMind","PathToVictory"],"picked":"SKIP","floor":24.0},{"not_picked":["Fasting2","ClearTheMind","PathToVictory"],"picked":"SKIP","floor":24.0},{"not_picked":["Pray","Vengeance"],"picked":"Worship+1","floor":27.0},{"not_picked":["SignatureMove","Vengeance"],"picked":"Wish","floor":30},{"not_picked":["LessonLearned","DeusExMachina"],"picked":"DevaForm","floor":33},{"not_picked":["CrushJoints","ThirdEye","JustLucky+1"],"picked":"SKIP","floor":35},{"not_picked":["FlurryOfBlows","Indignation"],"picked":"InnerPeace","floor":38},{"not_picked":["ClearTheMind","Perseverance","SashWhip"],"picked":"SKIP","floor":39},{"not_picked":["MasterReality","ReachHeaven+1"],"picked":"Devotion","floor":40},{"not_picked":["Blasphemy","Halt+1"],"picked":"WheelKick+1","floor":41},{"not_picked":["ThirdEye","Meditate+1"],"picked":"DevaForm","floor":44},{"not_picked":["Evaluate+1","Collect","CarveReality+1"],"picked":"SKIP","floor":46},{"not_picked":["ReachHeaven+1","Pray"],"picked":"Swivel+1","floor":48},{"not_picked":["Halt","FollowUp"],"picked":"MentalFortress+1","floor":54}],"player_experience":604034,"relics_obtained":[{"floor":7.0,"key":"PreservedInsect"},{"floor":9.0,"key":"Blue Candle"},{"floor":12.0,"key":"Blood Vial"},{"floor":23.0,"key":"Toy Ornithopter"},{"floor":26.0,"key":"Ornamental Fan"},{"floor":40,"key":"Mummified Hand"},{"floor":44,"key":"Ancient Tea Set"},{"floor":54,"key":"Anchor"}],"event_choices":[{"damage_healed":0.0,"max_hp_gain":0.0,"max_hp_loss":0.0,"gold_gain":0.0,"cards_transformed":["Strike_P"],"event_name":"Living Wall","player_choice":"Change","floor":2.0,"gold_loss":0.0,"damage_taken":0.0,"cards_obtained":["FlyingSleeves"]},{"damage_healed":0.0,"max_hp_gain":0.0,"max_hp_loss":0.0,"gold_gain":0.0,"event_name":"The Cleric","player_choice":"Leave","floor":4.0,"gold_loss":0.0,"damage_taken":0.0},{"damage_healed":0.0,"max_hp_gain":5.0,"max_hp_loss":0.0,"gold_gain":0.0,"event_name":"Big Fish","player_choice":"Donut","floor":5.0,"gold_loss":0.0,"damage_taken":0.0},{"damage_healed":0.0,"max_hp_gain":0.0,"max_hp_loss":0.0,"gold_gain":75.0,"event_name":"World of Goop","player_choice":"Gather Gold","floor":8.0,"gold_loss":0.0,"damage_taken":11.0},{"damage_healed":0.0,"max_hp_gain":0.0,"max_hp_loss":6.0,"gold_gain":0.0,"event_name":"Golden Idol","player_choice":"Lose Max HP","floor":10.0,"gold_loss":0.0,"damage_taken":0.0,"relics_obtained":["Golden Idol"]},{"cards_removed":["FlyingSleeves"],"damage_healed":0.0,"max_hp_gain":0.0,"max_hp_loss":0.0,"gold_gain":0.0,"event_name":"Beggar","player_choice":"Gave Gold","floor":20.0,"gold_loss":75.0,"damage_taken":0.0},{"damage_healed":0.0,"max_hp_gain":0.0,"max_hp_loss":0.0,"gold_gain":99.0,"event_name":"Nest","player_choice":"Stole From Cult","floor":21.0,"gold_loss":0.0,"damage_taken":0.0},{"damage_healed":0.0,"max_hp_gain":0.0,"max_hp_loss":0.0,"gold_gain":0.0,"event_name":"N\u0027loth","player_choice":"Traded Relic","floor":29.0,"relics_lost":["Golden Idol"],"gold_loss":0.0,"damage_taken":0.0,"relics_obtained":["Nloth\u0027s Gift"]},{"damage_healed":0,"gold_gain":999,"player_choice":"Gold","damage_taken":0,"max_hp_gain":0,"max_hp_loss":0,"event_name":"MindBloom","floor":36,"gold_loss":0,"cards_obtained":["Normality","Normality"]},{"cards_removed":["Sanctity"],"damage_healed":0,"gold_gain":0,"player_choice":"Removed Skill","damage_taken":0,"max_hp_gain":0,"max_hp_loss":0,"event_name":"Falling","floor":37,"gold_loss":0}],"is_beta":false,"boss_relics":[{"not_picked":["HolyWater","SacredBark"],"picked":"Snecko Eye"},{"not_picked":["Tiny House","Busted Crown"],"picked":"Cursed Key"}],"items_purged_floors":[22,45,47],"is_endless":false,"potions_floor_spawned":[1,11,14,18,38,40,44,48],"ascension_level":2}}