{"host":"iv24d026eac8pm4e","time":1614116292,"event":{"mods":["BaseMod","Minty Spire (QoL Compilation)"],"gold_per_floor":[113,127,127,52,77,102,102,62,87,107,123,153,167,186,186,186,186],"floor_reached":16,"language":"ENG","playtime":372,"items_purged":[],"score":274,"play_id":"2ec837b0-5c55-4f19-99a8-e69460e97296","local_time":"20210223133812","is_ascension_mode":true,"campfire_choices":[{"data":"Calculated Gamble","floor":7,"key":"SMITH"},{"data":"Footwork","floor":15,"key":"SMITH"}],"circlet_count":0,"master_deck":["AscendersBane","Strike_G","Strike_G","Strike_G","Defend_G","Defend_G","Defend_G","Defend_G","Defend_G","Survivor","Neutralize","Skewer","Flechettes","Calculated Gamble+1","Well Laid Plans","Footwork+1","Cloak And Dagger","Blade Dance","Underhanded Strike","Flechettes"],"relics":["Ring of the Snake","NeowsBlessing","Tingsha","Bronze Scales","Regal Pillow"],"acts_visited":["Exordium"],"potions_floor_usage":[2,12,12],"damage_taken":[{"damage":0,"enemies":"Cultist","floor":1,"turns":1},{"damage":0,"enemies":"2 Louse","floor":2,"turns":1},{"damage":0,"enemies":"Lagavulin","floor":6,"turns":1},{"damage":0,"enemies":"Jaw Worm","floor":10,"turns":3},{"damage":0,"enemies":"Blue Slaver","floor":11,"turns":3},{"damage":26,"enemies":"Gremlin Nob","floor":12,"turns":4},{"damage":1,"enemies":"3 Louse","floor":13,"turns":2},{"damage":4,"enemies":"Large Slime","floor":14,"turns":3},{"damage":30,"enemies":"Slime Boss","floor":16,"turns":3}],"seed_played":"361588919549001536","potions_obtained":[{"floor":1,"key":"Poison Potion"},{"floor":2,"key":"Fruit Juice"},{"floor":10,"key":"AttackPotion"},{"floor":12,"key":"Explosive Potion"}],"is_trial":false,"path_per_floor":["M","M","?","?","T","E","R","$","T","M","M","E","M","M","R","B"],"character_chosen":"THE_SILENT","items_purchased":["Well Laid Plans"],"campfire_rested":0,"item_purchase_floors":[8],"current_hp_per_floor":[59,64,57,57,57,57,57,57,57,57,57,31,30,26,26,0,0],"gold":186,"neow_bonus":"THREE_ENEMY_KILL","is_daily":false,"chose_seed":false,"campfire_upgraded":2,"win_rate":0.0,"timestamp":1614116292,"path_taken":["M","?","?","?","?","E","R","?","T","M","M","E","M","M","R","BOSS"],"items_purchased_type":["Card"],"build_version":"2020-12-22","purchased_purges":0,"victory":false,"max_hp_per_floor":[66,71,71,71,71,71,71,71,71,71,71,71,71,71,71,71,71],"card_choices":[{"not_picked":["Expertise","Sucker Punch"],"picked":"Skewer","floor":1},{"not_picked":["Backflip","Flying Knee"],"picked":"Flechettes","floor":2},{"not_picked":["Catalyst","Slice"],"picked":"Calculated Gamble","floor":6},{"not_picked":["PiercingWail","Skewer"],"picked":"Footwork","floor":10},{"not_picked":["Sucker Punch","Masterful Stab"],"picked":"Cloak And Dagger","floor":11},{"not_picked":["Backflip","Doppelganger"],"picked":"Blade Dance","floor":12},{"not_picked":["Slice","Bouncing Flask"],"picked":"Underhanded Strike","floor":13},{"not_picked":["Outmaneuver","Bane"],"picked":"Flechettes","floor":14}],"player_experience":2610416,"relics_obtained":[{"floor":6,"key":"Tingsha"},{"floor":9,"key":"Bronze Scales"},{"floor":12,"key":"Regal Pillow"}],"event_choices":[{"cards_removed":["Strike_G"],"damage_healed":0,"gold_gain":0,"player_choice":"Card Removal","damage_taken":7,"max_hp_gain":0,"max_hp_loss":0,"event_name":"Golden Wing","floor":3,"gold_loss":0},{"cards_removed":["Strike_G"],"damage_healed":0,"gold_gain":0,"player_choice":"Card Removal","damage_taken":0,"max_hp_gain":0,"max_hp_loss":0,"event_name":"The Cleric","floor":4,"gold_loss":75}],"is_beta":false,"boss_relics":[],"items_purged_floors":[],"is_endless":false,"potions_floor_spawned":[1,2,10,12],"killed_by":"Slime Boss","ascension_level":20}}