{"host":"03jd0k347uuzjnun","time":1614087011,"event":{"mods":["BaseMod","Bestiary","Minty Spire (QoL Compilation)","Permanent Neow","Quick Restart","Random Character Button","Relic Stats"],"gold_per_floor":[14,28,28,78,91,124,124,134,161,195,0,34,46,59,59,130,130,142,152,170,170,170],"floor_reached":21,"language":"ENG","playtime":1720,"items_purged":["Strike_B"],"score":506,"play_id":"b7f9182f-4de6-4263-b54e-97d9de9e43b4","local_time":"20210223143011","is_ascension_mode":true,"campfire_choices":[{"data":"Darkness","floor":7,"key":"SMITH"},{"data":"Force Field","floor":15,"key":"SMITH"}],"circlet_count":0,"master_deck":["AscendersBane","Strike_B","Strike_B","Defend_B","Defend_B","Defend_B","Defend_B","Zap","Dualcast","Rebound","Leap","Rebound","Darkness+1","Conserve Battery","Chill","Defragment","Capacitor","Undo","Recycle","Force Field+1","Hologram","Seek","Go for the Eyes","Barrage+1","Loop"],"relics":["Cracked Core","FossilizedHelix","Toy Ornithopter","PreservedInsect","Tiny Chest","Pen Nib","Runic Pyramid"],"acts_visited":["Exordium","TheCity"],"potions_floor_usage":[6,12,14,16,18],"damage_taken":[{"damage":0.0,"enemies":"Jaw Worm","floor":1.0,"turns":2.0},{"damage":0.0,"enemies":"2 Louse","floor":2.0,"turns":2.0},{"damage":0,"enemies":"Cultist","floor":5,"turns":4},{"damage":0,"enemies":"Lagavulin","floor":6,"turns":5},{"damage":0,"enemies":"Looter","floor":8,"turns":4},{"damage":0,"enemies":"3 Sentries","floor":10,"turns":7},{"damage":18,"enemies":"Gremlin Nob","floor":12,"turns":4},{"damage":0,"enemies":"Exordium Wildlife","floor":13,"turns":4},{"damage":5,"enemies":"Gremlin Gang","floor":14,"turns":5},{"damage":34,"enemies":"Hexaghost","floor":16,"turns":12},{"damage":12,"enemies":"3 Byrds","floor":18,"turns":5},{"damage":14,"enemies":"Shell Parasite","floor":19,"turns":6},{"damage":21,"enemies":"Shelled Parasite and Fungi","floor":20,"turns":7},{"damage":16,"enemies":"Cultist and Chosen","floor":21,"turns":12}],"seed_played":"-7611291717847640480","potions_obtained":[{"floor":2.0,"key":"Strength Potion"},{"floor":5,"key":"BlessingOfTheForge"},{"floor":6,"key":"Block Potion"},{"floor":13,"key":"Block Potion"},{"floor":16,"key":"SneckoOil"}],"is_trial":false,"path_per_floor":["M","M","?","?","M","E","R","M","T","E","$","E","M","M","R","B",null,"M","M","M","M"],"character_chosen":"DEFECT","items_purchased":["Capacitor","Undo"],"campfire_rested":0,"item_purchase_floors":[11,11],"current_hp_per_floor":[64,64,64,57,57,57,57,57,57,57,57,44,44,44,44,15,57,50,36,15,0,0],"gold":170,"neow_bonus":"ONE_RARE_RELIC","is_daily":false,"chose_seed":false,"campfire_upgraded":2,"win_rate":0.0,"timestamp":1614087011,"path_taken":["M","M","?","?","M","E","R","M","T","E","$","E","M","?","R","BOSS","M","M","M","M"],"items_purchased_type":["Card","Card"],"build_version":"2020-12-22","purchased_purges":1,"victory":false,"max_hp_per_floor":[71,71,71,71,71,71,71,71,71,71,71,71,71,71,71,71,71,71,71,71,71,71],"relic_stats":{"counters":[14,79],"Tiny Chest":0,"PreservedInsect":55,"Pen Nib":[3],"obtain_stats":[{"Tiny Chest":10,"PreservedInsect":9,"Pen Nib":12,"Cracked Core":0,"FossilizedHelix":0,"Toy Ornithopter":6,"Runic Pyramid":17},{"Tiny Chest":6,"PreservedInsect":5,"Pen Nib":7,"Cracked Core":0,"FossilizedHelix":0,"Toy Ornithopter":4,"Runic Pyramid":10},{"Tiny Chest":24,"PreservedInsect":17,"Pen Nib":28,"Cracked Core":0,"FossilizedHelix":0,"Toy Ornithopter":13,"Runic Pyramid":49}],"Toy Ornithopter":20},"card_choices":[{"not_picked":["Streamline","Chaos"],"picked":"Rebound","floor":1.0},{"not_picked":["Hello World","Turbo"],"picked":"Leap","floor":2.0},{"not_picked":["Conserve Battery","Sweeping Beam"],"picked":"Darkness","floor":5},{"not_picked":["Redo","Turbo"],"picked":"Conserve Battery","floor":6},{"not_picked":["Ball Lightning","Turbo"],"picked":"Chill","floor":8},{"not_picked":["Stack","Coolheaded"],"picked":"Defragment","floor":10},{"not_picked":["Fission","Cold Snap"],"picked":"Recycle","floor":12},{"not_picked":["Compile Driver","Coolheaded"],"picked":"Force Field","floor":13},{"not_picked":["Gash","BootSequence"],"picked":"Hologram","floor":14},{"not_picked":["Amplify","Thunder Strike"],"picked":"Seek","floor":16},{"not_picked":["Steam","Cold Snap"],"picked":"Go for the Eyes","floor":18},{"not_picked":["Consume","Go for the Eyes+1"],"picked":"Barrage+1","floor":19},{"not_picked":["Hologram","Streamline"],"picked":"Loop","floor":20}],"player_experience":1446975,"relics_obtained":[{"floor":6,"key":"Toy Ornithopter"},{"floor":9,"key":"PreservedInsect"},{"floor":10,"key":"Tiny Chest"},{"floor":12,"key":"Pen Nib"}],"event_choices":[{"damage_healed":0.0,"max_hp_gain":0.0,"max_hp_loss":0.0,"gold_gain":0.0,"cards_transformed":["Strike_B"],"event_name":"Living Wall","player_choice":"Change","floor":3.0,"gold_loss":0.0,"damage_taken":0.0,"cards_obtained":["Rebound"]},{"damage_healed":0,"gold_gain":50,"player_choice":"Touch","damage_taken":7,"max_hp_gain":0,"max_hp_loss":0,"event_name":"FaceTrader","floor":4,"gold_loss":0}],"is_beta":false,"boss_relics":[{"not_picked":["Cursed Key","Busted Crown"],"picked":"Runic Pyramid"}],"items_purged_floors":[11],"is_endless":false,"potions_floor_spawned":[2,5,6,13,16],"killed_by":"Cultist and Chosen","ascension_level":20}}