{"host":"wf1r1zhguvoo22rf","time":1614089929,"event":{"mods":["BaseMod","Colored Powertips","Minty Spire (QoL Compilation)","StSLib"],"gold_per_floor":[113,113,113,133,308,308,320,320,345,377,377,399,415,440,440,544,544,556,314,314,314],"floor_reached":20,"language":"ENG","playtime":2196,"items_purged":[],"score":180,"play_id":"68528378-ae9c-40b0-9fda-5993402061a2","local_time":"20210223161849","is_ascension_mode":false,"campfire_choices":[{"floor":6.0,"key":"REST"},{"floor":8.0,"key":"REST"},{"floor":11.0,"key":"REST"},{"floor":15.0,"key":"REST"}],"circlet_count":0,"master_deck":["Strike_P","Strike_P","Strike_P","Strike_P","Defend_P","Defend_P","Defend_P","Defend_P","Eruption","Vigilance","Doubt","SashWhip","PathToVictory","Doubt","EmptyFist","ReachHeaven","Swivel","ReachHeaven","LikeWater","DevaForm","EmptyBody+1","Apotheosis"],"relics":["PureWater","Torii","Art of War","Nunchaku","Omamori","Odd Mushroom","Ancient Tea Set","VioletLotus","Membership Card"],"acts_visited":["Exordium","TheCity"],"potions_floor_usage":[],"damage_taken":[{"damage":0.0,"enemies":"Cultist","floor":1.0,"turns":2.0},{"damage":22.0,"enemies":"Jaw Worm","floor":4.0,"turns":2.0},{"damage":0.0,"enemies":"2 Louse","floor":7.0,"turns":2.0},{"damage":21.0,"enemies":"3 Sentries","floor":10.0,"turns":8.0},{"damage":48.0,"enemies":"The Mushroom Lair","floor":12.0,"turns":4.0},{"damage":22.0,"enemies":"2 Fungi Beasts","floor":13.0,"turns":5.0},{"damage":30.0,"enemies":"Lagavulin","floor":14.0,"turns":7.0},{"damage":24.0,"enemies":"Hexaghost","floor":16.0,"turns":11.0},{"damage":48,"enemies":"Spheric Guardian","floor":18,"turns":4},{"damage":24,"enemies":"3 Byrds","floor":20,"turns":3}],"seed_played":"6370714177570610131","potions_obtained":[{"floor":4.0,"key":"FairyPotion"},{"floor":14.0,"key":"Ancient Potion"},{"floor":18,"key":"Dexterity Potion"}],"is_trial":false,"path_per_floor":["M","$","?","M","?","R","M","R","T","E","R","?","M","E","R","B",null,"M","$","M"],"character_chosen":"WATCHER","items_purchased":["Membership Card","Apotheosis"],"campfire_rested":4,"item_purchase_floors":[19,19],"current_hp_per_floor":[72,72,54,32,32,53,53,72,72,51,72,24,2,5,26,2,72,24,24,0,0],"gold":314,"neow_bonus":"ONE_RARE_RELIC","is_daily":false,"chose_seed":false,"campfire_upgraded":0,"win_rate":0.0,"timestamp":1614089929,"path_taken":["M","$","?","M","?","R","M","R","T","E","R","?","M","E","R","BOSS","M","$","M"],"items_purchased_type":["Relic","Card"],"build_version":"2020-12-22","purchased_purges":0,"victory":false,"max_hp_per_floor":[72,72,72,72,72,72,72,72,72,72,72,72,72,72,72,72,72,72,72,72,72],"card_choices":[{"not_picked":["ThirdEye","Indignation"],"picked":"SashWhip","floor":1.0},{"not_picked":["CutThroughFate","EmptyFist"],"picked":"PathToVictory","floor":4.0},{"not_picked":["CrushJoints","Pray"],"picked":"EmptyFist","floor":7.0},{"not_picked":["ClearTheMind","LessonLearned"],"picked":"ReachHeaven","floor":10.0},{"not_picked":["Meditate","ThirdEye"],"picked":"Swivel","floor":12.0},{"not_picked":["Evaluate","PathToVictory"],"picked":"ReachHeaven","floor":13.0},{"not_picked":["FlyingSleeves","Evaluate"],"picked":"LikeWater","floor":14.0},{"not_picked":["Blasphemy","Alpha"],"picked":"DevaForm","floor":16.0},{"not_picked":["CutThroughFate","BowlingBash"],"picked":"EmptyBody+1","floor":18}],"player_experience":249596,"relics_obtained":[{"floor":9.0,"key":"Nunchaku"},{"floor":10.0,"key":"Omamori"},{"floor":12.0,"key":"Odd Mushroom"},{"floor":14.0,"key":"Ancient Tea Set"}],"event_choices":[{"damage_healed":0.0,"max_hp_gain":0.0,"max_hp_loss":0.0,"gold_gain":0.0,"event_name":"Scrap Ooze","player_choice":"Success","floor":3.0,"gold_loss":0.0,"damage_taken":18.0,"relics_obtained":["Art of War"]},{"damage_healed":0.0,"max_hp_gain":0.0,"max_hp_loss":0.0,"gold_gain":175.0,"event_name":"Liars Game","player_choice":"AGREE","floor":5.0,"gold_loss":0.0,"damage_taken":0.0,"cards_obtained":["Doubt"]},{"damage_healed":0.0,"max_hp_gain":0.0,"max_hp_loss":0.0,"gold_gain":0.0,"event_name":"Mushrooms","player_choice":"Fought Mushrooms","floor":12.0,"gold_loss":0.0,"damage_taken":0.0}],"is_beta":false,"boss_relics":[{"not_picked":["Sozu","Philosopher\u0027s Stone"],"picked":"VioletLotus"}],"items_purged_floors":[],"is_endless":false,"potions_floor_spawned":[4,14,18],"killed_by":"3 Byrds","ascension_level":0}}