{"host":"b1k9tvirjqaexfiq","time":1614054838,"event":{"mods":["AchievementEnabler","BaseMod","Bestiary","Better Third Choice","BetterRewards","Bossed Relics","CapriCore","Colored Powertips","Conspire","Curses Come First","Energized Spire","Highlight Path","Hubris","Infinite Spire","Marked Mod","Minty Spire (QoL Compilation)","Permanent Neow","Quick Restart","Rare Cards Sparkle","Reliquary","Shop Mod","StSLib","The Animator","Together in Spire","Waifu the Spire","??????REMEMod"],"gold_per_floor":[110,130,145,161,178,210,228,228,228,228,245,245,262,7,7,105,105,115,134,59,70,81,81,81,81,108,108,27,27,45,59,59,162,162,180,196,196,196,212,212,245,245,245,257,257,272,272,272,272,272,272,272,44,71,71],"floor_reached":56,"language":"ENG","playtime":3234,"items_purged":[],"score":1208,"play_id":"6d556970-404f-4d21-97df-590847f47861","local_time":"20210222223358","is_ascension_mode":false,"campfire_choices":[{"data":"REME_Scribble","floor":8,"key":"SMITH"},{"data":"REME_Flogging","floor":10,"key":"SMITH"},{"floor":12,"key":"REST"},{"data":"LikeWater","floor":15,"key":"SMITH"},{"data":"A Thousand Cuts","floor":23,"key":"SMITH"},{"data":"InnerPeace","floor":27,"key":"SMITH"},{"floor":32,"key":"REST"},{"floor":40,"key":"REST"},{"data":"hubris:DoWhile","floor":42,"key":"SMITH"},{"floor":47,"key":"REST"},{"data":"hubris:Insight","floor":49,"key":"SMITH"},{"data":"A Thousand Cuts","floor":52,"key":"SMITH"}],"circlet_count":1,"master_deck":["Enlightenment","Enlightenment","Enlightenment","Enlightenment","Enlightenment","Enlightenment","Enlightenment","Enlightenment","Enlightenment","A Thousand Cuts+1","A Thousand Cuts+1","hubris:DoWhile+1","Evolve","REME_Scribble+1","REME_Flogging+1","Metallicize","Meditate","Disarm","Evolve","InnerPeace+1","hubris:Insight+1","REME_Flogging+1"],"relics":["REME_ComplimentaryCards","Runic Dome","Circlet","Philosopher\u0027s Stone","Philosopher\u0027s Stone","Philosopher\u0027s Stone","Philosopher\u0027s Stone","Burning Blood","Burning Blood","Champion Belt","Meat on the Bone","Bottled Lightning","Bottled Tornado","Singing Bowl","Tiny House","Strawberry","Anchor","infinitespire:CursedDice","reliquary:SharkskinSheath","infinitespire:Magic Flask"],"acts_visited":["Exordium","TheCity","TheBeyond","TheEnding"],"potions_floor_usage":[18,31,50],"damage_taken":[{"damage":23,"enemies":"Small Slimes","floor":1,"turns":3},{"damage":15,"enemies":"Jaw Worm","floor":2,"turns":3},{"damage":9,"enemies":"2 Louse","floor":3,"turns":2},{"damage":10,"enemies":"Exordium Wildlife","floor":4,"turns":3},{"damage":29,"enemies":"Gremlin Gang","floor":5,"turns":3},{"damage":54,"enemies":"3 Sentries","floor":6,"turns":4},{"damage":14,"enemies":"Red Slaver","floor":7,"turns":2},{"damage":36,"enemies":"Lots of Slimes","floor":11,"turns":2},{"damage":12,"enemies":"Exordium Thugs","floor":13,"turns":3},{"damage":10,"enemies":"The Guardian","floor":16,"turns":7},{"damage":49,"enemies":"2 Thieves","floor":18,"turns":5},{"damage":22,"enemies":"Spheric Guardian","floor":19,"turns":5},{"damage":28,"enemies":"Centurion and Healer","floor":21,"turns":6},{"damage":32,"enemies":"Cultist and Chosen","floor":22,"turns":5},{"damage":30,"enemies":"Snake Plant","floor":30,"turns":3},{"damage":19,"enemies":"Centurion and Healer","floor":31,"turns":4},{"damage":44,"enemies":"hubris:MusketHawk","floor":33,"turns":6},{"damage":52,"enemies":"Orb Walker","floor":35,"turns":4},{"damage":24,"enemies":"3 Shapes","floor":36,"turns":4},{"damage":62,"enemies":"infinitespire:Three Voidlings","floor":37,"turns":3},{"damage":20,"enemies":"Spire Growth","floor":39,"turns":3},{"damage":33,"enemies":"Nemesis","floor":41,"turns":5},{"damage":33,"enemies":"Jaw Worm Horde","floor":44,"turns":4},{"damage":4,"enemies":"Writhing Mass","floor":46,"turns":2},{"damage":155,"enemies":"conspire:OrnateMirror","floor":50,"turns":6},{"damage":119,"enemies":"Shield and Spear","floor":54,"turns":4},{"damage":106,"enemies":"The Heart","floor":55,"turns":6}],"seed_played":"7448328178321611893","potions_obtained":[{"floor":1,"key":"SneckoOil"},{"floor":2,"key":"ColorlessPotion"},{"floor":6,"key":"Energy Potion"},{"floor":19,"key":"BloodPotion"},{"floor":46,"key":"Dexterity Potion"}],"is_trial":false,"path_per_floor":["M","M","M","M","M","E","M","R","T","R","M","R","M","$","R","B",null,"M","M","?","M","M","R","$","?","T","R","$","$","M","M","R","B",null,"M","M","?","?","M","R","E","R","T","M","AVR","M","R","$","R","B",null,"R","$","E","B",null],"character_chosen":"IRONCLAD","items_purchased":["Singing Bowl","hubris:Insight","reliquary:SharkskinSheath","Regen Potion"],"campfire_rested":4,"item_purchase_floors":[14,28,53,53],"current_hp_per_floor":[75,78,80,80,69,35,39,39,39,39,27,51,63,63,63,70,87,65,72,72,73,70,70,70,70,70,70,70,70,66,76,109,82,117,82,96,61,61,70,116,128,128,128,130,130,140,204,204,204,519,519,519,519,417,433],"gold":71,"neow_bonus":"BOSS_RELIC","is_daily":false,"chose_seed":false,"campfire_upgraded":8,"win_rate":0.0,"timestamp":1614054838,"path_taken":["M","M","M","M","M","E","M","R","T","R","M","R","M","$","R","BOSS","M","M","?","M","M","R","$","?","T","R","?","$","?","M","R","BOSS","M","M","?","?","?","R","E","R","T","M","AVR","?","R","?","R","BOSS","R","$","E","BOSS"],"items_purchased_type":["Relic","Card","Relic","Potion"],"build_version":"2020-12-22","purchased_purges":0,"victory":true,"max_hp_per_floor":[80,80,80,80,80,82,82,82,82,82,82,82,82,82,82,87,87,90,95,95,100,105,105,105,105,105,105,105,105,107,112,112,117,117,122,148,151,151,156,156,189,189,189,212,212,214,214,214,214,519,519,519,519,524,527],"card_choices":[{"not_picked":["Twin Strike","Havoc","Pommel Strike"],"picked":"SKIP","floor":1},{"not_picked":["Twin Strike","Havoc","Pommel Strike"],"picked":"SKIP","floor":1},{"not_picked":["Dark Embrace","Warcry","Whirlwind"],"picked":"SKIP","floor":2},{"not_picked":["Wild Strike","Clash"],"picked":"Evolve","floor":3},{"not_picked":["Warcry","Clothesline","Armaments"],"picked":"SKIP","floor":4},{"not_picked":["Brutality","Anger"],"picked":"REME_Scribble","floor":5},{"not_picked":["REME_FearOfPain","Uppercut"],"picked":"Metallicize","floor":6},{"not_picked":["Clash","Armaments","Perfected Strike"],"picked":"SKIP","floor":7},{"not_picked":["Shrug It Off","Wild Strike","conspire:Charge"],"picked":"SKIP","floor":11},{"not_picked":["Clothesline","Havoc"],"picked":"Disarm","floor":13},{"not_picked":["Impervious","Bludgeon","Demon Form"],"picked":"Singing Bowl","floor":16},{"not_picked":["Dual Wield","Perfected Strike"],"picked":"Evolve","floor":18},{"not_picked":["hubris:ReadiedAction","Carnage","Searing Blow"],"picked":"Singing Bowl","floor":19},{"not_picked":["conspire:ExplosiveBarrier","Warcry","Rupture"],"picked":"Singing Bowl","floor":21},{"not_picked":["Armaments","Havoc","Sword Boomerang"],"picked":"Singing Bowl","floor":22},{"not_picked":["Bloodletting+1","REME_SingleHolding","Barricade"],"picked":"Singing Bowl","floor":30},{"not_picked":["Perfected Strike+1","Pommel Strike","Reckless Charge+1"],"picked":"Singing Bowl","floor":31},{"not_picked":["Limit Break","conspire:HitWhereItHurts","hubris:StunningStrike"],"picked":"Singing Bowl","floor":33},{"not_picked":["REME_FearOfPain+1","Uppercut","Iron Wave+1"],"picked":"Singing Bowl","floor":35},{"not_picked":["Clash+1","Flex+1","Sword Boomerang+1"],"picked":"Singing Bowl","floor":36},{"not_picked":["Metallicize","Thunderclap+1","REME_FearOfPain"],"picked":"Singing Bowl","floor":39},{"not_picked":["Cleave+1","Iron Wave+1","Anger+1"],"picked":"Singing Bowl","floor":41},{"not_picked":["Blood for Blood","Barricade","Dark Embrace+1"],"picked":"Singing Bowl","floor":44},{"not_picked":["Sentinel","Anger+1","Havoc"],"picked":"Singing Bowl","floor":46},{"not_picked":["Body Slam+1","Pommel Strike+1","Heavy Blade"],"picked":"Singing Bowl","floor":54}],"player_experience":82341,"relics_obtained":[{"floor":6,"key":"Champion Belt"},{"floor":26,"key":"REME_PuzzleBoxRelic"},{"floor":41,"key":"Strawberry"},{"floor":43,"key":"Anchor"},{"floor":54,"key":"infinitespire:Magic Flask"}],"event_choices":[{"cards_removed":["Enlightenment"],"damage_healed":0,"gold_gain":0,"player_choice":"Gave Gold","damage_taken":0,"max_hp_gain":0,"max_hp_loss":0,"event_name":"Beggar","floor":20,"gold_loss":75},{"damage_healed":0,"gold_gain":0,"player_choice":"Copied","damage_taken":0,"max_hp_gain":0,"max_hp_loss":0,"event_name":"Duplicator","floor":38,"gold_loss":0,"cards_obtained":["REME_Flogging"]}],"is_beta":false,"boss_relics":[{"not_picked":["reliquary:ThirdArm","infinitespire:Cupcake"],"picked":"Tiny House"},{"not_picked":["REME_DuelDisc","Black Star","conspire:RoyalGoblet"]}],"items_purged_floors":[],"is_endless":false,"potions_floor_spawned":[1,2,6,11,13,19,30,31,39,46,54],"ascension_level":0}}