{"host":"lsar2779b552p7jm","time":1614124062,"event":{"mods":["Act Like it!","BaseMod","Colored Powertips","Conspire","Curses Come First","Downfall","Friendly Minions","Infinite Spire","Lobotomy","MarisaÅiñ∂âJÅ@ñÇóùçπÅj","Minty Spire (QoL Compilation)","Reliquary","Replay The Spire","Robot Space Explorer","StSLib","The Construct","The Cursed","The Disciple","The Marked","The Mystic","The Servant 0.9.4"],"gold_per_floor":[116,136,98,115,127,161,161,161,161],"floor_reached":8,"language":"ENG","playtime":655,"items_purged":[],"score":58,"play_id":"c57b5f7f-cb30-433f-8ea4-c896f4947cf5","local_time":"20210224004742","is_ascension_mode":false,"campfire_choices":[],"circlet_count":0,"master_deck":["theMarked:Strike","theMarked:Strike","theMarked:Strike","theMarked:Strike","theMarked:Strike","theMarked:Defend","theMarked:Defend","theMarked:Defend","theMarked:Defend","theMarked:SoldierOfQuellstein","theMarked:EmpowerWeapon","WallGazer","theMarked:ChannelForce","WhitesApple","theMarked:RogueSparks","Parasite","theMarked:TakeOffHeels+1","Murderer","Parasite","theMarked:Parkour","BeautyBeast","Parasite","theMarked:ChainLightning","CrumblingArmor"],"relics":["theMarked:ArtifactOfAir","CogitoBucket","Durian"],"acts_visited":["Exordium"],"potions_floor_usage":[],"damage_taken":[{"damage":9,"enemies":"Cultist","floor":1,"turns":4},{"damage":0,"enemies":"2 Louse","floor":2,"turns":2},{"damage":17,"enemies":"Jaw Worm","floor":4,"turns":4},{"damage":15,"enemies":"2 Fungi Beasts","floor":5,"turns":4},{"damage":28,"enemies":"3 Sentries","floor":6,"turns":7},{"damage":12,"enemies":"Lagavulin","floor":8,"turns":2}],"seed_played":"2056597232276525929","potions_obtained":[{"floor":2,"key":"Swift Potion"},{"floor":4,"key":"Elixir"}],"is_trial":false,"path_per_floor":["M","M","$","M","M","E","?","E"],"character_chosen":"THE_DEFAULT","items_purchased":["theMarked:RogueSparks"],"campfire_rested":0,"item_purchase_floors":[3],"current_hp_per_floor":[63,63,63,46,31,8,8,0,0],"gold":161,"neow_bonus":"","is_daily":false,"chose_seed":false,"campfire_upgraded":0,"win_rate":0.0,"timestamp":1614124062,"path_taken":["M","M","$","M","M","E","?","E"],"items_purchased_type":["Card"],"build_version":"2020-12-22","purchased_purges":0,"victory":false,"max_hp_per_floor":[72,72,72,72,72,77,77,77,77],"card_choices":[{"not_picked":["theMarked:SwordAndMagic","theMarked:CreepingChasm"],"picked":"theMarked:EmpowerWeapon","floor":1},{"not_picked":["MHz","Yin"],"picked":"WallGazer","floor":1},{"not_picked":["theMarked:HeightenedSenses","theMarked:ElectricStrings"],"picked":"theMarked:ChannelForce","floor":2},{"not_picked":["Laetitia","BlackSwan"],"picked":"WhitesApple","floor":2},{"not_picked":["theMarked:Parry","theMarked:Improvise"],"picked":"theMarked:TakeOffHeels","floor":4},{"not_picked":["BigBird","MeatLantern"],"picked":"Murderer","floor":4},{"not_picked":["theMarked:WastefulAttack","theMarked:Memento"],"picked":"theMarked:Parkour","floor":5},{"not_picked":["GreedKing","LittleHelper"],"picked":"BeautyBeast","floor":5},{"not_picked":["theMarked:Memento","theMarked:SwordAndMagic"],"picked":"theMarked:ChainLightning","floor":6},{"not_picked":["Scorched","SpiderBud"],"picked":"CrumblingArmor","floor":6}],"player_experience":2165,"relics_obtained":[{"floor":6,"key":"Durian"}],"event_choices":[{"damage_healed":0,"gold_gain":0,"player_choice":"Grow","damage_taken":0,"max_hp_gain":0,"max_hp_loss":0,"event_name":"Living Wall","floor":7,"gold_loss":0,"cards_upgraded":["theMarked:TakeOffHeels"]}],"is_beta":false,"boss_relics":[],"items_purged_floors":[],"is_endless":false,"potions_floor_spawned":[2,4],"killed_by":"Lagavulin","ascension_level":0}}