{"host":"lz4xqhdipxskteyg","time":1614087237,"event":{"mods":["2.2 Compatiblity","BaseMod","Bestiary","Colored Map","Colored Powertips","Curses Come First","Highlight Path","Keyboard Shortcuts","Minty Spire (QoL Compilation)","Relic Stats","Slay the Relics Exporter","StSLib","SuperFastMode"],"gold_per_floor":[112,131,146,146,18,44,57,83,83,83,101,101,130,145,145,242,242,260,276,456,108,136,136,136,136,160,172,172,86,103,121,121,224,224,237,247,260,260,273,273,273,273],"floor_reached":41,"language":"TUR","playtime":2564,"items_purged":[],"score":430,"play_id":"b60461dc-274b-4444-9dff-ec2c031c8987","local_time":"20210223163357","is_ascension_mode":false,"campfire_choices":[{"floor":10,"key":"REST"},{"floor":12,"key":"REST"},{"floor":15,"key":"REST"},{"floor":23,"key":"REST"},{"floor":25,"key":"REST"},{"floor":28,"key":"REST"},{"floor":32,"key":"REST"},{"floor":40,"key":"REST"}],"circlet_count":0,"master_deck":["Strike_G","Strike_G","Strike_G","Strike_G","Defend_G","Defend_G","Defend_G","Defend_G","Defend_G","Survivor","Neutralize","Slice","Noxious Fumes","Corpse Explosion","Backstab","Poisoned Stab","Adrenaline","Blade Dance","Heel Hook","Dagger Spray","Footwork","Die Die Die","Bullet Time","Prepared+1","Expertise","Outmaneuver","Accuracy","Slice","Distraction+1","Bandage Up","Flechettes+1","Envenom","A Thousand Cuts","Deadly Poison","Riddle With Holes+1","Blade Dance","Madness","Madness","Parasite","PiercingWail"],"relics":["Ring of the Snake","Ancient Tea Set","Snake Skull","Orichalcum","WingedGreaves","Question Card","Odd Mushroom","Busted Crown","Oddly Smooth Stone","Red Mask","Centennial Puzzle","Fusion Hammer"],"acts_visited":["Exordium","TheCity","TheBeyond"],"potions_floor_usage":[16,16,16,33,37,39,41,41],"damage_taken":[{"damage":1,"enemies":"2 Louse","floor":1,"turns":4},{"damage":1,"enemies":"Jaw Worm","floor":2,"turns":5},{"damage":1,"enemies":"Cultist","floor":3,"turns":4},{"damage":22,"enemies":"Gremlin Nob","floor":6,"turns":5},{"damage":6,"enemies":"3 Louse","floor":7,"turns":3},{"damage":14,"enemies":"3 Sentries","floor":8,"turns":3},{"damage":0,"enemies":"Lots of Slimes","floor":11,"turns":3},{"damage":16,"enemies":"The Mushroom Lair","floor":13,"turns":4},{"damage":3,"enemies":"Exordium Wildlife","floor":14,"turns":3},{"damage":37,"enemies":"The Guardian","floor":16,"turns":7},{"damage":0,"enemies":"3 Byrds","floor":18,"turns":2},{"damage":5,"enemies":"Chosen","floor":19,"turns":4},{"damage":39,"enemies":"Masked Bandits","floor":22,"turns":5},{"damage":16,"enemies":"Sentry and Sphere","floor":27,"turns":4},{"damage":9,"enemies":"Snake Plant","floor":30,"turns":4},{"damage":2,"enemies":"Centurion and Healer","floor":31,"turns":3},{"damage":34,"enemies":"Automaton","floor":33,"turns":8},{"damage":30,"enemies":"3 Shapes","floor":35,"turns":3},{"damage":5,"enemies":"Orb Walker","floor":36,"turns":3},{"damage":2,"enemies":"Jaw Worm Horde","floor":37,"turns":3},{"damage":44,"enemies":"Writhing Mass","floor":39,"turns":6},{"damage":54,"enemies":"Giant Head","floor":41,"turns":6}],"seed_played":"-4646110663678285838","potions_obtained":[{"floor":1,"key":"SteroidPotion"},{"floor":8,"key":"Swift Potion"},{"floor":13,"key":"FearPotion"},{"floor":14,"key":"Fire Potion"},{"floor":16,"key":"LiquidMemories"},{"floor":19,"key":"GamblersBrew"},{"floor":35,"key":"Block Potion"},{"floor":39,"key":"Explosive Potion"}],"is_trial":false,"path_per_floor":["M","M","M","?","$","E","M","E","T","R","M","R","?","M","R","B",null,"M","M","?","$","?","R","?","R","T","M","R","$","M","M","R","B",null,"M","M","M","?","M","R","E"],"character_chosen":"THE_SILENT","items_purchased":["Backstab","Poisoned Stab","Regen Potion","Oddly Smooth Stone","Outmaneuver","Accuracy","Bandage Up"],"campfire_rested":8,"item_purchase_floors":[5,5,21,21,21,21,29],"current_hp_per_floor":[69,68,67,64,64,42,36,22,22,43,43,64,48,45,66,29,70,70,65,46,46,7,28,28,49,49,33,54,54,49,51,70,40,70,40,39,41,32,7,28,0,0],"gold":273,"neow_bonus":"RANDOM_COMMON_RELIC","is_daily":false,"chose_seed":false,"campfire_upgraded":0,"win_rate":0.0,"timestamp":1614087237,"path_taken":["M","M","M","?","$","E","M","E","T","R","M","R","?","M","R","BOSS","M","M","?","$","?","R","?","R","T","M","R","$","M","M","R","BOSS","M","M","?","?","M","R","E"],"items_purchased_type":["Card","Card","Potion","Relic","Card","Card","Card"],"build_version":"2020-12-22","purchased_purges":0,"victory":false,"max_hp_per_floor":[70,70,70,70,70,70,70,70,70,70,70,70,70,70,70,70,70,70,70,70,70,70,70,70,70,70,70,70,70,70,70,70,70,70,70,70,70,70,70,70,70,70],"relic_stats":{"Centennial Puzzle":[27],"Busted Crown":22,"counters":[22,92],"Snake Skull":[148],"Orichalcum":[156],"Question Card":15,"obtain_stats":[{"Centennial Puzzle":26,"Busted Crown":17,"Oddly Smooth Stone":21,"Snake Skull":4,"WingedGreaves":8,"Fusion Hammer":34,"Red Mask":22,"Orichalcum":6,"Odd Mushroom":13,"Ancient Tea Set":0,"Question Card":9,"Ring of the Snake":0},{"Centennial Puzzle":13,"Busted Crown":10,"Oddly Smooth Stone":12,"Snake Skull":3,"WingedGreaves":6,"Fusion Hammer":17,"Red Mask":13,"Orichalcum":4,"Odd Mushroom":8,"Ancient Tea Set":0,"Question Card":6,"Ring of the Snake":0},{"Centennial Puzzle":52,"Busted Crown":41,"Oddly Smooth Stone":47,"Snake Skull":13,"WingedGreaves":24,"Fusion Hammer":71,"Red Mask":52,"Orichalcum":18,"Odd Mushroom":31,"Ancient Tea Set":0,"Question Card":24,"Ring of the Snake":0}],"Ring of the Snake":[44]},"card_choices":[{"not_picked":["Acrobatics","Cloak And Dagger"],"picked":"Slice","floor":1},{"not_picked":["Slice","Sucker Punch"],"picked":"Noxious Fumes","floor":2},{"not_picked":["Backflip","PiercingWail"],"picked":"Corpse Explosion","floor":3},{"not_picked":["Flying Knee","Choke"],"picked":"Adrenaline","floor":6},{"not_picked":["Dodge and Roll","Flying Knee"],"picked":"Blade Dance","floor":7},{"not_picked":["Slice","Malaise"],"picked":"Heel Hook","floor":8},{"not_picked":["Escape Plan","Quick Slash","Poisoned Stab"],"picked":"Dagger Spray","floor":11},{"not_picked":["Sucker Punch","Outmaneuver","Choke"],"picked":"Footwork","floor":13},{"not_picked":["Expertise","Underhanded Strike","Flying Knee"],"picked":"Die Die Die","floor":14},{"not_picked":["Adrenaline","Tools of the Trade","After Image"],"picked":"Bullet Time","floor":16},{"not_picked":["Cloak And Dagger"],"picked":"Prepared+1","floor":18},{"not_picked":["Dagger Spray"],"picked":"Expertise","floor":19},{"not_picked":["Poisoned Stab"],"picked":"Slice","floor":22},{"not_picked":["Slice+1"],"picked":"Distraction+1","floor":27},{"not_picked":["Dagger Throw"],"picked":"Flechettes+1","floor":30},{"not_picked":["Dagger Throw"],"picked":"Envenom","floor":31},{"not_picked":["Adrenaline"],"picked":"A Thousand Cuts","floor":33},{"not_picked":["PiercingWail"],"picked":"Deadly Poison","floor":35},{"not_picked":["Acrobatics+1"],"picked":"Riddle With Holes+1","floor":36},{"not_picked":["Expertise+1"],"picked":"Blade Dance","floor":37},{"not_picked":["Poisoned Stab"],"picked":"PiercingWail","floor":39}],"player_experience":57466,"relics_obtained":[{"floor":6,"key":"Orichalcum"},{"floor":8,"key":"WingedGreaves"},{"floor":9,"key":"Question Card"},{"floor":13,"key":"Odd Mushroom"},{"floor":22,"key":"Red Mask"},{"floor":26,"key":"Centennial Puzzle"}],"event_choices":[{"damage_healed":0,"gold_gain":0,"player_choice":"Success","damage_taken":3,"relics_obtained":["Snake Skull"],"max_hp_gain":0,"max_hp_loss":0,"event_name":"Scrap Ooze","floor":4,"gold_loss":0},{"damage_healed":0,"gold_gain":0,"player_choice":"Fought Mushrooms","damage_taken":0,"max_hp_gain":0,"max_hp_loss":0,"event_name":"Mushrooms","floor":13,"gold_loss":0},{"damage_healed":0,"gold_gain":180,"player_choice":"GOLD GOLD ","damage_taken":19,"max_hp_gain":0,"max_hp_loss":0,"event_name":"Knowing Skull","floor":20,"potions_obtained":[],"gold_loss":0,"cards_obtained":[]},{"damage_healed":0,"gold_gain":0,"player_choice":"Fought Bandits","damage_taken":0,"max_hp_gain":0,"max_hp_loss":0,"event_name":"Masked Bandits","floor":22,"gold_loss":0},{"cards_removed":["Strike_G"],"damage_healed":0,"gold_gain":0,"player_choice":"Purged","damage_taken":0,"max_hp_gain":0,"max_hp_loss":0,"event_name":"Purifier","floor":24,"gold_loss":0},{"damage_healed":0,"gold_gain":0,"player_choice":"Embrace Madness","damage_taken":9,"max_hp_gain":0,"max_hp_loss":0,"event_name":"Winding Halls","floor":38,"gold_loss":0,"cards_obtained":["Madness","Madness"]}],"is_beta":false,"boss_relics":[{"not_picked":["Empty Cage","Snecko Eye"],"picked":"Busted Crown"},{"not_picked":["Coffee Dripper","SlaversCollar"],"picked":"Fusion Hammer"}],"items_purged_floors":[],"is_endless":false,"potions_floor_spawned":[1,8,13,14,16,19,30,35,39],"killed_by":"Giant Head","ascension_level":0}}