{"host":"sav7uxregyirlf69","time":1614069067,"event":{"mods":["AchievementEnabler","BaseMod","Colored Map","DeckTracker","Keyboard Shortcuts","Minty Spire (QoL Compilation)","READ ME - Guardian Mod","StSLib","SuperFastMode"],"gold_per_floor":[110,110,129,146,166,166,166,166,166,166,186,204,254,266,266,266,266],"floor_reached":16,"language":"KOR","playtime":201,"items_purged":[],"score":188,"play_id":"f603da39-f235-45e3-8fd1-747b860625eb","local_time":"20210223173107","is_ascension_mode":true,"campfire_choices":[{"data":"Fusion","floor":6,"key":"SMITH"},{"data":"Dualcast","floor":8,"key":"SMITH"},{"data":"Capacitor","floor":10,"key":"SMITH"},{"floor":15,"key":"REST"}],"circlet_count":0,"master_deck":["AscendersBane","Strike_B","Strike_B","Defend_B","Defend_B","Defend_B","Defend_B","Zap+1","Dualcast+1","Ball Lightning","Fusion+1","Capacitor+1","Rip and Tear","Glacier"],"relics":["Cracked Core","Emotion Chip"],"acts_visited":["Exordium"],"potions_floor_usage":[5,5,14,16,16],"damage_taken":[{"damage":2.0,"enemies":"Cultist","floor":1.0,"turns":4.0},{"damage":7.0,"enemies":"Small Slimes","floor":3.0,"turns":2.0},{"damage":0,"enemies":"Jaw Worm","floor":4,"turns":3},{"damage":5,"enemies":"Gremlin Gang","floor":5,"turns":4},{"damage":8,"enemies":"3 Louse","floor":11,"turns":3},{"damage":1,"enemies":"Looter","floor":12,"turns":2},{"damage":37,"enemies":"Gremlin Gang","floor":14,"turns":3},{"damage":28,"enemies":"The Guardian","floor":16,"turns":6}],"seed_played":"4426891999391955113","potions_obtained":[{"floor":1.0,"key":"EntropicBrew"},{"floor":5,"key":"ColorlessPotion"}],"is_trial":false,"path_per_floor":["M","?","M","M","M","R","?","R","T","R","M","M","?","M","R","B"],"character_chosen":"DEFECT","items_purchased":[],"campfire_rested":1,"item_purchase_floors":[],"current_hp_per_floor":[62,62,55,55,50,50,50,50,50,50,42,41,41,4,25,0,0],"gold":266,"neow_bonus":"REMOVE_CARD","is_daily":false,"chose_seed":false,"campfire_upgraded":3,"win_rate":0.0,"timestamp":1614069067,"path_taken":["M","?","M","M","M","R","?","R","T","R","?","M","?","M","R","BOSS"],"items_purchased_type":[],"build_version":"2020-12-22","purchased_purges":0,"victory":false,"max_hp_per_floor":[71,71,71,71,71,71,71,71,71,71,71,71,71,71,71,71,71],"card_choices":[{"not_picked":["Static Discharge","Sweeping Beam"],"picked":"Ball Lightning","floor":1.0},{"not_picked":["Steam Power","Skim"],"picked":"Fusion","floor":3.0},{"not_picked":["Rebound","Sweeping Beam"],"picked":"Capacitor","floor":4},{"not_picked":["Conserve Battery","Gash"],"picked":"Rip and Tear","floor":5},{"not_picked":["Stack","Beam Cell","Reprogram"],"picked":"SKIP","floor":11},{"not_picked":["Reprogram","Barrage","Gash"],"picked":"SKIP","floor":12},{"not_picked":["Rainbow","Gash"],"picked":"Glacier","floor":14}],"player_experience":1672953,"relics_obtained":[{"floor":9,"key":"Emotion Chip"}],"event_choices":[{"damage_healed":0.0,"max_hp_gain":0.0,"max_hp_loss":0.0,"gold_gain":0.0,"event_name":"Living Wall","player_choice":"Grow","floor":2.0,"gold_loss":0.0,"damage_taken":0.0,"cards_upgraded":["Zap"]},{"cards_removed":["Strike_B"],"damage_healed":0,"gold_gain":0,"player_choice":"Offered Basic","damage_taken":0,"max_hp_gain":0,"max_hp_loss":0,"event_name":"Bonfire Elementals","floor":7,"gold_loss":0},{"damage_healed":0,"gold_gain":50,"player_choice":"Pray","damage_taken":0,"max_hp_gain":0,"max_hp_loss":0,"event_name":"Golden Shrine","floor":13,"gold_loss":0}],"is_beta":false,"boss_relics":[],"items_purged_floors":[],"is_endless":false,"potions_floor_spawned":[1,5,12],"killed_by":"The Guardian","ascension_level":20}}