{"host":"g907ck67u7c3hrs6","time":1614095224,"event":{"mods":["BaseMod","Colored Map","DeckTracker","Force Act Four","Highlight Path","Keyboard Shortcuts","Minty Spire (QoL Compilation)","Permanent Neow","Say the Spire","SuperFastMode"],"gold_per_floor":[111,111,111,124,149,149,149,149,173,213,256,305,349,72,72,167,167,190,115,165,183,163,208,241,274,355,386,422,453,403,437,437,542,542,557,410,300,353,353,395,433,471,495,538,573,608,635,673,673,673,673,673,673,339,386,386],"floor_reached":57,"language":"KOR","playtime":1402,"items_purged":["Predator","Dash","Deflect+1"],"score":4813,"play_id":"16832599-272d-461c-9aaa-fe501503d365","local_time":"20210224004704","daily_mods":["SealedDeck","Heirloom","Time Dilation","Flight","DeadlyEvents","Elite Swarm"],"is_ascension_mode":true,"campfire_choices":[{"data":"Expertise","floor":6,"key":"SMITH"},{"data":"Acrobatics","floor":7,"key":"SMITH"},{"data":"Acrobatics","floor":8,"key":"SMITH"},{"data":"Choke","floor":15,"key":"SMITH"},{"data":"Adrenaline","floor":32,"key":"SMITH"},{"floor":49,"key":"RECALL"},{"data":"After Image","floor":53,"key":"SMITH"}],"circlet_count":0,"master_deck":["AscendersBane","Choke+1","Acrobatics+1","Expertise+1","Concentrate+1","Tactician+1","Acrobatics+1","After Image","After Image+1","Adrenaline+1","After Image+1","Adrenaline","Adrenaline","Adrenaline","Backflip+1","After Image"],"relics":["Ring of the Serpent","StoneCalendar","Golden Idol","CeramicFish","Regal Pillow","Unceasing Top","Ornamental Fan","War Paint","Membership Card","Lantern","Ninja Scroll","StrikeDummy","Anchor","Sundial","Ice Cream","Question Card","Thread and Needle","Black Star","Potion Belt","Toy Ornithopter","Bottled Tornado","Pocketwatch","Bottled Lightning","Pen Nib","Strawberry","HornCleat","Bag of Preparation","Orichalcum","Ancient Tea Set","White Beast Statue","Nunchaku","Art of War","Bronze Scales","Calipers","Tingsha","FossilizedHelix","Bag of Marbles","Sling","Happy Flower","Akabeko"],"acts_visited":["Exordium","TheCity","TheBeyond","TheEnding"],"potions_floor_usage":[],"damage_taken":[{"damage":0,"enemies":"Small Slimes","floor":1,"turns":1},{"damage":0,"enemies":"2 Louse","floor":4,"turns":1},{"damage":0,"enemies":"Jaw Worm","floor":5,"turns":2},{"damage":0,"enemies":"3 Sentries","floor":10,"turns":1},{"damage":0,"enemies":"Gremlin Nob","floor":11,"turns":1},{"damage":0,"enemies":"Lagavulin","floor":12,"turns":1},{"damage":0,"enemies":"3 Sentries","floor":13,"turns":4},{"damage":0,"enemies":"The Guardian","floor":16,"turns":1},{"damage":0,"enemies":"Shell Parasite","floor":18,"turns":1},{"damage":0,"enemies":"2 Thieves","floor":21,"turns":1},{"damage":0,"enemies":"Gremlin Leader","floor":23,"turns":1},{"damage":0,"enemies":"Slavers","floor":24,"turns":1},{"damage":0,"enemies":"Gremlin Leader","floor":25,"turns":1},{"damage":0,"enemies":"Slavers","floor":27,"turns":1},{"damage":0,"enemies":"Book of Stabbing","floor":28,"turns":1},{"damage":0,"enemies":"Gremlin Leader","floor":29,"turns":1},{"damage":0,"enemies":"Slavers","floor":31,"turns":1},{"damage":0,"enemies":"Champ","floor":33,"turns":1},{"damage":0,"enemies":"Orb Walker","floor":35,"turns":1},{"damage":0,"enemies":"Nemesis","floor":38,"turns":1},{"damage":0,"enemies":"Giant Head","floor":40,"turns":1},{"damage":0,"enemies":"Nemesis","floor":41,"turns":1},{"damage":0,"enemies":"Reptomancer","floor":42,"turns":1},{"damage":0,"enemies":"Giant Head","floor":44,"turns":1},{"damage":0,"enemies":"Reptomancer","floor":45,"turns":1},{"damage":0,"enemies":"Giant Head","floor":46,"turns":1},{"damage":0,"enemies":"3 Shapes","floor":47,"turns":1},{"damage":0,"enemies":"Nemesis","floor":48,"turns":1},{"damage":0,"enemies":"Donu and Deca","floor":50,"turns":1},{"damage":0,"enemies":"Time Eater","floor":51,"turns":3},{"damage":0,"enemies":"Shield and Spear","floor":55,"turns":1},{"damage":0,"enemies":"The Heart","floor":56,"turns":4}],"seed_played":"1193736761798230244","potions_obtained":[{"floor":5,"key":"BlessingOfTheForge"},{"floor":11,"key":"ColorlessPotion"},{"floor":27,"key":"PowerPotion"},{"floor":41,"key":"EssenceOfSteel"},{"floor":42,"key":"SteroidPotion"},{"floor":55,"key":"GhostInAJar"}],"is_trial":true,"path_per_floor":["M","?","?","M","M","R","R","R","T","E","E","E","E","$","R","B",null,"M","?","?","M","?","E","E","E","T","E","E","E","$","E","R","B",null,"M","$","?","E","?","E","E","E","T","E","E","E","M","E","R","B","B",null,"R","$","E","B",null],"character_chosen":"THE_SILENT","items_purchased":["Membership Card","Lantern","Potion Belt","FossilizedHelix","Bag of Marbles","Sling"],"campfire_rested":0,"item_purchase_floors":[14,14,36,54,54,54],"current_hp_per_floor":[1,1,1,1,1,1,1,1,1,1,1,1,1,1,1,1,1,1,1,1,1,1,1,1,1,1,1,1,1,1,1,1,1,1,1,1,1,1,1,1,8,8,8,8,8,8,8,8,8,8,8,8,8,8,8,8],"gold":386,"neow_bonus":"","is_daily":false,"chose_seed":false,"campfire_upgraded":6,"win_rate":0.0,"timestamp":1614095224,"path_taken":["M","?","?","?","M","R","R","R","T","E","?","E","?","$","R","BOSS","M","?","?","M","?","E","E","E","T","E","?","E","$","E","R","BOSS","M","$","?","?","?","E","E","E","T","E","E","E","M","E","R","BOSS","BOSS","R","$","E","BOSS"],"items_purchased_type":["Relic","Relic","Relic","Relic","Relic","Relic"],"build_version":"2020-12-22","purchased_purges":3,"victory":true,"max_hp_per_floor":[1,1,1,1,1,1,1,1,1,1,1,1,1,1,1,1,1,1,1,1,1,1,1,1,1,1,1,1,1,1,1,1,1,1,1,1,1,1,1,1,8,8,8,8,8,8,8,8,8,8,8,8,8,8,8,8],"card_choices":[{"not_picked":["Prepared","Endless Agony"],"picked":"Acrobatics","floor":1},{"not_picked":["Blade Dance","Poisoned Stab","Endless Agony"],"picked":"SKIP","floor":4},{"not_picked":["Infinite Blades","Dagger Throw","Terror"],"picked":"SKIP","floor":5},{"not_picked":["Malaise","Burst"],"picked":"After Image","floor":10},{"not_picked":["Night Terror","Storm of Steel","Wraith Form v2"],"picked":"SKIP","floor":11},{"not_picked":["Venomology","Bullet Time"],"picked":"After Image","floor":12},{"not_picked":["Corpse Explosion","Wraith Form v2","Bullet Time"],"picked":"SKIP","floor":13},{"not_picked":["Dagger Throw","Setup","All Out Attack"],"picked":"SKIP","floor":18},{"not_picked":["Setup","Deflect","Poisoned Stab"],"picked":"SKIP","floor":21},{"not_picked":["Bullet Time","Phantasmal Killer"],"picked":"Adrenaline","floor":23},{"not_picked":["Venomology","Die Die Die","Envenom"],"picked":"SKIP","floor":24},{"not_picked":["Burst","Unload","Wraith Form v2"],"picked":"SKIP","floor":25},{"not_picked":["Wraith Form v2","Die Die Die","Tools of the Trade"],"picked":"SKIP","floor":27},{"not_picked":["Burst","Doppelganger","Unload"],"picked":"SKIP","floor":28},{"not_picked":["A Thousand Cuts","Storm of Steel","Die Die Die"],"picked":"SKIP","floor":29},{"not_picked":["Storm of Steel","Malaise","Burst","Tools of the Trade"],"picked":"SKIP","floor":31},{"not_picked":["Tools of the Trade","Malaise","Grand Finale"],"picked":"After Image","floor":33},{"not_picked":["Underhanded Strike","Deadly Poison","Predator","Riddle With Holes"],"picked":"SKIP","floor":35},{"not_picked":["Doppelganger","Envenom","Burst"],"picked":"Adrenaline","floor":38},{"not_picked":["Envenom","A Thousand Cuts","Burst"],"picked":"Adrenaline","floor":40},{"not_picked":["Burst","Venomology","Die Die Die","Corpse Explosion"],"picked":"SKIP","floor":41},{"not_picked":["Malaise","Burst","Storm of Steel","Glass Knife"],"picked":"SKIP","floor":42},{"not_picked":["Night Terror","Phantasmal Killer","Doppelganger"],"picked":"Adrenaline","floor":44},{"not_picked":["Unload","Phantasmal Killer","Storm of Steel","Envenom"],"picked":"SKIP","floor":45},{"not_picked":["Storm of Steel","A Thousand Cuts","Corpse Explosion","Malaise"],"picked":"SKIP","floor":46},{"not_picked":["Reflex","Dash+1","Deadly Poison+1"],"picked":"Backflip+1","floor":47},{"not_picked":["Die Die Die","Unload","Glass Knife","Storm of Steel"],"picked":"SKIP","floor":48},{"not_picked":["A Thousand Cuts","Tools of the Trade","Bullet Time"],"picked":"After Image","floor":55}],"player_experience":355671,"relics_obtained":[{"floor":9,"key":"CeramicFish"},{"floor":10,"key":"Regal Pillow"},{"floor":11,"key":"Unceasing Top"},{"floor":12,"key":"Ornamental Fan"},{"floor":13,"key":"War Paint"},{"floor":23,"key":"Ninja Scroll"},{"floor":24,"key":"StrikeDummy"},{"floor":25,"key":"Anchor"},{"floor":26,"key":"Sundial"},{"floor":27,"key":"Ice Cream"},{"floor":29,"key":"Question Card"},{"floor":31,"key":"Thread and Needle"},{"floor":38,"key":"Toy Ornithopter"},{"floor":38,"key":"Bottled Tornado"},{"floor":40,"key":"Pocketwatch"},{"floor":40,"key":"Bottled Lightning"},{"floor":41,"key":"Pen Nib"},{"floor":41,"key":"Strawberry"},{"floor":42,"key":"HornCleat"},{"floor":42,"key":"Bag of Preparation"},{"floor":44,"key":"Orichalcum"},{"floor":44,"key":"Ancient Tea Set"},{"floor":45,"key":"White Beast Statue"},{"floor":45,"key":"Nunchaku"},{"floor":46,"key":"Art of War"},{"floor":46,"key":"Bronze Scales"},{"floor":48,"key":"Calipers"},{"floor":48,"key":"Tingsha"},{"floor":55,"key":"Happy Flower"},{"floor":55,"key":"Akabeko"}],"event_choices":[{"damage_healed":0,"gold_gain":0,"player_choice":"Take Damage","damage_taken":0,"relics_obtained":["Golden Idol"],"max_hp_gain":0,"max_hp_loss":0,"event_name":"Golden Idol","floor":2,"gold_loss":0},{"damage_healed":0,"gold_gain":0,"player_choice":"Entered Light","damage_taken":0,"max_hp_gain":0,"max_hp_loss":0,"event_name":"Shining Light","floor":3,"gold_loss":0,"cards_upgraded":["Tactician","Concentrate"]},{"cards_removed":["Deflect"],"damage_healed":0,"gold_gain":0,"player_choice":"Gave Gold","damage_taken":0,"max_hp_gain":0,"max_hp_loss":0,"event_name":"Beggar","floor":19,"gold_loss":75},{"damage_healed":0,"gold_gain":50,"player_choice":"Stole From Cult","damage_taken":0,"max_hp_gain":0,"max_hp_loss":0,"event_name":"Nest","floor":20,"gold_loss":0},{"damage_healed":0,"gold_gain":0,"player_choice":"Bought 1 Potion","damage_taken":0,"max_hp_gain":0,"max_hp_loss":0,"event_name":"The Woman in Blue","floor":22,"gold_loss":0},{"cards_removed":["Underhanded Strike"],"damage_healed":0,"gold_gain":0,"player_choice":"Upgrade and Remove","damage_taken":0,"max_hp_gain":0,"max_hp_loss":0,"event_name":"Designer","floor":37,"gold_loss":110,"cards_upgraded":["After Image"]},{"damage_healed":0,"gold_gain":0,"player_choice":"Ignored","damage_taken":0,"max_hp_gain":0,"max_hp_loss":0,"event_name":"SecretPortal","floor":39,"gold_loss":0}],"is_beta":false,"boss_relics":[{"not_picked":["Busted Crown","Cursed Key"],"picked":"Ring of the Serpent"},{"not_picked":["SlaversCollar","Velvet Choker"],"picked":"Black Star"}],"items_purged_floors":[14,30,36],"is_endless":false,"potions_floor_spawned":[5,11,13,16,18,23,27,31,33,35,41,42,44,46,47,48,55],"ascension_level":20}}