{"host":"0qulokkk26x4i6bu","time":1614092485,"event":{"mods":["BaseMod","Bestiary","Block Reminder","DeckTracker","Minty Spire (QoL Compilation)","Relic Stats"],"gold_per_floor":[114,10,22,36,36,36,72,72,72,72,111,186,186,230,230,353,353,376,10,10,26,26,70,70,113,113,113,138,88,88,38,38,168,168,193,206,206,107,128,128,152,187,187,187,245,578,578,607,607,607,607,607,32,67,67],"floor_reached":56,"language":"ENG","playtime":3103,"items_purged":["Pain","Dualcast","Writhe"],"score":1277,"play_id":"81c2d5a1-4183-43cd-805d-d64f1b9e2646","local_time":"20210223070125","is_ascension_mode":true,"campfire_choices":[{"data":"Zap","floor":6,"key":"SMITH"},{"data":"Streamline","floor":8,"key":"SMITH"},{"floor":10,"key":"REST"},{"floor":15,"key":"REST"},{"floor":24,"key":"REST"},{"floor":32,"key":"REST"},{"floor":40,"key":"RECALL"},{"data":"Sweeping Beam","floor":44,"key":"PURGE"},{"floor":47,"key":"REST"},{"floor":49,"key":"REST"},{"data":"Skim","floor":52,"key":"PURGE"}],"circlet_count":0,"master_deck":["Strike_B+1","Strike_B+1","Strike_B+1","Strike_B+1","Defend_B+1","Defend_B+1","Defend_B+1","Defend_B+1","Zap+1","Streamline+1","Cold Snap","Fission+1","Coolheaded+1","Undo+1","Capacitor+1","Capacitor+1","Machine Learning+1","Biased Cognition+1","Doom and Gloom+1","Coolheaded","Go for the Eyes","Compile Driver+1","Consume","Hologram+1","Go for the Eyes+1","Hello World+1","Compile Driver","Streamline"],"relics":["Cracked Core","NeowsBlessing","Frozen Egg 2","Smiling Mask","Art of War","Anchor","WarpedTongs","InkBottle","Fusion Hammer","Ice Cream","Meat on the Bone","Thread and Needle","Calipers","War Paint","Busted Crown","Peace Pipe","Mango","Ginger","Orrery","Mummified Hand","Toy Ornithopter"],"acts_visited":["Exordium","TheCity","TheBeyond","TheEnding"],"potions_floor_usage":[7,25,25,35,48,50,55,55],"damage_taken":[{"damage":0,"enemies":"Jaw Worm","floor":1,"turns":1},{"damage":0,"enemies":"Cultist","floor":3,"turns":1},{"damage":0,"enemies":"2 Louse","floor":4,"turns":1},{"damage":29,"enemies":"3 Sentries","floor":7,"turns":8},{"damage":16,"enemies":"Lagavulin","floor":11,"turns":6},{"damage":13,"enemies":"Gremlin Nob","floor":14,"turns":3},{"damage":28,"enemies":"The Guardian","floor":16,"turns":12},{"damage":8,"enemies":"3 Byrds","floor":18,"turns":6},{"damage":0,"enemies":"Shell Parasite","floor":21,"turns":5},{"damage":23,"enemies":"Gremlin Leader","floor":23,"turns":8},{"damage":30,"enemies":"Book of Stabbing","floor":25,"turns":6},{"damage":3,"enemies":"Sentry and Sphere","floor":28,"turns":5},{"damage":21,"enemies":"Collector","floor":33,"turns":11},{"damage":5,"enemies":"3 Darklings","floor":35,"turns":4},{"damage":0,"enemies":"Orb Walker","floor":36,"turns":4},{"damage":0,"enemies":"Sphere and 2 Shapes","floor":39,"turns":4},{"damage":0,"enemies":"3 Darklings","floor":41,"turns":5},{"damage":21,"enemies":"Nemesis","floor":42,"turns":7},{"damage":8,"enemies":"2 Orb Walkers","floor":45,"turns":6},{"damage":28,"enemies":"Reptomancer","floor":48,"turns":6},{"damage":27,"enemies":"Awakened One","floor":50,"turns":13},{"damage":50,"enemies":"Shield and Spear","floor":54,"turns":8},{"damage":10,"enemies":"The Heart","floor":55,"turns":9}],"seed_played":"-7532836187845187157","potions_obtained":[{"floor":3,"key":"DistilledChaos"},{"floor":7,"key":"CultistPotion"},{"floor":14,"key":"Block Potion"},{"floor":16,"key":"LiquidBronze"},{"floor":25,"key":"DistilledChaos"},{"floor":33,"key":"AttackPotion"},{"floor":35,"key":"PotionOfCapacity"},{"floor":39,"key":"FocusPotion"}],"is_trial":false,"path_per_floor":["M","?","M","M","?","R","E","R","T","R","E","?","?","E","R","B",null,"M","$","$","M","?","E","R","E","T","?","M","$","?","$","R","B",null,"M","M","?","$","M","R","M","E","T","R","?","?","R","E","R","B",null,"R","$","E","B",null],"character_chosen":"DEFECT","items_purchased":["Ice Cream","Coolheaded","Coolheaded","Go for the Eyes","Orrery","Hello World+1","Compile Driver","Streamline","Mummified Hand","Strength Potion"],"campfire_rested":6,"item_purchase_floors":[19,19,38,38,53,53,53,53,53,53],"current_hp_per_floor":[75,75,75,75,69,69,40,40,40,60,44,33,33,20,40,12,69,61,61,61,61,61,38,58,40,40,40,37,37,37,37,57,36,69,64,64,64,64,64,64,64,43,43,43,49,49,73,45,69,42,83,83,83,45,45],"gold":67,"neow_bonus":"THREE_ENEMY_KILL","is_daily":false,"chose_seed":false,"campfire_upgraded":2,"win_rate":0.0,"timestamp":1614092485,"path_taken":["M","?","M","?","?","R","E","R","T","R","E","?","?","E","R","BOSS","M","?","$","M","?","E","R","E","T","?","M","?","?","$","R","BOSS","M","M","?","$","M","R","?","E","T","R","?","?","R","E","R","BOSS","R","$","E","BOSS"],"items_purchased_type":["Relic","Card","Card","Card","Relic","Card","Card","Card","Relic","Potion"],"build_version":"2020-12-22","purchased_purges":3,"victory":true,"max_hp_per_floor":[75,75,75,75,69,69,69,69,69,69,69,69,69,69,69,69,69,69,69,69,69,69,69,69,69,69,69,69,69,69,69,69,69,69,69,69,69,69,69,69,69,69,69,69,83,83,83,83,83,83,83,83,83,83,83],"relic_stats":{"counters":[23,139],"Ginger":[2],"War Paint":["Fission","Coolheaded"],"Smiling Mask":150,"WarpedTongs":[89],"Peace Pipe":3,"Busted Crown":26,"Mummified Hand":[10],"Art of War":[15],"obtain_stats":[{"Ice Cream":19,"Calipers":26,"NeowsBlessing":0,"Golden Idol":5,"Thread and Needle":25,"Mango":45,"Ginger":48,"Frozen Egg 2":2,"War Paint":30,"Smiling Mask":7,"WarpedTongs":13,"Peace Pipe":42,"Anchor":11,"Busted Crown":34,"Mummified Hand":53,"Orrery":53,"Fusion Hammer":17,"Art of War":9,"Cracked Core":0,"InkBottle":14,"Toy Ornithopter":54,"Meat on the Bone":23},{"Ice Cream":8,"Calipers":11,"NeowsBlessing":0,"Golden Idol":3,"Thread and Needle":11,"Mango":19,"Ginger":20,"Frozen Egg 2":1,"War Paint":12,"Smiling Mask":4,"WarpedTongs":5,"Peace Pipe":18,"Anchor":5,"Busted Crown":13,"Mummified Hand":21,"Orrery":21,"Fusion Hammer":7,"Art of War":4,"Cracked Core":0,"InkBottle":6,"Toy Ornithopter":22,"Meat on the Bone":10},{"Ice Cream":38,"Calipers":57,"NeowsBlessing":0,"Golden Idol":3,"Thread and Needle":57,"Mango":103,"Ginger":109,"Frozen Egg 2":1,"War Paint":62,"Smiling Mask":11,"WarpedTongs":17,"Peace Pipe":97,"Anchor":17,"Busted Crown":73,"Mummified Hand":122,"Orrery":122,"Fusion Hammer":32,"Art of War":11,"Cracked Core":0,"InkBottle":20,"Toy Ornithopter":130,"Meat on the Bone":51}],"InkBottle":[57],"Toy Ornithopter":5,"Meat on the Bone":24},"card_choices":[{"not_picked":["Leap","Sweeping Beam","Streamline"],"picked":"SKIP","floor":1},{"not_picked":["Barrage","Leap","Gash"],"picked":"SKIP","floor":3},{"not_picked":["Glacier","Rebound","Double Energy"],"picked":"SKIP","floor":4},{"not_picked":["Scrape","Chill"],"picked":"Streamline","floor":7},{"not_picked":["Steam","Scrape"],"picked":"Sweeping Beam","floor":11},{"not_picked":["Sunder","Conserve Battery"],"picked":"Cold Snap","floor":14},{"not_picked":["Buffer+1","Seek"],"picked":"Fission","floor":16},{"not_picked":["Compile Driver+1","Static Discharge+1","Chaos"],"picked":"SKIP","floor":18},{"not_picked":["Gash","Sweeping Beam"],"picked":"Undo+1","floor":21},{"not_picked":["Sweeping Beam+1","Stack"],"picked":"Capacitor+1","floor":23},{"not_picked":["Coolheaded","Leap"],"picked":"Machine Learning+1","floor":25},{"not_picked":["Rip and Tear+1","Melter","Conserve Battery+1"],"picked":"SKIP","floor":28},{"not_picked":["All For One","Multi-Cast"],"picked":"Biased Cognition+1","floor":33},{"not_picked":[],"picked":"Skim","floor":35},{"not_picked":[],"picked":"Doom and Gloom+1","floor":36},{"not_picked":["Conserve Battery"],"picked":"SKIP","floor":39},{"not_picked":["Chill"],"picked":"SKIP","floor":41},{"not_picked":[],"picked":"Compile Driver+1","floor":42},{"not_picked":[],"picked":"Consume","floor":45},{"not_picked":[],"picked":"Hologram+1","floor":48},{"not_picked":[],"picked":"Go for the Eyes+1","floor":53},{"not_picked":["Steam Power"],"picked":"SKIP","floor":54}],"player_experience":75041,"relics_obtained":[{"floor":7,"key":"Smiling Mask"},{"floor":9,"key":"Art of War"},{"floor":11,"key":"Anchor"},{"floor":14,"key":"InkBottle"},{"floor":23,"key":"Meat on the Bone"},{"floor":25,"key":"Thread and Needle"},{"floor":26,"key":"Calipers"},{"floor":42,"key":"Peace Pipe"},{"floor":45,"key":"Mango"},{"floor":48,"key":"Ginger"},{"floor":54,"key":"Toy Ornithopter"}],"event_choices":[{"damage_healed":0,"gold_gain":0,"player_choice":"Paid Gold","damage_taken":0,"relics_obtained":["Frozen Egg 2"],"max_hp_gain":0,"max_hp_loss":0,"event_name":"WeMeetAgain","floor":2,"gold_loss":104},{"damage_healed":0,"gold_gain":0,"player_choice":"Lose Max HP","damage_taken":0,"relics_obtained":["Golden Idol"],"max_hp_gain":0,"max_hp_loss":6,"event_name":"Golden Idol","floor":5,"gold_loss":0},{"damage_healed":0,"gold_gain":75,"player_choice":"Gather Gold","damage_taken":11,"max_hp_gain":0,"max_hp_loss":0,"event_name":"World of Goop","floor":12,"gold_loss":0},{"damage_healed":0,"gold_gain":0,"player_choice":"Rummage","damage_taken":0,"relics_obtained":["WarpedTongs"],"max_hp_gain":0,"max_hp_loss":0,"event_name":"Accursed Blacksmith","floor":13,"gold_loss":0,"cards_obtained":["Pain"]},{"damage_healed":0,"gold_gain":0,"player_choice":"Read","damage_taken":0,"max_hp_gain":0,"max_hp_loss":0,"event_name":"The Library","floor":22,"gold_loss":0,"cards_obtained":["Capacitor"]},{"damage_healed":0,"gold_gain":0,"player_choice":"Simplicity","damage_taken":0,"max_hp_gain":0,"max_hp_loss":0,"event_name":"Back to Basics","floor":27,"gold_loss":0,"cards_upgraded":["Strike_B","Strike_B","Strike_B","Strike_B","Defend_B","Defend_B","Defend_B","Defend_B"]},{"damage_healed":0,"gold_gain":0,"player_choice":"Opened","damage_taken":0,"relics_obtained":["War Paint"],"max_hp_gain":0,"max_hp_loss":0,"event_name":"The Mausoleum","floor":30,"gold_loss":0,"cards_obtained":["Writhe"]},{"damage_healed":0,"gold_gain":0,"player_choice":"Ignored","damage_taken":0,"max_hp_gain":0,"max_hp_loss":0,"event_name":"SecretPortal","floor":37,"gold_loss":0},{"damage_healed":0,"gold_gain":0,"player_choice":"Fight","damage_taken":0,"max_hp_gain":0,"max_hp_loss":0,"event_name":"Mysterious Sphere","floor":45,"gold_loss":0},{"damage_healed":0,"gold_gain":333,"player_choice":"Gave Idol","damage_taken":0,"max_hp_gain":0,"max_hp_loss":0,"event_name":"The Moai Head","floor":46,"relics_lost":["Golden Idol"],"gold_loss":0}],"is_beta":false,"boss_relics":[{"not_picked":["SlaversCollar","Black Star"],"picked":"Fusion Hammer"},{"not_picked":["Inserter","Velvet Choker"],"picked":"Busted Crown"}],"items_purged_floors":[19,29,31],"is_endless":false,"potions_floor_spawned":[3,7,14,16,23,25,33,35,39,45],"ascension_level":1}}