{"host":"b34lfm0pg36jv5no","time":1614041942,"event":{"mods":["BaseMod","Bestiary","Colored Map","Dark Map","Minty Spire (QoL Compilation)","Relic Stats","ojb\u0027s Info Mod"],"gold_per_floor":[117,141,161,171,185,185,197,197,197,224,224,224,243,270,270,369,369,380,380,2,2,19,19,29,29,99,134,134,164,194,216,228,336,348,374,386,448,460,492,535,547,587,673,701,713,725,754,136,136,136,136,136,61,93,93],"floor_reached":56,"language":"ENG","playtime":5045,"items_purged":["Strike_G","Strike_G"],"score":1353,"play_id":"ec41ebe2-d158-4ac3-9a2c-330dd494230f","local_time":"20210223005902","is_ascension_mode":true,"campfire_choices":[{"data":"Dash","floor":6.0,"key":"SMITH"},{"data":"Dagger Spray","floor":8.0,"key":"SMITH"},{"data":"Blade Dance","floor":12.0,"key":"SMITH"},{"data":"Noxious Fumes","floor":15.0,"key":"SMITH"},{"data":"Crippling Poison","floor":23.0,"key":"SMITH"},{"data":"Corpse Explosion","floor":25,"key":"SMITH"},{"floor":28,"key":"REST"},{"data":"Leg Sweep","floor":32,"key":"SMITH"},{"data":"Adrenaline","floor":41,"key":"SMITH"},{"data":"Blade Dance","floor":46,"key":"SMITH"},{"floor":49,"key":"RECALL"},{"data":"Master of Strategy","floor":52,"key":"SMITH"}],"circlet_count":0,"master_deck":["Strike_G","Strike_G","Strike_G","Defend_G","Defend_G","Defend_G","Defend_G","Defend_G","Survivor","Neutralize+1","Poisoned Stab","Dagger Spray+1","Noxious Fumes+1","Blade Dance+1","Crippling Poison+1","Adrenaline+1","Dodge and Roll+1","Blade Dance+1","Corpse Explosion+1","Escape Plan","Leg Sweep+1","Accuracy+1","Riddle With Holes+1","Envenom+1","PiercingWail+1","Blade Dance+1","Accuracy","Backflip+1","Escape Plan+1","Dark Shackles","Master of Strategy+1","Well Laid Plans"],"relics":["Ring of the Snake","Omamori","Sundial","Kunai","Blood Vial","MealTicket","SacredBark","Shuriken","Toolbox","Toy Ornithopter","Gremlin Horn","Centennial Puzzle","MawBank","Coffee Dripper","Pocketwatch","Nunchaku","Paper Crane","White Beast Statue","Bottled Lightning","Mercury Hourglass"],"acts_visited":["Exordium","TheCity","TheBeyond","TheEnding"],"potions_floor_usage":[27,33,33,37,42,54,55,55,55],"damage_taken":[{"damage":0.0,"enemies":"Cultist","floor":1.0,"turns":4.0},{"damage":0.0,"enemies":"2 Louse","floor":3.0,"turns":3.0},{"damage":2.0,"enemies":"Jaw Worm","floor":4.0,"turns":3.0},{"damage":7.0,"enemies":"Exordium Thugs","floor":5.0,"turns":6.0},{"damage":0.0,"enemies":"Looter","floor":7.0,"turns":3.0},{"damage":5.0,"enemies":"3 Sentries","floor":10.0,"turns":6.0},{"damage":0.0,"enemies":"2 Fungi Beasts","floor":13.0,"turns":3.0},{"damage":9.0,"enemies":"Lagavulin","floor":14.0,"turns":6.0},{"damage":13.0,"enemies":"Hexaghost","floor":16.0,"turns":8.0},{"damage":9.0,"enemies":"Shell Parasite","floor":18.0,"turns":5.0},{"damage":22.0,"enemies":"2 Thieves","floor":22.0,"turns":3.0},{"damage":8.0,"enemies":"Snecko","floor":24.0,"turns":4.0},{"damage":8,"enemies":"Book of Stabbing","floor":27,"turns":4},{"damage":24,"enemies":"Slavers","floor":29,"turns":2},{"damage":5,"enemies":"Centurion and Healer","floor":30,"turns":3},{"damage":1,"enemies":"Snake Plant","floor":31,"turns":3},{"damage":27,"enemies":"Automaton","floor":33,"turns":6},{"damage":12,"enemies":"3 Darklings","floor":35,"turns":3},{"damage":10,"enemies":"2 Orb Walkers","floor":37,"turns":3},{"damage":0,"enemies":"Orb Walker","floor":39,"turns":1},{"damage":5,"enemies":"Reptomancer","floor":40,"turns":4},{"damage":4,"enemies":"Nemesis","floor":42,"turns":5},{"damage":1,"enemies":"Transient","floor":44,"turns":5},{"damage":10,"enemies":"Spire Growth","floor":47,"turns":4},{"damage":18,"enemies":"Awakened One","floor":50,"turns":9},{"damage":6,"enemies":"Shield and Spear","floor":54,"turns":4},{"damage":23,"enemies":"The Heart","floor":55,"turns":7}],"seed_played":"-6512527044756561856","potions_obtained":[{"floor":1.0,"key":"SkillPotion"},{"floor":4.0,"key":"DuplicationPotion"},{"floor":7.0,"key":"Swift Potion"},{"floor":30,"key":"Strength Potion"},{"floor":31,"key":"Weak Potion"},{"floor":33,"key":"AttackPotion"},{"floor":37,"key":"ColorlessPotion"},{"floor":39,"key":"Poison Potion"},{"floor":44,"key":"Energy Potion"},{"floor":47,"key":"Swift Potion"},{"floor":54,"key":"Block Potion"}],"is_trial":false,"path_per_floor":["M","T","M","M","M","R","M","R","T","E","?","R","M","E","R","B",null,"M","?","$","?","M","R","M","R","T","E","R","E","M","M","R","B",null,"M","?","?","?","M","E","R","E","T","M","T","R","M","$","R","B",null,"R","$","E","B",null],"character_chosen":"THE_SILENT","items_purchased":["Toolbox","Toy Ornithopter","Bottled Lightning","Dark Shackles","Master of Strategy","Well Laid Plans"],"campfire_rested":1,"item_purchase_floors":[20,20,48,48,48,53],"current_hp_per_floor":[70,70,70,68,61,61,61,61,61,56,56,56,58,51,51,40,70,61,61,70,57,42,42,36,36,36,35,57,35,32,33,33,18,75,63,63,60,60,62,59,59,62,62,63,63,63,55,70,70,54,75,75,75,69,61],"gold":93,"neow_bonus":"UPGRADE_CARD","is_daily":false,"chose_seed":false,"campfire_upgraded":10,"win_rate":0.0,"timestamp":1614041942,"path_taken":["M","?","M","M","M","R","M","R","T","E","?","R","M","E","R","BOSS","M","?","?","?","M","R","M","R","T","E","R","E","M","M","R","BOSS","M","?","?","?","?","E","R","E","T","M","?","R","?","$","R","BOSS","R","$","E","BOSS"],"items_purchased_type":["Relic","Relic","Relic","Card","Card","Card"],"build_version":"2020-12-22","purchased_purges":2,"victory":true,"max_hp_per_floor":[70,70,70,70,70,70,70,70,70,70,70,70,70,70,70,70,70,70,70,70,75,75,75,75,75,75,75,75,75,75,75,75,75,75,75,75,75,75,75,75,75,75,75,75,75,75,75,75,75,75,75,75,75,75,75],"relic_stats":{"Gremlin Horn":[11,11],"counters":[27,117],"MawBank":228,"Mercury Hourglass":[21],"Blood Vial":36,"Centennial Puzzle":[39],"Nunchaku":[14],"Sundial":[10],"Shuriken":[68],"MealTicket":24,"Kunai":[81],"obtain_stats":[{"Gremlin Horn":26,"SacredBark":17,"Omamori":2,"Paper Crane":42,"MawBank":29,"White Beast Statue":45,"Mercury Hourglass":54,"Blood Vial":11,"Centennial Puzzle":27,"Nunchaku":40,"Sundial":9,"Shuriken":19,"Toolbox":20,"MealTicket":14,"Coffee Dripper":34,"Kunai":10,"Bottled Lightning":48,"Toy Ornithopter":20,"Ring of the Snake":0,"Pocketwatch":37},{"Gremlin Horn":12,"SacredBark":9,"Omamori":1,"Paper Crane":22,"MawBank":14,"White Beast Statue":23,"Mercury Hourglass":26,"Blood Vial":6,"Centennial Puzzle":13,"Nunchaku":21,"Sundial":5,"Shuriken":10,"Toolbox":10,"MealTicket":8,"Coffee Dripper":17,"Kunai":6,"Bottled Lightning":24,"Toy Ornithopter":10,"Ring of the Snake":0,"Pocketwatch":19},{"Gremlin Horn":54,"SacredBark":42,"Omamori":4,"Paper Crane":88,"MawBank":60,"White Beast Statue":93,"Mercury Hourglass":110,"Blood Vial":25,"Centennial Puzzle":58,"Nunchaku":83,"Sundial":19,"Shuriken":47,"Toolbox":47,"MealTicket":34,"Coffee Dripper":72,"Kunai":25,"Bottled Lightning":97,"Toy Ornithopter":47,"Ring of the Snake":0,"Pocketwatch":78}],"Toy Ornithopter":43,"Ring of the Snake":[54],"Pocketwatch":[11]},"card_choices":[{"not_picked":["Catalyst","Skewer"],"picked":"Dash","floor":1.0},{"not_picked":["Bouncing Flask","Backflip"],"picked":"Poisoned Stab","floor":3.0},{"not_picked":["Dodge and Roll","Setup","Flying Knee"],"picked":"SKIP","floor":4.0},{"not_picked":["Deadly Poison","Accuracy"],"picked":"Dagger Spray","floor":5.0},{"not_picked":["Prepared","Calculated Gamble"],"picked":"Noxious Fumes","floor":7.0},{"not_picked":["Unload","Distraction"],"picked":"Blade Dance","floor":10.0},{"not_picked":["Choke","Underhanded Strike","Quick Slash"],"picked":"SKIP","floor":13.0},{"not_picked":["Concentrate","Deadly Poison"],"picked":"Crippling Poison","floor":14.0},{"not_picked":["Grand Finale","Bullet Time"],"picked":"Adrenaline","floor":16.0},{"not_picked":["Acrobatics","Slice"],"picked":"Dodge and Roll+1","floor":18.0},{"not_picked":["Deflect+1","Slice+1"],"picked":"Blade Dance+1","floor":22.0},{"not_picked":["Dash","Masterful Stab"],"picked":"Corpse Explosion","floor":24},{"not_picked":["Outmaneuver","Footwork"],"picked":"Escape Plan","floor":27},{"not_picked":["Underhanded Strike","Tactician+1"],"picked":"Leg Sweep","floor":29},{"not_picked":["PiercingWail","Outmaneuver"],"picked":"Accuracy+1","floor":30},{"not_picked":["Blade Dance","Poisoned Stab"],"picked":"Riddle With Holes+1","floor":31},{"not_picked":["After Image","Tools of the Trade"],"picked":"Envenom","floor":33},{"not_picked":["Dagger Throw","Reflex"],"picked":"PiercingWail+1","floor":35},{"not_picked":["Quick Slash","Poisoned Stab"],"picked":"Blade Dance","floor":37},{"not_picked":["Tactician","Dagger Throw"],"picked":"Accuracy","floor":39},{"not_picked":["Prepared","Tactician+1","Flying Knee"],"picked":"SKIP","floor":40},{"not_picked":["Storm of Steel","Bouncing Flask","Deadly Poison+1"],"picked":"SKIP","floor":42},{"not_picked":["Outmaneuver+1","Infinite Blades"],"picked":"Backflip+1","floor":44},{"not_picked":["Dodge and Roll","Concentrate+1"],"picked":"Escape Plan+1","floor":47},{"not_picked":["Tactician","Predator","Underhanded Strike+1"],"picked":"SKIP","floor":54}],"player_experience":2668142,"relics_obtained":[{"floor":2.0,"key":"Omamori"},{"floor":9.0,"key":"Sundial"},{"floor":10.0,"key":"Kunai"},{"floor":14.0,"key":"MealTicket"},{"floor":19.0,"key":"Shuriken"},{"floor":26,"key":"Gremlin Horn"},{"floor":27,"key":"Centennial Puzzle"},{"floor":29,"key":"MawBank"},{"floor":37,"key":"Pocketwatch"},{"floor":40,"key":"Nunchaku"},{"floor":42,"key":"Paper Crane"},{"floor":45,"key":"White Beast Statue"},{"floor":54,"key":"Mercury Hourglass"}],"event_choices":[{"damage_healed":0.0,"max_hp_gain":0.0,"max_hp_loss":0.0,"gold_gain":0.0,"event_name":"Big Fish","player_choice":"Box","floor":11.0,"gold_loss":0.0,"damage_taken":0.0,"relics_obtained":["Blood Vial"],"cards_obtained":["Regret"]},{"damage_healed":0.0,"max_hp_gain":0.0,"max_hp_loss":0.0,"gold_gain":0.0,"event_name":"Wheel of Change","player_choice":"Relic","floor":19.0,"gold_loss":0.0,"damage_taken":0.0},{"damage_healed":0.0,"max_hp_gain":5.0,"max_hp_loss":0.0,"gold_gain":0.0,"event_name":"Forgotten Altar","player_choice":"Shed Blood","floor":21.0,"gold_loss":0.0,"damage_taken":18.0},{"cards_removed":["Dash"],"damage_healed":0,"gold_gain":0,"player_choice":"Removed Attack","damage_taken":0,"max_hp_gain":0,"max_hp_loss":0,"event_name":"Falling","floor":36,"gold_loss":0},{"damage_healed":0,"gold_gain":0,"player_choice":"Fight","damage_taken":0,"max_hp_gain":0,"max_hp_loss":0,"event_name":"Mysterious Sphere","floor":37,"gold_loss":0},{"damage_healed":0,"gold_gain":0,"player_choice":"Upgraded","damage_taken":0,"max_hp_gain":0,"max_hp_loss":0,"event_name":"Upgrade Shrine","floor":38,"gold_loss":0,"cards_upgraded":["Envenom"]}],"is_beta":false,"boss_relics":[{"not_picked":["Snecko Eye","Fusion Hammer"],"picked":"SacredBark"},{"not_picked":["Black Star","Calling Bell"],"picked":"Coffee Dripper"}],"items_purged_floors":[20,48],"is_endless":false,"potions_floor_spawned":[1,4,7,30,31,33,37,39,44,47,54],"ascension_level":2}}