{"host":"v7dcfm09mlh04wa7","time":1614045789,"event":{"mods":["BaseMod","Minty Spire (QoL Compilation)","StSLib"],"gold_per_floor":[114,47,47,57,57,57,84,84,84,84,119,119,129,155,155,253,253,269,280,280,280],"floor_reached":20,"language":"ENG","playtime":1078,"items_purged":[],"score":276,"play_id":"d18ec66f-f1e3-46f5-af07-4c3aee6c7274","local_time":"20210222210309","is_ascension_mode":true,"campfire_choices":[{"data":"Eruption","floor":6,"key":"SMITH"},{"data":"LessonLearned","floor":8,"key":"SMITH"},{"data":"Adaptation","floor":15,"key":"SMITH"}],"circlet_count":0,"master_deck":["Strike_P","Strike_P","Strike_P","Defend_P+1","Defend_P","Defend_P","Defend_P","Eruption+1","Vigilance","Brilliance+1","ClearTheMind+1","FearNoEvil","LessonLearned+1","Crescendo+1","TalkToTheHand+1","Pray+1","Vault+1","Adaptation+1","Blasphemy+1","CurseOfTheBell","Alpha+1"],"relics":["PureWater","Toxic Egg 2","Potion Belt","Pear","Matryoshka","Calling Bell","Pen Nib","Gremlin Horn","Lizard Tail"],"acts_visited":["Exordium","TheCity"],"potions_floor_usage":[13,14,14,20],"damage_taken":[{"damage":11,"enemies":"Small Slimes","floor":1,"turns":2},{"damage":0,"enemies":"Cultist","floor":4,"turns":2},{"damage":15,"enemies":"3 Sentries","floor":7,"turns":4},{"damage":14,"enemies":"Lagavulin","floor":11,"turns":4},{"damage":0,"enemies":"Jaw Worm","floor":13,"turns":2},{"damage":4,"enemies":"3 Sentries","floor":14,"turns":6},{"damage":0,"enemies":"Slime Boss","floor":16,"turns":7},{"damage":8,"enemies":"3 Byrds","floor":18,"turns":6},{"damage":26,"enemies":"2 Thieves","floor":19,"turns":4},{"damage":5,"enemies":"Chosen and Byrds","floor":20,"turns":5}],"seed_played":"1323874405157320191","potions_obtained":[{"floor":4,"key":"SneckoOil"},{"floor":7,"key":"DuplicationPotion"},{"floor":11,"key":"SteroidPotion"},{"floor":12,"key":"Ancient Potion"},{"floor":12,"key":"Block Potion"},{"floor":12,"key":"Explosive Potion"}],"is_trial":false,"path_per_floor":["M","$","?","M","?","R","E","R","T","T","E","?","M","E","R","B",null,"M","M","M"],"character_chosen":"WATCHER","items_purchased":["FearNoEvil"],"campfire_rested":0,"item_purchase_floors":[2],"current_hp_per_floor":[40,40,40,40,64,64,49,49,49,49,45,45,45,41,41,41,82,74,48,43,43],"gold":280,"neow_bonus":"THREE_RARE_CARDS","is_daily":false,"chose_seed":false,"campfire_upgraded":3,"win_rate":0.0,"timestamp":1614045789,"path_taken":["M","$","?","?","?","R","E","R","T","?","E","?","M","E","R","BOSS","M","M","M"],"items_purchased_type":["Card"],"build_version":"2020-12-22","purchased_purges":0,"victory":false,"max_hp_per_floor":[72,72,72,72,72,72,72,72,72,72,82,82,82,82,82,82,82,82,82,82,82],"card_choices":[{"not_picked":["Wish","Scrawl"],"picked":"Brilliance","floor":0},{"not_picked":["FlyingSleeves","FollowUp"],"picked":"ClearTheMind","floor":1},{"not_picked":["Protect","Halt"],"picked":"Crescendo","floor":4},{"not_picked":["FearNoEvil","BowlingBash"],"picked":"TalkToTheHand","floor":7},{"not_picked":["FlurryOfBlows","Wireheading"],"picked":"Pray+1","floor":11},{"not_picked":["JustLucky","Consecrate"],"picked":"Vault+1","floor":13},{"not_picked":["CutThroughFate","FollowUp"],"picked":"Adaptation","floor":14},{"not_picked":["Judgement+1","MasterReality"],"picked":"Blasphemy+1","floor":16},{"not_picked":["JustLucky","BowlingBash","FlyingSleeves"],"picked":"SKIP","floor":18},{"not_picked":["Evaluate+1","Consecrate"],"picked":"Alpha+1","floor":19}],"player_experience":244312,"relics_obtained":[{"floor":7,"key":"Toxic Egg 2"},{"floor":9,"key":"Potion Belt"},{"floor":11,"key":"Pear"},{"floor":14,"key":"Matryoshka"},{"floor":17,"key":"Pen Nib"},{"floor":17,"key":"Gremlin Horn"},{"floor":17,"key":"Lizard Tail"}],"event_choices":[{"damage_healed":0,"gold_gain":0,"cards_transformed":["Strike_P"],"player_choice":"Transformed","damage_taken":0,"max_hp_gain":0,"max_hp_loss":0,"event_name":"Transmorgrifier","floor":3,"gold_loss":0,"cards_obtained":["LessonLearned"]},{"damage_healed":24,"gold_gain":0,"player_choice":"Banana","damage_taken":0,"max_hp_gain":0,"max_hp_loss":0,"event_name":"Big Fish","floor":5,"gold_loss":0},{"damage_healed":0,"gold_gain":0,"player_choice":"Got Potions","damage_taken":0,"max_hp_gain":0,"max_hp_loss":0,"event_name":"Lab","floor":12,"gold_loss":0}],"is_beta":false,"boss_relics":[{"not_picked":["SacredBark","HolyWater"],"picked":"Calling Bell"}],"items_purged_floors":[],"is_endless":false,"potions_floor_spawned":[4,7,11],"killed_by":"Chosen and Byrds","ascension_level":3}}