{"host":"jngeqill3bw7azzz","time":1614117965,"event":{"mods":["BaseMod","Highlight Path","Minty Spire (QoL Compilation)","Permanent Neow","Relic Stats"],"gold_per_floor":[111,111,131,96,114,114,146,146,199,210,228,262,43,76,76,154,154,174,99,110,122,139,139,170,170,170,200,200,227,227,252,252,327,327,341,120,120,120],"floor_reached":37,"language":"ENG","playtime":1774,"items_purged":["Strike_R","Entrench"],"score":990,"play_id":"8a09cb8f-f176-486d-a472-7d6abfbae1b0","local_time":"20210223170605","is_ascension_mode":true,"campfire_choices":[{"data":"Carnage","floor":6,"key":"SMITH"},{"data":"Shockwave","floor":8,"key":"SMITH"},{"data":"Twin Strike","floor":15,"key":"SMITH"},{"data":"Corruption","floor":23,"key":"SMITH"},{"data":"Sword Boomerang","floor":28,"key":"SMITH"},{"data":"Pommel Strike","floor":30,"key":"SMITH"},{"data":"Bash","floor":32,"key":"SMITH"}],"circlet_count":0,"master_deck":["AscendersBane","Bash+1","Anger+1","Spot Weakness","Carnage+1","Shockwave+1","Twin Strike+1","Shrug It Off+1","Pommel Strike+1","Corruption+1","Shrug It Off","Body Slam+1","Sword Boomerang+1","Battle Trance","Clothesline","Feel No Pain","Brutality","Burning Pact","Seeing Red","Feed","Inflame","Spot Weakness"],"relics":["Burning Blood","Ice Cream","Smiling Mask","Ancient Tea Set","Pantograph","Brimstone","War Paint","Philosopher\u0027s Stone","Mummified Hand","Ornamental Fan","Letter Opener","Oddly Smooth Stone","Whetstone","Pandora\u0027s Box","TheAbacus"],"acts_visited":["Exordium","TheCity","TheBeyond"],"potions_floor_usage":[7,10,21,29],"damage_taken":[{"damage":16,"enemies":"Jaw Worm","floor":1,"turns":5},{"damage":8,"enemies":"2 Louse","floor":3,"turns":3},{"damage":1,"enemies":"Cultist","floor":5,"turns":3},{"damage":3,"enemies":"Gremlin Nob","floor":7,"turns":3},{"damage":0,"enemies":"2 Fungi Beasts","floor":10,"turns":2},{"damage":31,"enemies":"Exordium Wildlife","floor":11,"turns":6},{"damage":16,"enemies":"3 Sentries","floor":12,"turns":4},{"damage":0,"enemies":"Lagavulin","floor":14,"turns":4},{"damage":22,"enemies":"Hexaghost","floor":16,"turns":5},{"damage":0,"enemies":"Spheric Guardian","floor":18,"turns":3},{"damage":7,"enemies":"Shell Parasite","floor":20,"turns":3},{"damage":10,"enemies":"3 Cultists","floor":21,"turns":4},{"damage":16,"enemies":"Snake Plant","floor":22,"turns":3},{"damage":19,"enemies":"Slavers","floor":24,"turns":3},{"damage":0,"enemies":"Gremlin Leader","floor":27,"turns":4},{"damage":12,"enemies":"Slavers","floor":29,"turns":3},{"damage":20,"enemies":"Collector","floor":33,"turns":6},{"damage":26,"enemies":"3 Darklings","floor":35,"turns":3},{"damage":0,"enemies":"3 Shapes","floor":37,"turns":1}],"seed_played":"-1537566069091145149","potions_obtained":[{"floor":1,"key":"Strength Potion"},{"floor":7,"key":"AttackPotion"},{"floor":12,"key":"AttackPotion"},{"floor":14,"key":"Dexterity Potion"},{"floor":16,"key":"Block Potion"},{"floor":21,"key":"LiquidMemories"},{"floor":24,"key":"DuplicationPotion"},{"floor":29,"key":"FairyPotion"}],"is_trial":false,"path_per_floor":["M","?","M","?","M","R","E","R","T","M","M","E","$","E","R","B",null,"M","?","M","M","M","R","E","?","T","E","R","E","R","T","R","B",null,"M","$","M"],"character_chosen":"IRONCLAD","items_purchased":["Brimstone","TheAbacus"],"campfire_rested":0,"item_purchase_floors":[13,36],"current_hp_per_floor":[40,17,15,33,38,38,41,41,41,47,22,12,12,18,18,27,63,69,69,68,64,54,54,41,41,41,47,47,41,41,41,41,52,69,49,49,49,49],"gold":120,"neow_bonus":"ONE_RARE_RELIC","is_daily":false,"chose_seed":false,"campfire_upgraded":7,"win_rate":0.0,"timestamp":1614117965,"path_taken":["M","?","M","?","M","R","E","R","T","M","M","E","$","E","R","BOSS","M","?","M","?","M","R","E","?","T","E","R","E","R","?","R","BOSS","M","$","M"],"items_purchased_type":["Relic","Relic"],"build_version":"2020-12-22","purchased_purges":2,"victory":false,"max_hp_per_floor":[75,75,75,75,75,75,75,75,75,75,75,75,75,75,75,75,75,75,75,75,75,75,75,75,75,75,75,75,75,75,75,75,75,75,75,75,75,75],"relic_stats":{"TheAbacus":[0],"counters":[19,68],"Mummified Hand":[10],"Ornamental Fan":[32],"Pantograph":50,"Pandora\u0027s Box":["Burning Pact","Seeing Red","Feed","Entrench","Inflame","Spot Weakness"],"Letter Opener":[20],"Whetstone":["Body Slam","Anger"],"War Paint":["Defend_R","Shrug It Off"],"Smiling Mask":75,"obtain_stats":[{"Ice Cream":0,"Oddly Smooth Stone":29,"Letter Opener":27,"Whetstone":31,"War Paint":14,"Smiling Mask":7,"Ancient Tea Set":9,"Burning Blood":0,"TheAbacus":36,"Brimstone":13,"Mummified Hand":24,"Ornamental Fan":26,"Pantograph":12,"Philosopher\u0027s Stone":17,"Pandora\u0027s Box":34},{"Ice Cream":0,"Oddly Smooth Stone":16,"Letter Opener":15,"Whetstone":16,"War Paint":8,"Smiling Mask":4,"Ancient Tea Set":4,"Burning Blood":0,"TheAbacus":18,"Brimstone":7,"Mummified Hand":14,"Ornamental Fan":14,"Pantograph":7,"Philosopher\u0027s Stone":9,"Pandora\u0027s Box":17},{"Ice Cream":0,"Oddly Smooth Stone":58,"Letter Opener":55,"Whetstone":58,"War Paint":30,"Smiling Mask":14,"Ancient Tea Set":14,"Burning Blood":0,"TheAbacus":67,"Brimstone":26,"Mummified Hand":51,"Ornamental Fan":51,"Pantograph":26,"Philosopher\u0027s Stone":35,"Pandora\u0027s Box":64}],"Burning Blood":108},"card_choices":[{"not_picked":["Infernal Blade","Body Slam"],"picked":"Anger","floor":1},{"not_picked":["Thunderclap","Sentinel"],"picked":"Spot Weakness","floor":3},{"not_picked":["Rupture","Inflame"],"picked":"Carnage","floor":5},{"not_picked":["Heavy Blade","Dark Embrace"],"picked":"Shockwave","floor":7},{"not_picked":["Rage","Havoc"],"picked":"Twin Strike","floor":10},{"not_picked":["Flex","Perfected Strike"],"picked":"Shrug It Off","floor":11},{"not_picked":["Feel No Pain","Flex","Heavy Blade"],"picked":"SKIP","floor":12},{"not_picked":["Fire Breathing","Shrug It Off"],"picked":"Pommel Strike","floor":14},{"not_picked":["Immolate","Juggernaut"],"picked":"Corruption","floor":16},{"not_picked":["Perfected Strike","Havoc","Armaments"],"picked":"SKIP","floor":18},{"not_picked":["Feel No Pain","Inflame+1"],"picked":"Sword Boomerang","floor":20},{"not_picked":["Clash+1","Carnage"],"picked":"Battle Trance","floor":21},{"not_picked":["Warcry","Ghostly Armor+1"],"picked":"Clothesline","floor":22},{"not_picked":["Warcry+1","Combust","Armaments"],"picked":"SKIP","floor":24},{"not_picked":["Iron Wave","Wild Strike","Berserk"],"picked":"SKIP","floor":27},{"not_picked":["Rupture","True Grit"],"picked":"Feel No Pain","floor":29},{"not_picked":["Impervious","Barricade"],"picked":"Brutality","floor":33},{"not_picked":["Body Slam","Perfected Strike","Ghostly Armor+1"],"picked":"SKIP","floor":35}],"player_experience":2692222,"relics_obtained":[{"floor":7,"key":"Smiling Mask"},{"floor":9,"key":"Ancient Tea Set"},{"floor":12,"key":"Pantograph"},{"floor":14,"key":"War Paint"},{"floor":24,"key":"Mummified Hand"},{"floor":26,"key":"Ornamental Fan"},{"floor":27,"key":"Letter Opener"},{"floor":29,"key":"Oddly Smooth Stone"},{"floor":31,"key":"Whetstone"}],"event_choices":[{"damage_healed":0,"gold_gain":0,"player_choice":"Entered Light","damage_taken":23,"max_hp_gain":0,"max_hp_loss":0,"event_name":"Shining Light","floor":2,"gold_loss":0,"cards_upgraded":["Defend_R","Strike_R"]},{"damage_healed":18,"gold_gain":0,"player_choice":"Healed","damage_taken":0,"max_hp_gain":0,"max_hp_loss":0,"event_name":"The Cleric","floor":4,"gold_loss":35},{"damage_healed":0,"gold_gain":0,"cards_transformed":["Strike_R","Strike_R"],"player_choice":"Transformed Cards","damage_taken":0,"max_hp_gain":0,"max_hp_loss":0,"event_name":"Designer","floor":19,"gold_loss":75,"cards_obtained":["Shrug It Off","Body Slam"]},{"damage_healed":0,"gold_gain":0,"player_choice":"Ignored","damage_taken":0,"max_hp_gain":0,"max_hp_loss":0,"event_name":"Vampires","floor":25,"gold_loss":0}],"is_beta":false,"boss_relics":[{"not_picked":["Mark of Pain","Black Star"],"picked":"Philosopher\u0027s Stone"},{"not_picked":["SlaversCollar","Busted Crown"],"picked":"Pandora\u0027s Box"}],"items_purged_floors":[13,36],"is_endless":false,"potions_floor_spawned":[1,7,12,14,16,21,24,27,29,35],"killed_by":"3 Shapes","ascension_level":20}}