{"host":"3twtdwjpiqhvvn5s","time":1614113181,"event":{"mods":["AchievementEnabler","Act Like it!","Aspiration","BaseMod","BetterRewards","Colored Map","Colored Powertips","Downfall","Duelist Mod","Friendly Minions","GifTheSpireLib","Hermit","Hubris","Infinite Spire","Jorbs\u0027s Wanderer Trilogy","Koishi","KomeijiMod","Marisa????????","Minty Spire (QoL Compilation)","Quick Restart","Rare Cards Sparkle","Replay The Spire","Shop Mod","StSLib","Td1madao Mod","The Administrix","The Animator","The Bug Knight","The Caster","The Cursed","The Disciple","The Hierophant","The Necromancer","The Poker Player","The Runesmith","The Servant 0.9.4"],"gold_per_floor":[129,165,198,231,264,363,363,363,363,411,411,411,411,444,444,741,741,724,766,799,859,907,953,1007,1007,1007,1091,1139,1193,1250,1310,1310,1598,1598,1658,1691,1289,1328,610,702,702,746,773,773,820,885,926,135,135,135],"floor_reached":51,"language":"ENG","playtime":68896,"items_purged":["hermit:NoHoldsBarred"],"score":1008,"play_id":"ef6da002-8548-4983-9756-4cd3ef0a0186","local_time":"20210223144620","daily_mods":["Cursed Run","Vintage","Midas"],"is_ascension_mode":false,"campfire_choices":[{"floor":8,"key":"REST"},{"floor":11,"key":"REST"},{"floor":13,"key":"REST"},{"floor":25,"key":"REST"},{"floor":32,"key":"REST"},{"floor":41,"key":"REST"},{"floor":49,"key":"REST"}],"circlet_count":0,"master_deck":["bronze:Strike","bronze:Strike","bronze:Strike","bronze:Strike","hermit:Snapshot","hermit:Covet","Decay","Sickly","Overencumbered","hubris:Despair","MasterSpark","Purity","infinitespire:Gouge","hermit:Grudge","hubris:NaturalOne","Pain","hermit:PistolWhip","hermit:Ricochet+1","animator:Curse_Greed","hermit:HighNoon","Clumsy","SwitchThreat","hermit:Ricochet","hermit:EyeOfTheStorm+1","hierophant:Zeal","hierophant:Doubloon","hierophant:ConvertCurrency+1","hermit:Ricochet+1","hermit:OverwhelmingPower+1","hermit:Grudge+1","hermit:Deadeye+1","hermit:Combo+1","hermit:Misfire+1","hermit:EyeOfTheStorm","Parasite","theDuelist:CurseArmaments","Koishi:SubterraneanRose","hermit:TakeAim+1","hermit:TakeAim+1","hermit:WideOpen","Replay:BasicMightCard+1","hermit:Misfire","Parasite"],"relics":["Cursed Key","Darkstone Periapt","Du-Vu Doll","bronze:AnalyticalCore","MealTicket","Strawberry","Quantum Egg","aspiration:ChemicalBlood","infinitespire:Beetle Shell","Torii","ThirstyCross","Runesmith:Locket","Shuriken","hubris:Icosahedron","Potion Belt","hubris:DisguiseKit","ReplayTheSpireMod:SealedPack","Replay:PocketPolymizer","HollowMod:PaleOreRelic","Vajra","Nunchaku","hubris:GlazedTorus","HollowMod:LifeEnderRelic","Replay:Accelerometer","Incense Burner","Dream Catcher","infinitespire:Bottled Soul","Replay:Arrowhead","Simple Rune","Letter Opener","Kintsugi","Frozen Egg 2","hexamod:BolsterEngine","Replay:Mystery Machine","Orrery","hermit:RyeStalk","Gremlin Food","ReplayTheSpireMod:TigerMarble","hubris:EmptyBottle","ReplayTheSpireMod:Lightbulb","hermit:Spyglass","hubris:SlimyHat","infinitespire:BottledMercury","Akabeko","Mango","War Paint","Pocketwatch","OrangePellets"],"acts_visited":["Exordium","TheCity","TheBeyond"],"potions_floor_usage":[5,16,21,21,21,21,21,27,27,27,28,29,29,31,31,38,38,38,47,50,50,50,50],"damage_taken":[{"damage":0,"enemies":"Small Slimes","floor":1,"turns":2},{"damage":0,"enemies":"Jaw Worm","floor":2,"turns":1},{"damage":0,"enemies":"2 Louse","floor":3,"turns":2},{"damage":0,"enemies":"Red Slaver","floor":4,"turns":1},{"damage":18,"enemies":"Exordium Thugs","floor":5,"turns":2},{"damage":0,"enemies":"HollowMod:MossKnight","floor":6,"turns":3},{"damage":0,"enemies":"Blue Slaver","floor":10,"turns":1},{"damage":10,"enemies":"Looter","floor":14,"turns":2},{"damage":41,"enemies":"Hexaghost","floor":16,"turns":5},{"damage":0,"enemies":"3 Byrds","floor":18,"turns":4},{"damage":0,"enemies":"Spheric Guardian","floor":19,"turns":2},{"damage":0,"enemies":"3 Cultists","floor":20,"turns":4},{"damage":3,"enemies":"Centurion and Healer","floor":21,"turns":3},{"damage":2,"enemies":"Chosen and Byrds","floor":22,"turns":3},{"damage":0,"enemies":"theDuelist:KaibaA2","floor":23,"turns":3},{"damage":0,"enemies":"Cultist and Chosen","floor":24,"turns":3},{"damage":8,"enemies":"HollowMod:Nosk","floor":27,"turns":3},{"damage":20,"enemies":"Shelled Parasite and Fungi","floor":28,"turns":2},{"damage":1,"enemies":"Centurion and Healer","floor":29,"turns":2},{"damage":21,"enemies":"Snake Plant","floor":30,"turns":2},{"damage":21,"enemies":"Shelled Parasite and Fungi","floor":31,"turns":2},{"damage":2,"enemies":"Collector","floor":33,"turns":3},{"damage":10,"enemies":"Orb Walker","floor":35,"turns":2},{"damage":0,"enemies":"3 Shapes","floor":36,"turns":1},{"damage":7,"enemies":"Maw","floor":38,"turns":4},{"damage":3,"enemies":"HollowMod:StalkingDevout","floor":40,"turns":4},{"damage":0,"enemies":"Writhing Mass","floor":42,"turns":2},{"damage":37,"enemies":"4 Shapes","floor":45,"turns":2},{"damage":17,"enemies":"Sphere and 2 Shapes","floor":46,"turns":3},{"damage":22,"enemies":"Writhing Mass","floor":47,"turns":3},{"damage":13,"enemies":"hubris:GrandSnecko","floor":50,"turns":3}],"seed_played":"-1458373946466987276","potions_obtained":[{"floor":3,"key":"AttackPotion"},{"floor":6,"key":"CalmPotion"},{"floor":10,"key":"EssenceOfSteel"},{"floor":14,"key":"Toxic Potion"},{"floor":16,"key":"Elixir"},{"floor":16,"key":"EssenceOfSteel"},{"floor":21,"key":"sneckomod:MuddlingPotion"},{"floor":23,"key":"SkillPotion"},{"floor":24,"key":"EssenceOfSteel"},{"floor":27,"key":"hexamod:SoulburnPotion"},{"floor":28,"key":"DistilledChaos"},{"floor":30,"key":"Strength Potion"},{"floor":33,"key":"SpeedPotion"},{"floor":36,"key":"hermit:Tonic"},{"floor":46,"key":"Block Potion"},{"floor":47,"key":"Adrenaline Potion"}],"is_trial":true,"path_per_floor":["M","M","M","M","M","E","?","R","T","M","R","?","R","M","R_BF","B",null,"M","M","M","M","M","E","M","R","T","E","M","M","M","M","R","B",null,"M","M","$","M","$","E","R","M","T","?","M","M","M","$","R_BF","B",null],"character_chosen":"HERMIT","items_purchased":["hermit:Ricochet","hermit:Determination+1","Replay:Mystery Machine","Orrery","hermit:Grudge","hermit:Deadeye+1","hermit:Combo+1","Gremlin Food","ReplayTheSpireMod:TigerMarble","hubris:EmptyBottle","hermit:TakeAim+1","War Paint","Pocketwatch","OrangePellets","hermit:WideOpen","Replay:BasicMightCard+1"],"campfire_rested":7,"item_purchase_floors":[37,37,37,37,39,39,39,39,39,39,48,48,48,48,48,48],"current_hp_per_floor":[75,82,82,82,64,64,64,82,88,88,88,88,88,78,84,49,106,106,106,106,103,101,101,107,112,118,110,90,89,68,47,82,86,136,126,126,136,129,136,133,136,142,148,148,111,94,86,101,149,142],"gold":135,"neow_bonus":"","is_daily":false,"chose_seed":false,"campfire_upgraded":0,"win_rate":0.0,"timestamp":1614113180,"path_taken":["M","M","M","M","M","E","?","R","T","M","R","?","R","M","R_BF","BOSS","M","M","M","M","M","E","M","R","T","E","M","M","M","M","R","BOSS","M","M","$","M","$","E","R","M","T","?","M","M","M","?","R_BF","BOSS"],"items_purchased_type":["Card","Card","Relic","Relic","Card","Card","Card","Relic","Relic","Relic","Card","Relic","Relic","Relic","Card","Card"],"build_version":"2020-12-22","purchased_purges":1,"victory":true,"max_hp_per_floor":[75,82,82,82,82,82,82,82,88,88,88,88,88,88,94,100,106,106,106,106,106,106,106,112,112,118,118,118,118,118,118,118,124,136,136,136,136,136,136,136,136,142,148,148,148,148,162,162,162,168],"card_choices":[{"not_picked":["hermit:Dive","hermit:Gestalt","hermit:HoleUp"],"picked":"SKIP","floor":6},{"not_picked":["hermit:Gambit","hermit:RoundhouseKick","hierophant:LocustPlague"],"picked":"hermit:HeroicBravado","floor":16},{"not_picked":["Defend_C","theDuelist:NaturiaBeast","stsjorbsmod:Paralysis"],"picked":"MasterSpark","floor":17},{"not_picked":["hermit:Magnum","hermit:Roughhouse","hermit:Purgatory"],"picked":"hermit:HeroicBravado","floor":17},{"not_picked":["Survey Options","Forethought","ReplayTheSpireMod:Private Reserves"],"picked":"Purity","floor":17},{"not_picked":["infinitespire:UltimateForm","infinitespire:FutureSight","ReplayTheSpireMod:Haul"],"picked":"infinitespire:Gouge","floor":17},{"not_picked":["hermit:CalledShot","hermit:Roulette+1","hierophant:BulkyChest"],"picked":"hermit:Grudge","floor":23},{"not_picked":["hermit:RoundhouseKick","hermit:NoHoldsBarred+1","hierophant:HammerAndAnvil"],"picked":"hermit:PistolWhip","floor":27},{"not_picked":["hermit:HighCaliber","hermit:Scavenge","hierophant:Shelter"],"picked":"hermit:Ricochet+1","floor":32},{"not_picked":["hermit:Magnum","hermit:HeroicBravado","hierophant:Generosity"],"picked":"hermit:HighNoon","floor":33},{"not_picked":["hermit:HoleUp+1","hermit:NoHoldsBarred","hierophant:Purify"],"picked":"hermit:EyeOfTheStorm","floor":37},{"not_picked":["hermit:LoneWolf+1","hermit:Shortfuse","hermit:Manifest"],"picked":"hierophant:Zeal","floor":37},{"not_picked":["hermit:HoleUp","hermit:Shortfuse","hermit:Roulette"],"picked":"hierophant:ConvertCurrency","floor":37},{"not_picked":["hermit:BodyArmor+1","hermit:WideOpen+1","hierophant:OrnateBuckler"],"picked":"hermit:Ricochet+1","floor":37},{"not_picked":["hermit:Desperado","hermit:LuckOfTheDraw","hierophant:Prophecy"],"picked":"hermit:OverwhelmingPower+1","floor":37},{"not_picked":["hermit:Glare","hermit:Combo+1","hierophant:Patience"],"picked":"hermit:Misfire+1","floor":40},{"not_picked":["hermit:Midnight+1","hermit:ItchyTrigger","hierophant:Exaltation"],"picked":"hermit:EyeOfTheStorm","floor":41},{"not_picked":["hermit:GhostlyPresence+1","hermit:Vantage","hierophant:Charity"],"picked":"hermit:Misfire","floor":49}],"player_experience":3351505,"relics_obtained":[{"floor":1,"key":"MealTicket"},{"floor":2,"key":"Strawberry"},{"floor":3,"key":"Quantum Egg"},{"floor":4,"key":"aspiration:ChemicalBlood"},{"floor":5,"key":"infinitespire:Beetle Shell"},{"floor":6,"key":"Torii"},{"floor":9,"key":"Runesmith:Locket"},{"floor":10,"key":"Shuriken"},{"floor":14,"key":"Potion Belt"},{"floor":18,"key":"Replay:PocketPolymizer"},{"floor":19,"key":"HollowMod:PaleOreRelic"},{"floor":20,"key":"Vajra"},{"floor":21,"key":"Nunchaku"},{"floor":22,"key":"hubris:GlazedTorus"},{"floor":23,"key":"HollowMod:LifeEnderRelic"},{"floor":24,"key":"Replay:Accelerometer"},{"floor":26,"key":"Incense Burner"},{"floor":27,"key":"Dream Catcher"},{"floor":28,"key":"infinitespire:Bottled Soul"},{"floor":29,"key":"Replay:Arrowhead"},{"floor":30,"key":"Simple Rune"},{"floor":31,"key":"Letter Opener"},{"floor":35,"key":"Frozen Egg 2"},{"floor":36,"key":"hexamod:BolsterEngine"},{"floor":38,"key":"hermit:RyeStalk"},{"floor":40,"key":"ReplayTheSpireMod:Lightbulb"},{"floor":42,"key":"hermit:Spyglass"},{"floor":43,"key":"hubris:SlimyHat"},{"floor":45,"key":"infinitespire:BottledMercury"},{"floor":46,"key":"Akabeko"},{"floor":47,"key":"Mango"}],"event_choices":[{"cards_removed":["hermit:Determination"],"damage_healed":0,"gold_gain":0,"player_choice":"Took Card","damage_taken":0,"max_hp_gain":0,"max_hp_loss":0,"event_name":"NoteForYourself","floor":44,"gold_loss":0,"cards_obtained":["Koishi:SubterraneanRose"]}],"is_beta":false,"boss_relics":[{"not_picked":["hubris:Backtick","Snecko Heart"],"picked":"ReplayTheSpireMod:SealedPack"},{"not_picked":["Coffee Dripper","Empty Cage"],"picked":"Kintsugi"}],"items_purged_floors":[39],"is_endless":false,"potions_floor_spawned":[3,6,10,14,16,21,23,24,27,28,30,33,36,46,47],"ascension_level":0}}