{"host":"nptej036rrbiurf5","time":1614063017,"event":{"mods":["BaseMod","Colored Map","Colored Powertips","DeckTracker","Minty Spire (QoL Compilation)","StSLib","SuperFastMode"],"gold_per_floor":[117,133,113,123,48,48,48,67,91,91,106,106,116,16,16,93,93,106,126,51,51,51,51,77,87,137,137,172,182,197,197,197],"floor_reached":31,"language":"KOR","playtime":780,"items_purged":["Strike_G","Defend_G"],"score":534,"play_id":"7663dedd-88a2-4c93-a014-a9e85a9702b6","local_time":"20210223155017","is_ascension_mode":true,"campfire_choices":[{"data":"Deadly Poison","floor":6.0,"key":"SMITH"},{"data":"Dash","floor":12.0,"key":"SMITH"},{"data":"Backflip","floor":15.0,"key":"SMITH"},{"data":"A Thousand Cuts","floor":23.0,"key":"SMITH"},{"floor":27,"key":"REST"}],"circlet_count":0,"master_deck":["AscendersBane","Survivor","Neutralize","Deadly Poison+1","Dash+1","Backflip+1","PiercingWail","A Thousand Cuts+1","Malaise","Glass Knife","Glass Knife","Backstab","Crippling Poison","Calculated Gamble","Footwork","Masterful Stab","Blade Dance","Wraith Form v2","Blade Dance","Accuracy"],"relics":["Ring of the Snake","Ancient Tea Set","Pandora\u0027s Box","Regal Pillow","Centennial Puzzle","Boot"],"acts_visited":["Exordium","TheCity"],"potions_floor_usage":[24],"damage_taken":[{"damage":4.0,"enemies":"2 Louse","floor":1.0,"turns":4.0},{"damage":0.0,"enemies":"Cultist","floor":2.0,"turns":4.0},{"damage":2.0,"enemies":"Small Slimes","floor":4.0,"turns":3.0},{"damage":3.0,"enemies":"2 Fungi Beasts","floor":8.0,"turns":4.0},{"damage":0.0,"enemies":"Red Slaver","floor":11.0,"turns":4.0},{"damage":0.0,"enemies":"Exordium Wildlife","floor":13.0,"turns":4.0},{"damage":26.0,"enemies":"Hexaghost","floor":16.0,"turns":14.0},{"damage":13.0,"enemies":"Chosen","floor":18.0,"turns":6.0},{"damage":6.0,"enemies":"3 Byrds","floor":19.0,"turns":4.0},{"damage":14,"enemies":"Gremlin Leader","floor":24,"turns":4},{"damage":11,"enemies":"Snake Plant","floor":25,"turns":5},{"damage":27,"enemies":"Slavers","floor":28,"turns":5},{"damage":11,"enemies":"Shelled Parasite and Fungi","floor":29,"turns":6},{"damage":9,"enemies":"Sentry and Sphere","floor":30,"turns":5},{"damage":7,"enemies":"Centurion and Healer","floor":31,"turns":2}],"seed_played":"-1614966218795789757","potions_obtained":[{"floor":2.0,"key":"LiquidBronze"},{"floor":3.0,"key":"Energy Potion"},{"floor":8.0,"key":"PowerPotion"},{"floor":10.0,"key":"GhostInAJar"},{"floor":19.0,"key":"DistilledChaos"},{"floor":28,"key":"ColorlessPotion"},{"floor":29,"key":"Swift Potion"}],"is_trial":false,"path_per_floor":["M","M","?","M","$","R","?","M","T","?","M","R","M","$","R","B",null,"M","M","?","?","?","R","E","M","T","R","E","M","M","M"],"character_chosen":"THE_SILENT","items_purchased":[],"campfire_rested":1,"item_purchase_floors":[],"current_hp_per_floor":[61,61,61,59,59,59,59,56,56,56,56,56,56,56,56,30,62,49,43,43,43,43,43,29,18,18,54,27,16,7,0,0],"gold":197,"neow_bonus":"TEN_PERCENT_HP_BONUS","is_daily":false,"chose_seed":false,"campfire_upgraded":4,"win_rate":0.0,"timestamp":1614063017,"path_taken":["M","M","?","?","$","R","?","M","T","?","M","R","?","?","R","BOSS","M","M","?","?","?","R","E","M","T","R","E","M","M","M"],"items_purchased_type":[],"build_version":"2020-12-22","purchased_purges":2,"victory":false,"max_hp_per_floor":[72,72,72,72,72,72,72,72,72,72,72,72,72,72,72,72,72,72,72,72,72,72,72,72,72,72,72,72,72,72,72,72],"card_choices":[{"not_picked":["Quick Slash","All Out Attack"],"picked":"Deadly Poison","floor":1.0},{"not_picked":["Dodge and Roll","Prepared"],"picked":"Dash","floor":2.0},{"not_picked":["Deadly Poison","Doppelganger"],"picked":"Backflip","floor":4.0},{"not_picked":["Terror","Flying Knee","Blade Dance"],"picked":"SKIP","floor":8.0},{"not_picked":["Deflect","Backflip","Flechettes"],"picked":"SKIP","floor":11.0},{"not_picked":["Concentrate","Underhanded Strike"],"picked":"PiercingWail","floor":13.0},{"not_picked":["Bullet Time","Doppelganger"],"picked":"A Thousand Cuts","floor":16.0},{"not_picked":["Expertise","Acrobatics"],"picked":"Crippling Poison","floor":18.0},{"not_picked":["PiercingWail","Dagger Throw"],"picked":"Calculated Gamble","floor":19.0},{"not_picked":["Night Terror","Slice","Infinite Blades"],"picked":"SKIP","floor":24},{"not_picked":["Setup","Concentrate"],"picked":"Blade Dance","floor":25},{"not_picked":["Terror","Flying Knee"],"picked":"Wraith Form v2","floor":28},{"not_picked":["Caltrops","Slice"],"picked":"Blade Dance","floor":29},{"not_picked":["Cloak And Dagger","Blade Dance"],"picked":"Accuracy","floor":30}],"player_experience":1015002,"relics_obtained":[{"floor":9.0,"key":"Ancient Tea Set"},{"floor":24,"key":"Regal Pillow"},{"floor":26,"key":"Centennial Puzzle"},{"floor":28,"key":"Boot"}],"event_choices":[{"damage_healed":0.0,"max_hp_gain":0.0,"max_hp_loss":0.0,"gold_gain":0.0,"event_name":"The Woman in Blue","player_choice":"Bought 1 Potion","floor":3.0,"gold_loss":0.0,"damage_taken":0.0},{"cards_removed":["Strike_G"],"damage_healed":0.0,"max_hp_gain":0.0,"max_hp_loss":0.0,"gold_gain":0.0,"event_name":"Living Wall","player_choice":"Forget","floor":7.0,"gold_loss":0.0,"damage_taken":0.0},{"damage_healed":0.0,"max_hp_gain":0.0,"max_hp_loss":0.0,"gold_gain":0.0,"event_name":"Lab","player_choice":"Got Potions","floor":10.0,"gold_loss":0.0,"damage_taken":0.0},{"cards_removed":["Skewer"],"damage_healed":0.0,"max_hp_gain":0.0,"max_hp_loss":0.0,"gold_gain":0.0,"event_name":"Beggar","player_choice":"Gave Gold","floor":20.0,"gold_loss":75.0,"damage_taken":0.0},{"damage_healed":0.0,"max_hp_gain":0.0,"max_hp_loss":0.0,"gold_gain":0.0,"cards_transformed":["Flechettes","Dagger Spray"],"event_name":"Drug Dealer","player_choice":"Became Test Subject","floor":21.0,"gold_loss":0.0,"damage_taken":0.0,"cards_obtained":["Footwork","Masterful Stab"]},{"damage_healed":0.0,"max_hp_gain":0.0,"max_hp_loss":0.0,"gold_gain":0.0,"event_name":"Cursed Tome","player_choice":"Ignored","floor":22.0,"gold_loss":0.0,"damage_taken":0.0}],"is_beta":false,"boss_relics":[{"not_picked":["SacredBark","WristBlade"],"picked":"Pandora\u0027s Box"}],"items_purged_floors":[5,14],"is_endless":false,"potions_floor_spawned":[2,4,8,19,28,29],"killed_by":"Centurion and Healer","ascension_level":20}}