{"host":"g2yp6paluzgljz05","time":1614074245,"event":{"mods":["BaseMod","Bestiary","Colored Powertips","DeckTracker","Highlight Path","Minty Spire (QoL Compilation)","Quick Restart"],"gold_per_floor":[116,41,61,61,79,79,96,109,162,180,180,180,193,221,221,221,221],"floor_reached":16,"language":"ENG","playtime":689,"items_purged":["Strike_B"],"score":135,"play_id":"a172592a-cc74-47d1-9691-9702c659454e","local_time":"20210223205725","is_ascension_mode":true,"campfire_choices":[{"data":"Dualcast","floor":6,"key":"SMITH"},{"floor":12,"key":"REST"},{"floor":15,"key":"REST"}],"circlet_count":0,"master_deck":["Strike_B","Strike_B","Defend_B","Defend_B","Defend_B","Defend_B","Zap","Dualcast+1","Seek","Doom and Gloom","FTL","Biased Cognition","Loop","Darkness","Capacitor","Conserve Battery","Redo+1"],"relics":["Cracked Core","MealTicket","Toxic Egg 2"],"acts_visited":["Exordium"],"potions_floor_usage":[16],"damage_taken":[{"damage":12,"enemies":"Jaw Worm","floor":1,"turns":2},{"damage":3,"enemies":"Cultist","floor":3,"turns":3},{"damage":2,"enemies":"2 Louse","floor":5,"turns":2},{"damage":18,"enemies":"Looter","floor":7,"turns":3},{"damage":16,"enemies":"Blue Slaver","floor":8,"turns":3},{"damage":4,"enemies":"3 Louse","floor":10,"turns":3},{"damage":0,"enemies":"2 Fungi Beasts","floor":13,"turns":2},{"damage":23,"enemies":"Lagavulin","floor":14,"turns":5},{"damage":27,"enemies":"Hexaghost","floor":16,"turns":5}],"seed_played":"5631415180330428802","potions_obtained":[{"floor":5,"key":"ColorlessPotion"},{"floor":13,"key":"SmokeBomb"}],"is_trial":false,"path_per_floor":["M","$","M","?","M","R","M","M","T","M","?","R","M","E","R","B"],"character_chosen":"DEFECT","items_purchased":[],"campfire_rested":2,"item_purchase_floors":[],"current_hp_per_floor":[56,56,53,53,51,51,33,17,17,13,6,28,28,5,27,0,0],"gold":221,"neow_bonus":"THREE_RARE_CARDS","is_daily":false,"chose_seed":false,"campfire_upgraded":1,"win_rate":0.0,"timestamp":1614074245,"path_taken":["M","$","M","?","M","R","M","M","T","M","?","R","M","E","R","BOSS"],"items_purchased_type":[],"build_version":"2020-12-22","purchased_purges":1,"victory":false,"max_hp_per_floor":[75,75,75,75,75,75,75,75,75,75,75,75,75,75,75,75,75],"card_choices":[{"not_picked":["Meteor Strike","Fission"],"picked":"Seek","floor":0},{"not_picked":["Stack","Redo"],"picked":"Doom and Gloom","floor":1},{"not_picked":["Streamline","Turbo"],"picked":"FTL","floor":3},{"not_picked":["Gash","Leap"],"picked":"Loop","floor":5},{"not_picked":["Barrage","Turbo","Auto Shields"],"picked":"SKIP","floor":7},{"not_picked":["Double Energy","Beam Cell"],"picked":"Darkness","floor":8},{"not_picked":["Barrage","Stack"],"picked":"Capacitor","floor":10},{"not_picked":["Ball Lightning","Double Energy"],"picked":"Conserve Battery","floor":13},{"not_picked":["Biased Cognition","Go for the Eyes"],"picked":"Redo+1","floor":14}],"player_experience":407594,"relics_obtained":[{"floor":9,"key":"MealTicket"},{"floor":14,"key":"Toxic Egg 2"}],"event_choices":[{"damage_healed":0,"gold_gain":0,"cards_transformed":["Strike_B"],"player_choice":"Change","damage_taken":0,"max_hp_gain":0,"max_hp_loss":0,"event_name":"Living Wall","floor":4,"gold_loss":0,"cards_obtained":["Biased Cognition"]},{"cards_removed":["Regret"],"damage_healed":0,"gold_gain":0,"player_choice":"Card Removal","damage_taken":7,"max_hp_gain":0,"max_hp_loss":0,"event_name":"Golden Wing","floor":11,"gold_loss":0}],"is_beta":false,"boss_relics":[],"items_purged_floors":[2],"is_endless":false,"potions_floor_spawned":[5,13],"killed_by":"Hexaghost","ascension_level":6}}