{"host":"f9ntswufr8mq3t4y","time":1614092463,"event":{"mods":["AchievementEnabler","BaseMod","Best Route Mod","Block Reminder","Colored Map","Colored Powertips","Curses Come First","DeckTracker","Displayed Cursed Tome","Highlight Path","Minty Spire (QoL Compilation)","Permanent Neow","Quick Restart","Slay-I","StSLib"],"gold_per_floor":[116,116,128,146,159,186,186,186,186,186,197,226,226,226,226,335,335,346,231,257,2,2,2,102,146,146,177,177,191,215,238,238,238,238],"floor_reached":33,"language":"ENG","playtime":1588,"items_purged":["Writhe"],"score":373,"play_id":"e8fa0db1-d107-4d4f-8b5a-f2c876081a3e","local_time":"20210223180103","is_ascension_mode":true,"campfire_choices":[{"data":"Apotheosis","floor":8.0,"key":"SMITH"},{"data":"Go for the Eyes","floor":10.0,"key":"SMITH"},{"floor":13.0,"key":"REST"},{"data":"Beam Cell","floor":15.0,"key":"SMITH"},{"floor":23.0,"key":"REST"},{"floor":28,"key":"REST"},{"floor":32,"key":"REST"}],"circlet_count":0,"master_deck":["Strike_B","Strike_B","Strike_B","Strike_B","Defend_B","Defend_B","Defend_B","Zap","Dualcast","Apotheosis+1","Go for the Eyes+1","Genetic Algorithm","Ball Lightning","FTL","Beam Cell+1","Hyperbeam","Conserve Battery","Rebound+1","Melter","Reprogram+1","White Noise+1"],"relics":["Cracked Core","Shuriken","CeramicFish","Kunai","Letter Opener","Black Star","Gremlin Horn","Turnip","Pear","HornCleat","Ancient Tea Set","Bag of Preparation"],"acts_visited":["Exordium","TheCity"],"potions_floor_usage":[25,25,27,33],"damage_taken":[{"damage":8.0,"enemies":"Small Slimes","floor":1.0,"turns":3.0},{"damage":0.0,"enemies":"Cultist","floor":3.0,"turns":3.0},{"damage":1.0,"enemies":"2 Louse","floor":4.0,"turns":3.0},{"damage":6.0,"enemies":"Blue Slaver","floor":5.0,"turns":2.0},{"damage":7.0,"enemies":"Lagavulin","floor":6.0,"turns":6.0},{"damage":17.0,"enemies":"Lots of Slimes","floor":11.0,"turns":3.0},{"damage":4.0,"enemies":"2 Fungi Beasts","floor":12.0,"turns":3.0},{"damage":22.0,"enemies":"Slime Boss","floor":16.0,"turns":9.0},{"damage":17.0,"enemies":"2 Thieves","floor":18.0,"turns":4.0},{"damage":10.0,"enemies":"3 Byrds","floor":20.0,"turns":3.0},{"damage":10,"enemies":"Slavers","floor":25,"turns":3},{"damage":30,"enemies":"Book of Stabbing","floor":27,"turns":5},{"damage":6,"enemies":"Shelled Parasite and Fungi","floor":29,"turns":3},{"damage":14,"enemies":"Snake Plant","floor":30,"turns":4},{"damage":19,"enemies":"Centurion and Healer","floor":31,"turns":5},{"damage":40,"enemies":"Automaton","floor":33,"turns":6}],"seed_played":"8726949206082042526","potions_obtained":[{"floor":2.0,"key":"DuplicationPotion"},{"floor":2.0,"key":"Strength Potion"},{"floor":2.0,"key":"Block Potion"},{"floor":3.0,"key":"EssenceOfSteel"},{"floor":16.0,"key":"Weak Potion"},{"floor":29,"key":"LiquidMemories"},{"floor":30,"key":"FocusPotion"},{"floor":31,"key":"DistilledChaos"}],"is_trial":false,"path_per_floor":["M","?","M","M","M","E","?","R","T","R","M","M","R","?","R","B",null,"M","$","M","$","?","R","?","E","T","E","R","M","M","M","R","B"],"character_chosen":"DEFECT","items_purchased":["Conserve Battery","Gremlin Horn"],"campfire_rested":4,"item_purchase_floors":[19,21],"current_hp_per_floor":[60,60,60,59,53,46,46,46,46,46,29,25,47,47,47,25,63,46,46,36,36,36,58,58,58,58,28,53,47,33,14,39,0,0],"gold":238,"neow_bonus":"RANDOM_COLORLESS_2","is_daily":false,"chose_seed":false,"campfire_upgraded":3,"win_rate":0.0,"timestamp":1614092463,"path_taken":["M","?","M","M","?","E","?","R","T","R","M","M","R","?","R","BOSS","M","?","M","$","?","R","?","E","T","E","R","M","M","M","R","BOSS"],"items_purchased_type":["Card","Relic"],"build_version":"2020-12-22","purchased_purges":1,"victory":false,"max_hp_per_floor":[75,75,75,75,75,75,75,75,75,75,75,75,75,75,75,75,75,75,75,75,75,75,75,75,85,85,85,85,85,85,85,85,85,85],"card_choices":[{"not_picked":["Magnetism","HandOfGreed"],"picked":"Apotheosis","floor":0.0},{"not_picked":["Barrage","Gash"],"picked":"Go for the Eyes","floor":1.0},{"not_picked":["Conserve Battery","Go for the Eyes"],"picked":"Genetic Algorithm","floor":3.0},{"not_picked":["Leap","Coolheaded"],"picked":"Ball Lightning","floor":4.0},{"not_picked":["Streamline","Coolheaded"],"picked":"FTL","floor":5.0},{"not_picked":["Defragment","Stack","Redo"],"picked":"SKIP","floor":6.0},{"not_picked":["Storm","Blizzard","Chill"],"picked":"SKIP","floor":11.0},{"not_picked":["Ball Lightning","Fission"],"picked":"Beam Cell","floor":12.0},{"not_picked":["Creative AI","Reboot"],"picked":"Hyperbeam","floor":16.0},{"not_picked":["Double Energy","Darkness","Coolheaded"],"picked":"SKIP","floor":18.0},{"not_picked":["Beam Cell","Conserve Battery"],"picked":"Rebound+1","floor":20.0},{"not_picked":["Redo","Blizzard"],"picked":"Melter","floor":25},{"not_picked":["Barrage","Sweeping Beam","Cold Snap"],"picked":"SKIP","floor":27},{"not_picked":["Sunder","Double Energy","Barrage"],"picked":"SKIP","floor":29},{"not_picked":["Blizzard","Cold Snap+1"],"picked":"Reprogram+1","floor":30},{"not_picked":["Leap+1","Tempest"],"picked":"White Noise+1","floor":31}],"player_experience":464191,"relics_obtained":[{"floor":6.0,"key":"Shuriken"},{"floor":9.0,"key":"Kunai"},{"floor":25,"key":"Turnip"},{"floor":25,"key":"Pear"},{"floor":26,"key":"HornCleat"},{"floor":27,"key":"Ancient Tea Set"},{"floor":27,"key":"Bag of Preparation"}],"event_choices":[{"damage_healed":0.0,"max_hp_gain":0.0,"max_hp_loss":0.0,"gold_gain":0.0,"event_name":"Lab","player_choice":"Got Potions","floor":2.0,"gold_loss":0.0,"damage_taken":0.0},{"damage_healed":0.0,"max_hp_gain":0.0,"max_hp_loss":0.0,"gold_gain":0.0,"event_name":"Dead Adventurer","player_choice":"Searched \u00271\u0027 times","floor":7.0,"gold_loss":0.0,"damage_taken":0.0,"relics_obtained":["CeramicFish"]},{"damage_healed":0.0,"max_hp_gain":0.0,"max_hp_loss":0.0,"gold_gain":0.0,"event_name":"WeMeetAgain","player_choice":"Gave Potion","floor":14.0,"gold_loss":0.0,"damage_taken":0.0,"relics_obtained":["Letter Opener"]},{"cards_removed":["Defend_B"],"damage_healed":0.0,"max_hp_gain":0.0,"max_hp_loss":0.0,"gold_gain":0.0,"event_name":"Back to Basics","player_choice":"Elegance","floor":22.0,"gold_loss":0.0,"damage_taken":0.0},{"damage_healed":0.0,"max_hp_gain":0.0,"max_hp_loss":0.0,"gold_gain":100.0,"event_name":"Golden Shrine","player_choice":"Pray","floor":24.0,"gold_loss":0.0,"damage_taken":0.0}],"is_beta":false,"boss_relics":[{"not_picked":["SacredBark","Inserter"],"picked":"Black Star"}],"items_purged_floors":[19],"is_endless":false,"potions_floor_spawned":[3,11,16,29,30,31],"killed_by":"Automaton","ascension_level":6}}