{"host":"qdazo2n9x18zu9dk","time":1614114775,"event":{"mods":["BaseMod","Minty Spire (QoL Compilation)","Robot Space Explorer","StSLib"],"gold_per_floor":[114,133,133,152,164,190,190,223,273,273,287,49,49,60,60,157,157,176,192,282,37,48,74,86,86,113,113,130,146,177,194,194,295,295,310,326,2,2,0,0,19,53,131,179,31,58,110,110,110,110,110,110,10,51,51],"floor_reached":56,"language":"ENG","playtime":4072,"items_purged":["RobotSpaceExplorer:Strike","RobotSpaceExplorer:Strike"],"score":1282,"play_id":"9278bada-39f5-42f5-a51f-dc47e1ce253e","local_time":"20210223221255","is_ascension_mode":false,"campfire_choices":[{"data":"RobotSpaceExplorer:ShockMissile","floor":7.0,"key":"SMITH"},{"data":"RobotSpaceExplorer:MiniLasers","floor":10.0,"key":"SMITH"},{"data":"RobotSpaceExplorer:PowerCollector","floor":15.0,"key":"SMITH"},{"data":"RobotSpaceExplorer:ExhaustFan","floor":25.0,"key":"SMITH"},{"data":"RobotSpaceExplorer:PowerGlove","floor":27.0,"key":"SMITH"},{"data":"RobotSpaceExplorer:Comet","floor":32.0,"key":"SMITH"},{"floor":40,"key":"RECALL"},{"data":"RobotSpaceExplorer:BlastShield","floor":49,"key":"SMITH"},{"data":"RobotSpaceExplorer:DroneSwarm","floor":52,"key":"SMITH"}],"circlet_count":0,"master_deck":["RobotSpaceExplorer:Strike+1","RobotSpaceExplorer:Defend","RobotSpaceExplorer:Defend","RobotSpaceExplorer:Defend","RobotSpaceExplorer:Defend","RobotSpaceExplorer:Scan","RobotSpaceExplorer:MiniLasers+1","RobotSpaceExplorer:ShockMissile+1","RobotSpaceExplorer:FranticSearch+1","RobotSpaceExplorer:GearShield+1","RobotSpaceExplorer:SurgingStrike","RobotSpaceExplorer:PowerGlove+1","RobotSpaceExplorer:MiniDrones+1","RobotSpaceExplorer:FrostMissile+1","RobotSpaceExplorer:BigMissile+1","RobotSpaceExplorer:MiniDrones+1","RobotSpaceExplorer:PowerCollector+1","RobotSpaceExplorer:ShovelStrike+1","RobotSpaceExplorer:Comet+1","RobotSpaceExplorer:ExhaustFan+1","RobotSpaceExplorer:ImprovisedAttack+1","RobotSpaceExplorer:ImprovisedAttack+1","RobotSpaceExplorer:BlastShield+1","RobotSpaceExplorer:ShockMissile+1","RobotSpaceExplorer:StarLightning+1","RobotSpaceExplorer:DroneSwarm+1","RobotSpaceExplorer:PlasmaMissile+1","Flash of Steel+1","RobotSpaceExplorer:Pulsar+1","RobotSpaceExplorer:StunGrenade+1","RobotSpaceExplorer:MiniBoosters+1"],"relics":["RobotSpaceExplorer:RoboCore","RobotSpaceExplorer:ToughPlating","Molten Egg 2","Vajra","Whetstone","Coffee Dripper","Bag of Preparation","RobotSpaceExplorer:FoglandsKnife","Lantern","Orichalcum","Busted Crown","Centennial Puzzle","Red Mask","Bottled Lightning","Gambling Chip","PreservedInsect","CeramicFish","War Paint","RobotSpaceExplorer:RingOfTheNewt"],"acts_visited":["Exordium","TheCity","TheBeyond","TheEnding"],"potions_floor_usage":[55,55],"damage_taken":[{"damage":0.0,"enemies":"Jaw Worm","floor":1.0,"turns":4.0},{"damage":0.0,"enemies":"Cultist","floor":2.0,"turns":3.0},{"damage":0.0,"enemies":"2 Louse","floor":4.0,"turns":4.0},{"damage":2.0,"enemies":"Looter","floor":5.0,"turns":3.0},{"damage":12.0,"enemies":"3 Sentries","floor":6.0,"turns":7.0},{"damage":3.0,"enemies":"Lagavulin","floor":8.0,"turns":6.0},{"damage":6.0,"enemies":"Lots of Slimes","floor":11.0,"turns":3.0},{"damage":0.0,"enemies":"Blue Slaver","floor":14.0,"turns":3.0},{"damage":0.0,"enemies":"Slime Boss","floor":16.0,"turns":6.0},{"damage":0.0,"enemies":"Spheric Guardian","floor":18.0,"turns":1.0},{"damage":0.0,"enemies":"Shell Parasite","floor":19.0,"turns":3.0},{"damage":11.0,"enemies":"Snake Plant","floor":22.0,"turns":3.0},{"damage":1.0,"enemies":"Gremlin Leader","floor":23.0,"turns":4.0},{"damage":1.0,"enemies":"Centurion and Healer","floor":24.0,"turns":6.0},{"damage":3.0,"enemies":"3 Cultists","floor":28.0,"turns":4.0},{"damage":0.0,"enemies":"Sentry and Sphere","floor":29.0,"turns":1.0},{"damage":5.0,"enemies":"Slavers","floor":30.0,"turns":4.0},{"damage":6.0,"enemies":"Snecko","floor":31.0,"turns":3.0},{"damage":14.0,"enemies":"Collector","floor":33.0,"turns":7.0},{"damage":0,"enemies":"3 Darklings","floor":35,"turns":3},{"damage":0,"enemies":"Orb Walker","floor":36,"turns":3},{"damage":0,"enemies":"4 Shapes","floor":41,"turns":3},{"damage":30,"enemies":"Nemesis","floor":42,"turns":5},{"damage":7,"enemies":"2 Orb Walkers","floor":44,"turns":3},{"damage":0,"enemies":"Giant Head","floor":46,"turns":6},{"damage":16,"enemies":"Time Eater","floor":50,"turns":9},{"damage":4,"enemies":"Shield and Spear","floor":54,"turns":3},{"damage":31,"enemies":"The Heart","floor":55,"turns":8}],"seed_played":"-3608653359769505278","potions_obtained":[{"floor":1.0,"key":"SteroidPotion"},{"floor":6.0,"key":"BlessingOfTheForge"},{"floor":8.0,"key":"SmokeBomb"},{"floor":11.0,"key":"Weak Potion"},{"floor":22.0,"key":"LiquidBronze"},{"floor":29.0,"key":"Regen Potion"},{"floor":33.0,"key":"LiquidMemories"},{"floor":36,"key":"DistilledChaos"}],"is_trial":false,"path_per_floor":["M","M","?","M","M","E","R","E","T","R","M","$","?","M","R","B",null,"M","M","?","$","M","E","M","R","T","R","M","M","E","M","R","B",null,"M","M","$","?","?","R","M","E","T","?","$","E","T","?","R","B",null,"R","$","E","B",null],"character_chosen":"RobotSpaceExplorer","items_purchased":["Whetstone","RobotSpaceExplorer:MiniDrones+1","RobotSpaceExplorer:PowerCollector","RobotSpaceExplorer:ImprovisedAttack+1","Bag of Preparation","RobotSpaceExplorer:PlasmaMissile+1","Centennial Puzzle","Flash of Steel+1","PreservedInsect"],"campfire_rested":0,"item_purchase_floors":[12,12,12,21,21,37,37,37,45],"current_hp_per_floor":[75,75,75,75,73,61,61,58,58,58,52,52,52,52,52,52,75,75,75,63,63,52,51,50,50,50,50,47,47,42,36,36,37,75,75,75,75,75,75,75,75,45,45,38,38,38,38,38,38,22,71,71,71,67,36],"gold":51,"neow_bonus":"ONE_RANDOM_RARE_CARD","is_daily":false,"chose_seed":false,"campfire_upgraded":8,"win_rate":0.0,"timestamp":1614114775,"path_taken":["M","M","?","M","?","E","R","E","T","R","M","$","?","M","R","BOSS","M","M","?","$","M","E","M","R","T","R","M","M","E","?","R","BOSS","M","M","$","?","?","R","M","E","T","?","$","E","?","?","R","BOSS","R","$","E","BOSS"],"items_purchased_type":["Relic","Card","Card","Card","Relic","Card","Relic","Card","Relic"],"build_version":"2020-12-22","purchased_purges":2,"victory":true,"max_hp_per_floor":[75,75,75,75,75,75,75,75,75,75,75,75,75,75,75,75,75,75,75,75,75,75,75,75,75,75,75,75,75,75,75,75,75,75,75,75,75,75,75,75,75,75,75,75,75,75,75,71,71,71,71,71,71,71,71],"card_choices":[{"not_picked":["RobotSpaceExplorer:ScrapShield","RobotSpaceExplorer:Counterblock"],"picked":"RobotSpaceExplorer:FranticSearch","floor":1.0},{"not_picked":["RobotSpaceExplorer:Ammunition","RobotSpaceExplorer:FreezingShield"],"picked":"RobotSpaceExplorer:GearShield","floor":2.0},{"not_picked":["RobotSpaceExplorer:TurboDodge","RobotSpaceExplorer:Probe"],"picked":"RobotSpaceExplorer:SurgingStrike","floor":4.0},{"not_picked":["RobotSpaceExplorer:SurgingShield","RobotSpaceExplorer:FrostMissile"],"picked":"RobotSpaceExplorer:PowerGlove","floor":5.0},{"not_picked":["RobotSpaceExplorer:PowerGlove","RobotSpaceExplorer:Counterblock"],"picked":"RobotSpaceExplorer:MiniDrones","floor":6.0},{"not_picked":["RobotSpaceExplorer:Scanner","RobotSpaceExplorer:SurgingStrike+1"],"picked":"RobotSpaceExplorer:FrostMissile+1","floor":8.0},{"not_picked":["RobotSpaceExplorer:Counterblock","RobotSpaceExplorer:ShockKick+1"],"picked":"RobotSpaceExplorer:BigMissile+1","floor":11.0},{"not_picked":["RobotSpaceExplorer:Blitz+1","RobotSpaceExplorer:Fix"],"picked":"RobotSpaceExplorer:ShovelStrike+1","floor":14.0},{"not_picked":["RobotSpaceExplorer:Blaster+1","RobotSpaceExplorer:ChargingLaser+1"],"picked":"RobotSpaceExplorer:Comet","floor":16.0},{"not_picked":["RobotSpaceExplorer:GlueShot","RobotSpaceExplorer:Electropulse+1","RobotSpaceExplorer:FrostMissile+1"],"picked":"SKIP","floor":18.0},{"not_picked":["RobotSpaceExplorer:MetalStrike+1","RobotSpaceExplorer:StunGrenade+1"],"picked":"RobotSpaceExplorer:ExhaustFan","floor":19.0},{"not_picked":["RobotSpaceExplorer:Counterblock","RobotSpaceExplorer:ShockKick+1"],"picked":"RobotSpaceExplorer:ImprovisedAttack+1","floor":22.0},{"not_picked":["RobotSpaceExplorer:Scanner","RobotSpaceExplorer:SlimeMissile+1","RobotSpaceExplorer:Counterblock"],"picked":"SKIP","floor":23.0},{"not_picked":["RobotSpaceExplorer:MiniDrones+1","RobotSpaceExplorer:Blitz+1"],"picked":"RobotSpaceExplorer:ImprovisedAttack+1","floor":24.0},{"not_picked":["RobotSpaceExplorer:ShockKick+1","RobotSpaceExplorer:GlueShot","RobotSpaceExplorer:SurgingShield"],"picked":"SKIP","floor":28.0},{"not_picked":["RobotSpaceExplorer:FranticSearch+1","RobotSpaceExplorer:SurgingShield"],"picked":"RobotSpaceExplorer:BlastShield","floor":29.0},{"not_picked":["RobotSpaceExplorer:StarLightning+1","RobotSpaceExplorer:StunGrenade+1"],"picked":"RobotSpaceExplorer:ShockMissile+1","floor":30.0},{"not_picked":["RobotSpaceExplorer:SurgingStrike+1","RobotSpaceExplorer:DoubleFind"],"picked":"RobotSpaceExplorer:StarLightning+1","floor":31.0},{"not_picked":["RobotSpaceExplorer:Arsenal","RobotSpaceExplorer:Exploration"],"picked":"RobotSpaceExplorer:DroneSwarm","floor":33.0},{"not_picked":["RobotSpaceExplorer:ShovelStrike+1"],"picked":"SKIP","floor":35},{"not_picked":["RobotSpaceExplorer:FreezingShield"],"picked":"SKIP","floor":36},{"not_picked":[],"picked":"RobotSpaceExplorer:Pulsar+1","floor":41},{"not_picked":[],"picked":"RobotSpaceExplorer:StunGrenade+1","floor":42},{"not_picked":["RobotSpaceExplorer:GlueSpray+1"],"picked":"SKIP","floor":46},{"not_picked":[],"picked":"RobotSpaceExplorer:MiniBoosters+1","floor":54}],"player_experience":1199475,"relics_obtained":[{"floor":6.0,"key":"RobotSpaceExplorer:ToughPlating"},{"floor":8.0,"key":"Molten Egg 2"},{"floor":9.0,"key":"Vajra"},{"floor":23.0,"key":"RobotSpaceExplorer:FoglandsKnife"},{"floor":26.0,"key":"Lantern"},{"floor":30.0,"key":"Orichalcum"},{"floor":42,"key":"Bottled Lightning"},{"floor":44,"key":"Gambling Chip"},{"floor":46,"key":"CeramicFish"},{"floor":47,"key":"War Paint"},{"floor":54,"key":"RobotSpaceExplorer:RingOfTheNewt"}],"event_choices":[{"cards_removed":["RobotSpaceExplorer:Strike"],"damage_healed":0.0,"max_hp_gain":0.0,"max_hp_loss":0.0,"gold_gain":0.0,"event_name":"Purifier","player_choice":"Purged","floor":3.0,"gold_loss":0.0,"damage_taken":0.0},{"damage_healed":0.0,"max_hp_gain":0.0,"max_hp_loss":0.0,"gold_gain":0.0,"event_name":"The Cleric","player_choice":"Leave","floor":13.0,"gold_loss":0.0,"damage_taken":0.0},{"damage_healed":0.0,"max_hp_gain":0.0,"max_hp_loss":0.0,"gold_gain":90.0,"event_name":"Knowing Skull","player_choice":"GOLD ","floor":20.0,"potions_obtained":[],"gold_loss":0.0,"damage_taken":12.0,"cards_obtained":[]},{"cards_removed":["RobotSpaceExplorer:ImprovisedAttack"],"damage_healed":0,"gold_gain":0,"player_choice":"Removed Attack","damage_taken":0,"max_hp_gain":0,"max_hp_loss":0,"event_name":"Falling","floor":38,"gold_loss":0},{"damage_healed":0,"gold_gain":0,"player_choice":"Paid","damage_taken":0,"relics_obtained":["Red Mask"],"max_hp_gain":0,"max_hp_loss":0,"event_name":"Tomb of Lord Red Mask","floor":39,"gold_loss":2},{"damage_healed":0,"gold_gain":0,"player_choice":"Fight","damage_taken":0,"max_hp_gain":0,"max_hp_loss":0,"event_name":"Mysterious Sphere","floor":44,"gold_loss":0},{"damage_healed":0,"gold_gain":0,"player_choice":"Max HP","damage_taken":0,"max_hp_gain":0,"max_hp_loss":4,"event_name":"Winding Halls","floor":48,"gold_loss":0}],"is_beta":false,"boss_relics":[{"not_picked":["Tiny House","Sozu"],"picked":"Coffee Dripper"},{"not_picked":["Snecko Eye","Runic Dome"],"picked":"Busted Crown"}],"items_purged_floors":[21,53],"is_endless":false,"potions_floor_spawned":[1,6,8,11,16,19,22,29,31,33,36,41,42],"ascension_level":0}}