{"host":"7bvt9h5xvpviio59","time":1614084192,"event":{"mods":["BaseMod","Colored Powertips","Conspire","Hubris","Infinite Spire","Minty Spire (QoL Compilation)","Rare Cards Sparkle","Replay The Spire","StSLib"],"gold_per_floor":[118,118,118,139,139,173,191,191,261,299,312,325,325,379,379,379,379],"floor_reached":16,"language":"ENG","playtime":292,"items_purged":[],"score":236,"play_id":"e2a778e7-1b7d-49c9-b9f6-a218d2c2a125","local_time":"20210223204312","is_ascension_mode":true,"campfire_choices":[{"data":"Massacre","floor":8,"key":"SMITH"},{"floor":13,"key":"REST"}],"circlet_count":0,"master_deck":["AscendersBane","Strike_R","Strike_R","Strike_R","Strike_R","Strike_R","Defend_R","Defend_R","Defend_R","Defend_R","Bash","Thunderclap","Injury","hubris:Gluttony","Shame","infinitespire:Starlight","Armaments","Bash","Berserk","Heavy Blade","Massacre+1"],"relics":["Burning Blood","NeowsBlessing","Golden Idol","Nunchaku","Pear","Replay:Bottled Snecko","Centennial Puzzle"],"acts_visited":["Exordium"],"potions_floor_usage":[4],"damage_taken":[{"damage":0,"enemies":"Cultist","floor":1,"turns":1},{"damage":0,"enemies":"2 Louse","floor":4,"turns":1},{"damage":0,"enemies":"Lagavulin","floor":6,"turns":1},{"damage":17,"enemies":"Small Slimes","floor":7,"turns":6},{"damage":79,"enemies":"3 Sentries","floor":10,"turns":11},{"damage":29,"enemies":"Exordium Wildlife","floor":11,"turns":6},{"damage":16,"enemies":"Blue Slaver","floor":12,"turns":4},{"damage":0,"enemies":"Fading Forest","floor":16,"turns":1}],"seed_played":"-1733572399592163220","potions_obtained":[{"floor":4,"key":"Fruit Juice"},{"floor":11,"key":"Swift Potion"},{"floor":12,"key":"LiquidBronze"}],"is_trial":false,"path_per_floor":["M","?","?","M","?","E","M","R","T","E","M","M","R","T","R","B"],"character_chosen":"IRONCLAD","items_purchased":[],"campfire_rested":1,"item_purchase_floors":[],"current_hp_per_floor":[74,74,74,80,80,80,79,79,89,26,13,13,40,40,40,40,40],"gold":379,"neow_bonus":"THREE_ENEMY_KILL","is_daily":false,"chose_seed":false,"campfire_upgraded":1,"win_rate":0.0,"timestamp":1614084192,"path_taken":["M","?","?","M","?","E","?","R","T","E","M","M","R","?","R","BOSS"],"items_purchased_type":[],"build_version":"2020-12-22","purchased_purges":0,"victory":false,"max_hp_per_floor":[75,75,75,80,80,80,80,80,90,90,90,90,90,90,90,90,90],"card_choices":[{"not_picked":["Replay:Undeath\u0027s Touch","Cleave"],"picked":"Thunderclap","floor":1},{"not_picked":["infinitespire:NeuralNetwork","ReplayTheSpireMod:Chaos Vortex"],"picked":"infinitespire:Starlight","floor":3},{"not_picked":["Shrug It Off","Anger"],"picked":"Armaments","floor":4},{"not_picked":["Pommel Strike","conspire:ExplosiveBarrier"],"picked":"Heavy Blade","floor":6},{"not_picked":["hubris:CleavingFinish","infinitespire:OneForAll"],"picked":"Massacre","floor":7},{"not_picked":["Armaments","ReplayTheSpireMod:Strike From Hell","Exhume"],"picked":"SKIP","floor":10},{"not_picked":["Massacre","Havoc","Body Slam"],"picked":"SKIP","floor":11},{"not_picked":["Hemokinesis","Feel No Pain","Bloodletting"],"picked":"SKIP","floor":12}],"player_experience":491492,"relics_obtained":[{"floor":6,"key":"Nunchaku"},{"floor":9,"key":"Pear"},{"floor":10,"key":"Replay:Bottled Snecko"},{"floor":14,"key":"Centennial Puzzle"}],"event_choices":[{"damage_healed":0,"gold_gain":0,"player_choice":"Take Wound","damage_taken":0,"relics_obtained":["Golden Idol"],"max_hp_gain":0,"max_hp_loss":0,"event_name":"Golden Idol","floor":2,"gold_loss":0,"cards_obtained":["Injury"]},{"damage_healed":0,"gold_gain":0,"player_choice":"2 cards matched","damage_taken":0,"max_hp_gain":0,"max_hp_loss":0,"event_name":"Match and Keep!","floor":5,"gold_loss":0,"cards_obtained":["Bash","Berserk"]}],"is_beta":false,"boss_relics":[],"items_purged_floors":[],"is_endless":false,"potions_floor_spawned":[4,11,12],"killed_by":"Fading Forest","ascension_level":15}}