{"host":"lyzyr6cv4ove76ms","time":1614113085,"event":{"mods":["BaseMod","Colored Map","Downfall","Infinite Spire","Minty Spire (QoL Compilation)","Replay The Spire","Robot Space Explorer","StSLib"],"gold_per_floor":[99,99,99,48,67,97,97,97,97,114,99,99,127,137,157,253,253,253,253,253,263,280,299,299,299,349,349,365,268,299,317,327,327,327,327],"floor_reached":33,"language":"ENG","playtime":5005,"items_purged":[],"score":289,"play_id":"7d8f0277-3c7c-4407-bad2-dcda1620021b","local_time":"20210223214445","is_ascension_mode":true,"campfire_choices":[{"data":"Slimebound:Split","floor":1,"key":"SMITH"},{"floor":9,"key":"REST"},{"data":"Slimebound:SplitSpecialist","floor":12,"key":"SMITH"},{"data":"Slimebound:MassRepurpose","floor":18,"key":"SMITH"},{"floor":25,"key":"REST"},{"data":"Slimebound:SplitAcid","floor":27,"key":"SMITH"}],"circlet_count":0,"master_deck":["Slimebound:Strike_Slimebound","Slimebound:Strike_Slimebound","Slimebound:Strike_Slimebound","Slimebound:Tackle","Slimebound:Defend_Slimebound","Slimebound:Defend_Slimebound","Slimebound:Defend_Slimebound","Slimebound:Defend_Slimebound","Slimebound:Split+1","Slimebound:CorrosiveSpit","Slimebound:SplitSpecialist+1","Slimebound:SplitAcid+1","Slimebound:SlimeSpikes","Slimebound:RainOfGoop","Slimebound:Repurpose","Slimebound:MassRepurpose+1","Slimebound:PressTheAttack+1","Slimebound:LivingWall+1","infinitespire:Punishment+1","Slimebound:OozeBath+1","Slimebound:GrowthPunch+1"],"relics":["Slimebound:AbsorbEndCombat","downfall:HeartsMalice","Letter Opener","Molten Egg 2","infinitespire:Satchel","Replay:Bronze Core","Golden Egg","infinitespire:EmpoweringShard","Tiny House","Thread and Needle"],"acts_visited":["Exordium","TheCity"],"potions_floor_usage":[22,33,33],"damage_taken":[{"damage":0,"enemies":"Cultist","floor":2,"turns":1},{"damage":0,"enemies":"Small Slimes","floor":3,"turns":1},{"damage":0,"enemies":"downfall:FleeingMerchant","floor":4,"turns":1},{"damage":7,"enemies":"2 Louse","floor":5,"turns":3},{"damage":30,"enemies":"Gremlin Nob","floor":6,"turns":5},{"damage":9,"enemies":"Lots of Slimes","floor":10,"turns":2},{"damage":0,"enemies":"downfall:FleeingMerchant","floor":11,"turns":4},{"damage":4,"enemies":"Lagavulin","floor":13,"turns":7},{"damage":2,"enemies":"2 Fungi Beasts","floor":14,"turns":3},{"damage":5,"enemies":"downfall:LooterAlt","floor":15,"turns":5},{"damage":19,"enemies":"DF_ARCHETYPE_STREAMLINE","floor":16,"turns":10},{"damage":0,"enemies":"3 Byrds","floor":21,"turns":3},{"damage":15,"enemies":"Spheric Guardian","floor":22,"turns":5},{"damage":0,"enemies":"Snecko","floor":23,"turns":7},{"damage":13,"enemies":"Sentry and Sphere","floor":28,"turns":4},{"damage":3,"enemies":"downfall:FleeingMerchant","floor":29,"turns":5},{"damage":41,"enemies":"Gremlin Leader","floor":30,"turns":5},{"damage":3,"enemies":"3 Cultists","floor":31,"turns":4},{"damage":14,"enemies":"Snake Plant","floor":32,"turns":4},{"damage":37,"enemies":"SI_MIRROR_ARCHETYPE","floor":33,"turns":10}],"seed_played":"1618423611034751697","potions_obtained":[{"floor":6,"key":"LiquidBronze"},{"floor":13,"key":"Ancient Potion"},{"floor":15,"key":"Guardian:BlockOnCardUsePotion"},{"floor":23,"key":"Ancient Potion"},{"floor":26,"key":"Block Potion"},{"floor":30,"key":"PowerPotion"}],"is_trial":false,"path_per_floor":["R","M","M","$","M","E","T","?","R","M","$","R","E","M","M","B",null,"R","?","?","M","M","M","T","R","AVR","R","M","$","E","M","M","B"],"character_chosen":"SLIMEBOUND","items_purchased":["Slimebound:SplitAcid","Slimebound:GrowthPunch+1"],"campfire_rested":2,"item_purchase_floors":[4,29],"current_hp_per_floor":[65,65,65,65,58,28,28,28,47,38,44,44,46,44,43,32,65,65,54,54,56,43,49,49,70,75,75,62,63,30,33,25,0,0,0],"gold":327,"neow_bonus":"THREE_ENEMY_KILL","is_daily":false,"chose_seed":false,"campfire_upgraded":4,"win_rate":0.0,"timestamp":1614113085,"path_taken":["R","M","M","$","M","E","T","?","R","M","?","R","E","M","M","BOSS","R","?","?","M","M","M","T","R","AVR","R","M","$","E","?","M","BOSS"],"items_purchased_type":["Card","Card"],"build_version":"2020-12-22","purchased_purges":0,"victory":false,"max_hp_per_floor":[65,65,65,65,65,65,65,65,65,65,65,65,65,65,65,65,65,65,70,70,70,70,70,70,70,75,75,75,75,75,75,75,75,75,75],"card_choices":[{"not_picked":["Slimebound:Equalize","Slimebound:ItLooksTasty","Slimebound:TongueLash"],"picked":"SKIP","floor":2},{"not_picked":["Slimebound:ProtectTheBoss","Slimebound:Chomp"],"picked":"Slimebound:SplitSpecialist","floor":3},{"not_picked":["Slimebound:LeechEnergy","Slimebound:ComboTackle","Slimebound:FinishingTackle"],"picked":"SKIP","floor":4},{"not_picked":["Slimebound:FinishingTackle","Slimebound:SlimeTap"],"picked":"Slimebound:SlimeSpikes","floor":5},{"not_picked":["Slimebound:SlimeSpikes","Slimebound:GoopTackle"],"picked":"Slimebound:RainOfGoop","floor":6},{"not_picked":["Slimebound:Grow","Slimebound:ItLooksTasty+1","Slimebound:Nibble+1"],"picked":"SKIP","floor":10},{"not_picked":["Slimebound:ComboTackle+1","Slimebound:Equalize+1"],"picked":"Slimebound:Repurpose","floor":11},{"not_picked":["Slimebound:SlimeBrawl","Slimebound:Repurpose","Slimebound:PressTheAttack+1"],"picked":"SKIP","floor":13},{"not_picked":["Slimebound:MassFeed+1","Slimebound:SplitMire","Slimebound:SplitAcid"],"picked":"SKIP","floor":14},{"not_picked":["Slimebound:LeadByExample","Slimebound:SamplingLick","Slimebound:GoopTackle+1"],"picked":"SKIP","floor":15},{"not_picked":["Slimebound:SlimeSlap+1","Slimebound:SelfFormingGoo"],"picked":"Slimebound:MassRepurpose","floor":16},{"not_picked":["Slimebound:Equalize+1","Slimebound:LeadByExample+1"],"picked":"Slimebound:PressTheAttack+1","floor":21},{"not_picked":["Slimebound:Grow","Slimebound:LeechingTouch+1"],"picked":"Slimebound:LivingWall","floor":22},{"not_picked":["Slimebound:FinishingTackle+1","Slimebound:ViciousTackle+1","Slimebound:Replication+1"],"picked":"SKIP","floor":23},{"not_picked":["Slimebound:Replication","Slimebound:RejuvenatingLick","Slimebound:SplitLeeching"],"picked":"SKIP","floor":28},{"not_picked":["Slimebound:DivideAndConquer+1","Slimebound:GoopTackle+1"],"picked":"Slimebound:OozeBath","floor":29},{"not_picked":["Slimebound:TongueLash+1","Slimebound:GoopTackle+1","Slimebound:Chomp+1"],"picked":"SKIP","floor":30},{"not_picked":["Slimebound:SplitBruiser","Slimebound:LivingWall","Slimebound:LeechingTouch+1"],"picked":"SKIP","floor":31},{"not_picked":["Slimebound:Recollect","Slimebound:Schlurp+1","Slimebound:RejuvenatingLick"],"picked":"SKIP","floor":32}],"player_experience":783990,"relics_obtained":[{"floor":6,"key":"Letter Opener"},{"floor":7,"key":"Molten Egg 2"},{"floor":13,"key":"infinitespire:Satchel"},{"floor":24,"key":"Golden Egg"},{"floor":30,"key":"Thread and Needle"}],"event_choices":[],"is_beta":false,"boss_relics":[{"not_picked":["infinitespire:Cupcake","Replay:Grab Bag"],"picked":"Replay:Bronze Core"}],"items_purged_floors":[],"is_endless":false,"potions_floor_spawned":[5,6,13,15,16,23,30,32],"killed_by":"SI_MIRROR_ARCHETYPE","ascension_level":1}}