{"host":"wqwfknj40rilnol1","time":1614083227,"event":{"mods":["AchievementEnabler","BaseMod","BetterRewards","Block Reminder","Colored Map","Highlight Path","Hubris","Minty Spire (QoL Compilation)","Permanent Neow","Relic Stats","Shop Mod","StSLib","The Cursed"],"gold_per_floor":[209,221,221,78,137,137,172,172,172,172,206,206,223,235,235,314,314,331,331,319,338,338,338,338],"floor_reached":23,"language":"ENG","playtime":662,"items_purged":[],"score":335,"play_id":"0a6ff761-3491-42b8-b58d-8350030eb50c","local_time":"20210223132707","is_ascension_mode":true,"campfire_choices":[{"floor":6,"key":"REST"},{"data":"Immolate","floor":8,"key":"SMITH"},{"data":"Bash","floor":10,"key":"SMITH"},{"floor":15,"key":"REST"}],"circlet_count":0,"master_deck":["AscendersBane","Strike_R+1","Strike_R+1","Strike_R+1","Strike_R+1","Strike_R+1","Defend_R+1","Defend_R+1","Defend_R+1","Defend_R+1","Bash+1","Clothesline","Hemokinesis","Immolate+1","Double Tap","Bludgeon","Shrug It Off","Flash of Steel","True Grit"],"relics":["Burning Blood","Champion Belt","MerchantsRug","Darkstone Periapt","Vajra","War Paint"],"acts_visited":["TheCity"],"potions_floor_usage":[],"damage_taken":[{"damage":9,"enemies":"2 Louse","floor":1,"turns":3},{"damage":18,"enemies":"Jaw Worm","floor":2,"turns":5},{"damage":22,"enemies":"Gremlin Nob","floor":7,"turns":4},{"damage":27,"enemies":"Lagavulin","floor":11,"turns":4},{"damage":0,"enemies":"Cultist","floor":13,"turns":1},{"damage":7,"enemies":"Looter","floor":14,"turns":3},{"damage":39,"enemies":"Hexaghost","floor":16,"turns":8},{"damage":27,"enemies":"2 Thieves","floor":18,"turns":4},{"damage":1,"enemies":"Chosen","floor":21,"turns":4},{"damage":66,"enemies":"Book of Stabbing","floor":23,"turns":5}],"seed_played":"9153878276859333177","potions_obtained":[{"floor":11,"key":"FairyPotion"},{"floor":18,"key":"GamblersBrew"}],"is_trial":false,"path_per_floor":["M","M","?","$","?","R","E","R","T","R","E","$","M","M","R","B",null,"M","?","$","M","?","E"],"character_chosen":"IRONCLAD","items_purchased":["MerchantsRug","Shrug It Off","Flash of Steel"],"campfire_rested":2,"item_purchase_floors":[4,20,20],"current_hp_per_floor":[65,53,28,28,28,50,34,34,34,34,13,13,19,18,40,7,58,37,37,37,42,35,0,0],"gold":338,"neow_bonus":"HUNDRED_GOLD","is_daily":false,"chose_seed":false,"campfire_upgraded":2,"win_rate":0.0,"timestamp":1614083227,"path_taken":["M","M","?","$","?","R","E","R","T","R","E","?","?","M","R","BOSS","M","?","$","M","?","E"],"items_purchased_type":["Relic","Card","Card"],"build_version":"2020-12-22","purchased_purges":0,"victory":false,"max_hp_per_floor":[75,75,75,75,75,75,75,75,75,75,75,75,75,75,75,75,75,75,75,75,75,75,75,75],"relic_stats":{"Darkstone Periapt":0,"counters":[10,41],"Champion Belt":[6],"War Paint":["Defend_R","Defend_R"],"obtain_stats":[{"Darkstone Periapt":7,"MerchantsRug":4,"Vajra":9,"Coffee Dripper":17,"Champion Belt":3,"War Paint":11,"Burning Blood":0},{"Darkstone Periapt":3,"MerchantsRug":2,"Vajra":3,"Coffee Dripper":7,"Champion Belt":2,"War Paint":4,"Burning Blood":0},{"Darkstone Periapt":12,"MerchantsRug":8,"Vajra":12,"Coffee Dripper":28,"Champion Belt":8,"War Paint":16,"Burning Blood":0}],"Burning Blood":54},"card_choices":[{"not_picked":["Iron Wave","Sever Soul"],"picked":"Clothesline","floor":1},{"not_picked":["Havoc","hubris:ReadiedAction"],"picked":"Hemokinesis","floor":2},{"not_picked":["Shrug It Off","Havoc"],"picked":"Immolate","floor":7},{"not_picked":["Iron Wave","Burning Pact"],"picked":"Double Tap","floor":11},{"not_picked":["Thunderclap","Disarm","Perfected Strike"],"picked":"SKIP","floor":13},{"not_picked":["Metallicize","Heavy Blade","Twin Strike"],"picked":"SKIP","floor":14},{"not_picked":["Double Tap","Brutality"],"picked":"Bludgeon","floor":16},{"not_picked":["Headbutt+1","hubris:ReadiedAction","Twin Strike"],"picked":"SKIP","floor":18},{"not_picked":["Havoc","Iron Wave+1"],"picked":"True Grit","floor":21}],"player_experience":302298,"relics_obtained":[{"floor":7,"key":"Darkstone Periapt"},{"floor":9,"key":"Vajra"},{"floor":11,"key":"War Paint"}],"event_choices":[{"damage_healed":0,"gold_gain":0,"player_choice":"Success","damage_taken":25,"relics_obtained":["Champion Belt"],"max_hp_gain":0,"max_hp_loss":0,"event_name":"Scrap Ooze","floor":3,"gold_loss":0},{"damage_healed":0,"gold_gain":59,"player_choice":"Gained Gold","damage_taken":0,"max_hp_gain":0,"max_hp_loss":0,"event_name":"Golden Wing","floor":5,"gold_loss":0},{"damage_healed":0,"gold_gain":0,"player_choice":"Simplicity","damage_taken":0,"max_hp_gain":0,"max_hp_loss":0,"event_name":"Back to Basics","floor":19,"gold_loss":0,"cards_upgraded":["Strike_R","Strike_R","Strike_R","Strike_R","Strike_R","Defend_R","Defend_R"]},{"damage_healed":0,"gold_gain":0,"player_choice":"Damaged","damage_taken":7,"max_hp_gain":0,"max_hp_loss":0,"event_name":"Wheel of Change","floor":22,"gold_loss":0}],"is_beta":false,"boss_relics":[{"not_picked":["Pandora\u0027s Box","hubris:RunicObelisk"],"picked":"Coffee Dripper"}],"items_purged_floors":[],"is_endless":false,"potions_floor_spawned":[11,18,21],"killed_by":"Book of Stabbing","ascension_level":14}}