{"host":"uceopoba4zvqsgiy","time":1614059398,"event":{"mods":["2.2 Compatiblity","Act Like it!","BaseMod","Better Skull","Better Third Choice","Elementarium","Evolution","GifTheSpireLib","Hermit","Humility","Infinite Spire","Jorbs\u0027s Wanderer Trilogy","Marked Mod","Minty Spire (QoL Compilation)","Potionbrewer","Reliquary","Replay The Spire","Robot Space Explorer","Shade Mod","Spicy Shops","StS++","StSLib","Stuff the Spire","The Blue Laboratory","The Caster","The Cursed","The Dragon Tamer","The Dragonkin","The Hierophant","The Judge","The Jungle","TheSurvivalist","Wandering Minibosses"],"gold_per_floor":[114,114,128,128,142,142,142,174,174,174,211,211,237,279,279,388,388,376,402,80,102,102,102,127,127,153,178,453,453,484,506,506,621,621,646,646,646,666,666,668,668],"floor_reached":40,"language":"ENG","playtime":3694,"items_purged":[],"score":699,"play_id":"53bc0e3a-5f50-4abf-9dc0-f9d76b9715db","local_time":"20210223161958","is_ascension_mode":true,"campfire_choices":[{"data":"Glacier","floor":6.0,"key":"SMITH"},{"floor":12.0,"key":"REST"},{"floor":15.0,"key":"REST"},{"floor":23.0,"key":"REST"},{"floor":25.0,"key":"REST"},{"floor":29.0,"key":"REST"},{"data":"StSpp:Saturation","floor":32.0,"key":"SMITH"}],"circlet_count":0,"master_deck":["Barrage","Barrage","Barrage","Barrage","Leap","Leap","Leap","Zap","Dualcast","Ball Lightning","Glacier+1","Ball Lightning","Ball Lightning","StuffTheSpire:Innocence","Spreading Infection","Creative AI","StSpp:Saturation","StSpp:TargetLocked+1","Static Discharge","StSpp:Channeliser","StSpp:Igniter+1","StSpp:Saturation+1","StuffTheSpire:Rapture","Sunder+1","Regret","Creative AI","Consume","Creative AI","ReplayTheSpireMod:Repulse+1","Tempest","Loop","Gash+1"],"relics":["Cracked Core","EVO:Axolotl","Prayer Wheel","Ginger","infinitespire:Midas Blood","Replay:Accelerometer","ReplayTheSpireMod:Ring of Challenge","Ring of Panic","reliquary:RoseTintedGlasses","Regal Pillow","Philosopher\u0027s Stone","Happy Flower","infinitespire:Broken Mirror","reliquary:Knoch","Tiny Chest","ReplayTheSpireMod:Shallot","ChewingGum","infinitespire:Eraser"],"acts_visited":["Exordium","TheCity","TheBeyond"],"potions_floor_usage":[38,38],"damage_taken":[{"damage":7.0,"enemies":"2 Louse","floor":1.0,"turns":4.0},{"damage":8.0,"enemies":"infinitespire:Voidling","floor":3.0,"turns":3.0},{"damage":0.0,"enemies":"Cultist","floor":5.0,"turns":2.0},{"damage":28.0,"enemies":"3 Sentries","floor":8.0,"turns":8.0},{"damage":2.0,"enemies":"Lagavulin","floor":11.0,"turns":6.0},{"damage":42.0,"enemies":"3 Sentries","floor":14.0,"turns":6.0},{"damage":34.0,"enemies":"Slime Boss","floor":16.0,"turns":7.0},{"damage":25.0,"enemies":"2 Thieves","floor":18.0,"turns":3.0},{"damage":6.0,"enemies":"Shell Parasite","floor":19.0,"turns":4.0},{"damage":13.0,"enemies":"Sentry and Sphere","floor":21.0,"turns":4.0},{"damage":0.0,"enemies":"Book of Stabbing","floor":24.0,"turns":4.0},{"damage":28.0,"enemies":"3 Cultists","floor":27.0,"turns":4.0},{"damage":3.0,"enemies":"Nightmare","floor":30.0,"turns":4.0},{"damage":7.0,"enemies":"Centurion and Healer","floor":31.0,"turns":4.0},{"damage":67,"enemies":"Collector","floor":33,"turns":9},{"damage":51,"enemies":"3 Darklings","floor":35,"turns":6},{"damage":7,"enemies":"3 Shapes","floor":38,"turns":5},{"damage":26,"enemies":"Nightmare","floor":40,"turns":2}],"seed_played":"7185516413149436135","potions_obtained":[{"floor":11.0,"key":"PowerPotion"},{"floor":14.0,"key":"BlessingOfTheForge"},{"floor":16.0,"key":"blueLaboratory:PolymorphPotion"},{"floor":21.0,"key":"potionbrewer:DiscountPotion"},{"floor":24.0,"key":"Weak Potion"},{"floor":27.0,"key":"blueLaboratory:PhilterOfMotion"},{"floor":35,"key":"potionbrewer:FreezingPotion"}],"is_trial":false,"path_per_floor":["M","?","M","$","M","R","?","E","T","?","E","R","T","E","R","B",null,"M","M","$","M","?","R","E","R","T","M","?","R","NM","M","R","B",null,"M","?","T","M","?","NM"],"character_chosen":"DEFECT","items_purchased":["Happy Flower","infinitespire:Broken Mirror"],"campfire_rested":5,"item_purchase_floors":[20,20],"current_hp_per_floor":[64,64,61,61,61,61,54,26,26,26,24,47,47,5,43,9,61,36,30,30,17,17,55,55,78,78,50,50,78,75,68,68,1,59,8,8,8,1,1,0,0],"gold":668,"neow_bonus":"ONE_RANDOM_RARE_CARD","is_daily":false,"chose_seed":false,"campfire_upgraded":2,"win_rate":0.0,"timestamp":1614059398,"path_taken":["M","?","?","$","?","R","?","E","T","?","E","R","?","E","R","BOSS","M","M","$","M","?","R","E","R","T","M","?","R","NM","?","R","BOSS","M","?","?","M","?","NM"],"items_purchased_type":["Relic","Relic"],"build_version":"2020-12-22","purchased_purges":0,"victory":false,"max_hp_per_floor":[78,78,78,78,78,78,78,78,78,78,78,78,78,78,78,78,78,78,78,78,78,78,78,78,78,78,78,78,78,78,78,78,78,78,78,78,78,78,78,78,78],"card_choices":[{"not_picked":["FTL","Streamline"],"picked":"Ball Lightning","floor":1.0},{"not_picked":["Gash","Genetic Algorithm"],"picked":"Glacier","floor":1.0},{"not_picked":["Stack","Heatsinks"],"picked":"Ball Lightning","floor":3.0},{"not_picked":["ReplayTheSpireMod:Repulse","Sweeping Beam"],"picked":"Ball Lightning","floor":3.0},{"not_picked":["BasicCrystalCard","Go for the Eyes","ReplayTheSpireMod:Reroute Power"],"picked":"SKIP","floor":5.0},{"not_picked":["Glacier","Redo","StuffTheSpire:Plugnplay"],"picked":"SKIP","floor":5.0},{"not_picked":["Steam","Sweeping Beam","StSpp:MemoryLeak"],"picked":"SKIP","floor":8.0},{"not_picked":["Panic Button","BasicCrystalCard","Barrage"],"picked":"SKIP","floor":11.0},{"not_picked":["Cold Snap","Melter"],"picked":"Creative AI","floor":14.0},{"not_picked":["Electrodynamics","StuffTheSpire:LaunchingStrike"],"picked":"StSpp:Saturation","floor":16.0},{"not_picked":["Leap","BasicCrystalCard"],"picked":"StSpp:TargetLocked+1","floor":18.0},{"not_picked":["Fusion","Steam Power"],"picked":"Static Discharge","floor":18.0},{"not_picked":["Redo","Streamline"],"picked":"StSpp:Channeliser","floor":19.0},{"not_picked":["BootSequence","Leap"],"picked":"StSpp:Igniter+1","floor":19.0},{"not_picked":["Streamline","StuffTheSpire:NuclearReactor"],"picked":"StSpp:Saturation","floor":21.0},{"not_picked":["StuffTheSpire:CleanHardDrive+1","Coolheaded","ReplaySort+1"],"picked":"SKIP","floor":21.0},{"not_picked":["StuffTheSpire:Brawn","StuffTheSpire:Vigor"],"picked":"StuffTheSpire:Rapture","floor":22.0},{"not_picked":["Conserve Battery","Panic Button+1","Barrage"],"picked":"SKIP","floor":24.0},{"not_picked":["Gash","Beam Cell+1"],"picked":"Sunder+1","floor":27.0},{"not_picked":["Leap","Steam","BasicCrystalCard"],"picked":"SKIP","floor":27.0},{"not_picked":["Steam","Turbo+1"],"picked":"Creative AI","floor":30.0},{"not_picked":["ReplayTheSpireMod:GoodbyeWorld","Go for the Eyes+1"],"picked":"Consume","floor":31.0},{"not_picked":["Rebound","Steam","Go for the Eyes"],"picked":"SKIP","floor":31.0},{"not_picked":["ReplayRNGCard","StuffTheSpire:ForEach"],"picked":"Creative AI","floor":33},{"not_picked":["Stack+1","Sweeping Beam","Redo+1"],"picked":"SKIP","floor":35},{"not_picked":["Redo","ReplayTheSpireMod:Repulse+1","BasicCrystalCard+1"],"picked":"SKIP","floor":35},{"not_picked":["Redo","BasicCrystalCard+1"],"picked":"ReplayTheSpireMod:Repulse+1","floor":35},{"not_picked":["Stack+1","Sweeping Beam","Redo+1"],"picked":"SKIP","floor":35},{"not_picked":["StuffTheSpire:Plugnplay","Reinforced Body"],"picked":"Loop","floor":38},{"not_picked":["Melter+1","Redo"],"picked":"Gash+1","floor":38}],"player_experience":1856400,"relics_obtained":[{"floor":8.0,"key":"infinitespire:Midas Blood"},{"floor":9.0,"key":"Replay:Accelerometer"},{"floor":10.0,"key":"ReplayTheSpireMod:Ring of Challenge"},{"floor":10.0,"key":"Ring of Panic"},{"floor":11.0,"key":"reliquary:RoseTintedGlasses"},{"floor":13.0,"key":"Regal Pillow"},{"floor":14.0,"key":"Oddly Smooth Stone"},{"floor":24.0,"key":"reliquary:Knoch"},{"floor":26.0,"key":"Tiny Chest"},{"floor":30.0,"key":"ReplayTheSpireMod:Shallot"},{"floor":37,"key":"infinitespire:Eraser"}],"event_choices":[{"cards_removed":["Leap"],"damage_healed":0.0,"max_hp_gain":0.0,"max_hp_loss":0.0,"gold_gain":0.0,"event_name":"WeMeetAgain","player_choice":"Gave Card","floor":2.0,"gold_loss":0.0,"damage_taken":0.0,"relics_obtained":["Ginger"]},{"damage_healed":0.0,"max_hp_gain":0.0,"max_hp_loss":0.0,"gold_gain":275.0,"event_name":"Golden Shrine","player_choice":"Desecrate","floor":28.0,"gold_loss":0.0,"damage_taken":0.0,"cards_obtained":["Regret"]},{"damage_healed":0,"gold_gain":0,"player_choice":"1 cards matched","damage_taken":0,"max_hp_gain":0,"max_hp_loss":0,"event_name":"Match and Keep!","floor":36,"gold_loss":0,"cards_obtained":["Tempest"]}],"is_beta":false,"boss_relics":[{"not_picked":["Busted Crown","Replay:Bronze Core"],"picked":"Philosopher\u0027s Stone"},{"not_picked":["Abe\u0027s Treasure","Runic Pyramid"],"picked":"ChewingGum"}],"items_purged_floors":[],"is_endless":false,"potions_floor_spawned":[11,14,16,21,24,27,35],"killed_by":"Nightmare","ascension_level":9,"is_humility":true}}