{"host":"pjjzz70vl4t83ifx","time":1614040497,"event":{"mods":["AchievementEnabler","BaseMod","Card Forge","Colored Map","Colored Powertips","Highlight Path","Infinite Spire","Minty Spire (QoL Compilation)","Permanent Neow","Practice Mode","Rare Cards Sparkle","Relic Stats","StSLib","Synergy Search"],"gold_per_floor":[110,110,110,124,136,166,166,166,166,166,183,202,202,233,233,306,306,320,332,34,34,50,50,76,76,76,104,104,104,104,114,114,193,193,211,224,224,224],"floor_reached":37,"language":"ENG","playtime":1262,"items_purged":[],"score":751,"play_id":"4a2a5958-2d96-4fa7-96ee-f73ce62c911a","local_time":"20210222163457","is_ascension_mode":true,"campfire_choices":[{"data":"Inflame","floor":7,"key":"SMITH"},{"floor":13,"key":"REST"},{"data":"infinitespire:Oblivion","floor":15,"key":"SMITH"},{"data":"Demon Form","floor":23,"key":"SMITH"},{"data":"Armaments","floor":25,"key":"SMITH"},{"data":"Pommel Strike","floor":28,"key":"SMITH"},{"data":"Clash","floor":30,"key":"SMITH"},{"data":"Whirlwind","floor":32,"key":"SMITH"}],"circlet_count":0,"master_deck":["AscendersBane","Strike_R+1","Strike_R+1","Strike_R+1","Strike_R+1","Strike_R+1","Defend_R+1","Defend_R+1","Defend_R+1","Defend_R+1","Bash+1","Twin Strike","Decay","Pommel Strike+1","Inflame+1","Clash+1","infinitespire:Oblivion+1","Cleave","Armaments+1","Thunderclap","Demon Form+1","Writhe","Clumsy","Whirlwind+1","Offering","Rupture"],"relics":["Burning Blood","Hammer of Thor","Seething Fire","Anvil of the Gods","Blue Candle","Boot","Singing Bowl","Centennial Puzzle","Cursed Key","Champion Belt","infinitespire:Lucky Rock","Red Skull","Bottled Lightning","Bag of Preparation","Mark of Pain"],"acts_visited":["Exordium","TheCity","TheBeyond"],"potions_floor_usage":[6,24,37,37],"damage_taken":[{"damage":7,"enemies":"Jaw Worm","floor":1,"turns":3},{"damage":6,"enemies":"Cultist","floor":4,"turns":4},{"damage":10,"enemies":"Small Slimes","floor":5,"turns":3},{"damage":30,"enemies":"Lagavulin","floor":6,"turns":7},{"damage":19,"enemies":"3 Louse","floor":11,"turns":3},{"damage":8,"enemies":"Large Slime","floor":12,"turns":4},{"damage":12,"enemies":"3 Sentries","floor":14,"turns":5},{"damage":15,"enemies":"Hexaghost","floor":16,"turns":7},{"damage":8,"enemies":"3 Byrds","floor":18,"turns":3},{"damage":2,"enemies":"Shell Parasite","floor":19,"turns":2},{"damage":3,"enemies":"Sentry and Sphere","floor":22,"turns":3},{"damage":26,"enemies":"Slavers","floor":24,"turns":5},{"damage":3,"enemies":"Gremlin Leader","floor":27,"turns":5},{"damage":1,"enemies":"Snake Plant","floor":31,"turns":2},{"damage":30,"enemies":"Champ","floor":33,"turns":7},{"damage":12,"enemies":"Orb Walker","floor":35,"turns":3},{"damage":35,"enemies":"3 Shapes","floor":36,"turns":5},{"damage":18,"enemies":"infinitespire:Three Voidlings","floor":37,"turns":2},{"damage":52,"enemies":"Nightmare_Alpha","floor":37,"turns":4}],"seed_played":"-382650834383927275","potions_obtained":[{"floor":1,"key":"HeartOfIron"},{"floor":12,"key":"Fire Potion"},{"floor":16,"key":"SkillPotion"},{"floor":19,"key":"BloodPotion"},{"floor":27,"key":"GamblersBrew"},{"floor":36,"key":"infinitespire:BlackPotion"}],"is_trial":false,"path_per_floor":["M","?","?","M","M","E","R","?","T","?","M","M","R","E","R","B",null,"M","M","$","?","M","R","E","R","T","E","R","?","R","M","R","B",null,"M","M","?"],"character_chosen":"IRONCLAD","items_purchased":["Champion Belt"],"campfire_rested":1,"item_purchase_floors":[20],"current_hp_per_floor":[67,72,72,72,68,44,44,23,23,23,10,8,32,28,28,21,68,66,70,70,70,75,75,57,57,57,62,62,62,62,67,67,43,78,72,45,0,0],"gold":224,"neow_bonus":"UPGRADE_CARD","is_daily":false,"chose_seed":false,"campfire_upgraded":7,"win_rate":0.0,"timestamp":1614040497,"path_taken":["M","?","?","?","M","E","R","?","T","?","M","M","R","E","R","BOSS","M","M","$","?","M","R","E","R","T","E","R","?","R","M","R","BOSS","M","M","?"],"items_purchased_type":["Relic"],"build_version":"2020-12-22","purchased_purges":0,"victory":false,"max_hp_per_floor":[75,80,80,80,80,80,80,80,80,80,80,80,80,82,82,84,84,84,84,84,84,86,86,88,88,88,90,90,90,90,90,90,90,90,90,92,92,92],"relic_stats":{"Centennial Puzzle":[36],"Singing Bowl":12,"counters":[19,77],"Blue Candle":[24],"Bag of Preparation":[12],"Champion Belt":[19],"Boot":[5],"Cursed Key":1,"obtain_stats":[{"Singing Bowl":10,"Blue Candle":6,"Hammer of Thor":0,"Bag of Preparation":27,"Seething Fire":0,"infinitespire:Lucky Rock":21,"Boot":9,"Cursed Key":17,"Burning Blood":0,"Centennial Puzzle":14,"Anvil of the Gods":0,"Mark of Pain":34,"Champion Belt":20,"Bottled Lightning":26,"Red Skull":24},{"Singing Bowl":4,"Blue Candle":4,"Hammer of Thor":0,"Bag of Preparation":13,"Seething Fire":0,"infinitespire:Lucky Rock":10,"Boot":4,"Cursed Key":8,"Burning Blood":0,"Centennial Puzzle":7,"Anvil of the Gods":0,"Mark of Pain":15,"Champion Belt":10,"Bottled Lightning":12,"Red Skull":12},{"Singing Bowl":17,"Blue Candle":17,"Hammer of Thor":0,"Bag of Preparation":54,"Seething Fire":0,"infinitespire:Lucky Rock":41,"Boot":17,"Cursed Key":36,"Burning Blood":0,"Centennial Puzzle":29,"Anvil of the Gods":0,"Mark of Pain":63,"Champion Belt":41,"Bottled Lightning":49,"Red Skull":49}],"Burning Blood":108},"card_choices":[{"not_picked":["Warcry","Headbutt"],"picked":"Twin Strike","floor":1},{"not_picked":["Iron Wave","Seeing Red"],"picked":"Pommel Strike","floor":4},{"not_picked":["Disarm","Rupture"],"picked":"Inflame","floor":5},{"not_picked":["Pommel Strike","Burning Pact"],"picked":"Clash","floor":6},{"not_picked":["infinitespire:UltimateForm","infinitespire:Punishment"],"picked":"infinitespire:Oblivion","floor":8},{"not_picked":["Flex","Uppercut"],"picked":"Cleave","floor":11},{"not_picked":["Burning Pact","Dual Wield"],"picked":"Armaments","floor":12},{"not_picked":["Wild Strike","Perfected Strike","Pommel Strike"],"picked":"Singing Bowl","floor":14},{"not_picked":["Impervious","Immolate","Corruption"],"picked":"Singing Bowl","floor":16},{"not_picked":["Anger","Disarm"],"picked":"Thunderclap","floor":18},{"not_picked":["Bloodletting","Clothesline"],"picked":"Demon Form","floor":19},{"not_picked":["Entrench","Intimidate","Shrug It Off+1"],"picked":"Singing Bowl","floor":22},{"not_picked":["Clothesline","Clash","Thunderclap"],"picked":"Singing Bowl","floor":24},{"not_picked":["Warcry","Wild Strike+1","Infernal Blade+1"],"picked":"Singing Bowl","floor":27},{"not_picked":["Cleave+1","Armaments"],"picked":"Whirlwind","floor":31},{"not_picked":["Barricade","Immolate"],"picked":"Offering","floor":33},{"not_picked":["Pommel Strike","Flex"],"picked":"Rupture","floor":35},{"not_picked":["True Grit","Wild Strike+1","Clash"],"picked":"Singing Bowl","floor":36}],"player_experience":263925,"relics_obtained":[{"floor":6,"key":"Blue Candle"},{"floor":9,"key":"Boot"},{"floor":10,"key":"Singing Bowl"},{"floor":14,"key":"Centennial Puzzle"},{"floor":24,"key":"Red Skull"},{"floor":26,"key":"Bottled Lightning"},{"floor":27,"key":"Bag of Preparation"}],"event_choices":[{"damage_healed":0,"gold_gain":0,"player_choice":"Donut","damage_taken":0,"max_hp_gain":5,"max_hp_loss":0,"event_name":"Big Fish","floor":2,"gold_loss":0},{"damage_healed":0,"gold_gain":0,"player_choice":"Cursed","damage_taken":0,"max_hp_gain":0,"max_hp_loss":0,"event_name":"Wheel of Change","floor":3,"gold_loss":0,"cards_obtained":["Decay"]},{"damage_healed":0,"gold_gain":0,"player_choice":"Opened","damage_taken":0,"relics_obtained":["infinitespire:Lucky Rock"],"max_hp_gain":0,"max_hp_loss":0,"event_name":"The Mausoleum","floor":21,"gold_loss":0,"cards_obtained":["Writhe"]},{"damage_healed":0,"gold_gain":0,"player_choice":"Simplicity","damage_taken":0,"max_hp_gain":0,"max_hp_loss":0,"event_name":"Back to Basics","floor":29,"gold_loss":0,"cards_upgraded":["Strike_R","Strike_R","Strike_R","Strike_R","Strike_R","Defend_R","Defend_R","Defend_R","Defend_R"]}],"is_beta":false,"boss_relics":[{"not_picked":["Sozu","infinitespire:Burning Sword"],"picked":"Cursed Key"},{"not_picked":["Tiny House","Pandora\u0027s Box"],"picked":"Mark of Pain"}],"items_purged_floors":[],"is_endless":false,"potions_floor_spawned":[1,12,16,19,27,36,37],"killed_by":"Nightmare_Alpha","ascension_level":14}}