{"host":"yy1cu9q9bsxhflzi","time":1614095619,"event":{"mods":["BaseMod","DeckTracker","Minty Spire (QoL Compilation)","Quick Restart","StSLib","SuperFastMode","everything is the same but u backflip on backflip"],"gold_per_floor":[112,130,142,142,156,189,189,226,226,226,266,266,293,319,319,400,400,425,435,435,461,246,246,255,289,339,361,387,387,424,424,424],"floor_reached":31,"language":"KOR","playtime":685,"items_purged":["Strike_G"],"score":694,"play_id":"373063e2-e8e5-4c77-b802-ed483afaa290","local_time":"20210224005339","is_ascension_mode":true,"campfire_choices":[{"floor":7,"key":"REST"},{"floor":12,"key":"REST"},{"data":"Juggernaut","floor":15,"key":"SMITH"},{"data":"Cloak And Dagger","floor":23,"key":"SMITH"},{"floor":29,"key":"REST"}],"circlet_count":0,"master_deck":["AscendersBane","Strike_G","Strike_G","Defend_G","Defend_G","Survivor","Neutralize","After Image","Juggernaut+1","Finisher","Noxious Fumes","Cloak And Dagger+1","Backflip","Prepared","Expertise","Die Die Die","Outmaneuver+1","Footwork","Outmaneuver","Leg Sweep","Escape Plan+1","Well Laid Plans+1","Infinite Blades+1"],"relics":["Ring of the Snake","Toy Ornithopter","CeramicFish","Smiling Mask","Ornamental Fan","Empty Cage","Lee\u0027s Waffle","White Beast Statue","Anchor","Oddly Smooth Stone"],"acts_visited":["Exordium","TheCity"],"potions_floor_usage":[5,21],"damage_taken":[{"damage":0,"enemies":"Cultist","floor":1,"turns":3},{"damage":5,"enemies":"2 Louse","floor":2,"turns":3},{"damage":4,"enemies":"Jaw Worm","floor":3,"turns":4},{"damage":24,"enemies":"Exordium Thugs","floor":5,"turns":4},{"damage":24,"enemies":"Gremlin Nob","floor":6,"turns":4},{"damage":8,"enemies":"Lagavulin","floor":8,"turns":6},{"damage":37,"enemies":"3 Sentries","floor":11,"turns":7},{"damage":13,"enemies":"Red Slaver","floor":13,"turns":5},{"damage":0,"enemies":"2 Fungi Beasts","floor":14,"turns":3},{"damage":0,"enemies":"The Guardian","floor":16,"turns":6},{"damage":23,"enemies":"Shell Parasite","floor":18,"turns":5},{"damage":18,"enemies":"Chosen","floor":19,"turns":4},{"damage":0,"enemies":"Sentry and Sphere","floor":21,"turns":3},{"damage":31,"enemies":"Gremlin Leader","floor":25,"turns":6},{"damage":24,"enemies":"Snake Plant","floor":27,"turns":5},{"damage":0,"enemies":"Snecko","floor":28,"turns":4},{"damage":35,"enemies":"Slavers","floor":30,"turns":4},{"damage":0,"enemies":"3 Cultists","floor":31,"turns":2}],"seed_played":"-4774917142911865046","potions_obtained":[{"floor":2,"key":"Regen Potion"},{"floor":3,"key":"BlessingOfTheForge"},{"floor":13,"key":"Strength Potion"},{"floor":14,"key":"Energy Potion"},{"floor":27,"key":"Strength Potion"}],"is_trial":true,"path_per_floor":["M","M","M","?","M","E","R","E","T","?","E","R","M","M","R","B",null,"M","M","?","M","$","R","?","E","T","M","M","R","E","M"],"character_chosen":"THE_SILENT","items_purchased":["Lee\u0027s Waffle"],"campfire_rested":3,"item_purchase_floors":[22],"current_hp_per_floor":[59,54,50,50,35,11,30,22,22,44,7,26,13,13,13,13,53,30,12,12,17,73,73,73,42,42,18,18,39,4,4,4],"gold":424,"neow_bonus":"","is_daily":false,"chose_seed":false,"campfire_upgraded":2,"win_rate":0.0,"timestamp":1614095619,"path_taken":["M","M","?","?","M","E","R","E","T","?","E","R","M","?","R","BOSS","M","M","?","M","$","R","?","E","T","M","M","R","E","?"],"items_purchased_type":["Relic"],"build_version":"2020-12-22","purchased_purges":1,"victory":false,"max_hp_per_floor":[66,66,66,66,66,66,66,66,66,66,66,66,66,66,66,66,66,66,66,66,66,73,73,73,73,73,73,73,73,73,73,73],"card_choices":[{"not_picked":["Flying Knee","Underhanded Strike"],"picked":"Finisher","floor":1},{"not_picked":["Dash","Backflip"],"picked":"Noxious Fumes","floor":2},{"not_picked":["Quick Slash","Deadly Poison","Skewer"],"picked":"SKIP","floor":3},{"not_picked":["Deflect","Cloak And Dagger","Poisoned Stab"],"picked":"SKIP","floor":5},{"not_picked":["PiercingWail","Storm of Steel","Deflect"],"picked":"SKIP","floor":6},{"not_picked":["Finisher","Outmaneuver"],"picked":"Cloak And Dagger","floor":8},{"not_picked":["Underhanded Strike","Deflect"],"picked":"Backflip","floor":11},{"not_picked":["Expertise","Flying Knee"],"picked":"Prepared","floor":13},{"not_picked":["PiercingWail","Poisoned Stab"],"picked":"Expertise","floor":14},{"not_picked":["Glass Knife","Malaise"],"picked":"Die Die Die","floor":16},{"not_picked":["Escape Plan","Underhanded Strike"],"picked":"Outmaneuver+1","floor":18},{"not_picked":["Choke","Quick Slash","Underhanded Strike"],"picked":"SKIP","floor":19},{"not_picked":["Concentrate","Outmaneuver+1"],"picked":"Footwork","floor":21},{"not_picked":["Eviscerate","Masterful Stab"],"picked":"Leg Sweep","floor":25},{"not_picked":["Concentrate","Leg Sweep"],"picked":"Escape Plan+1","floor":27},{"not_picked":["Dash","Dodge and Roll"],"picked":"Well Laid Plans+1","floor":28},{"not_picked":["Caltrops","Expertise"],"picked":"Infinite Blades+1","floor":30}],"player_experience":3944487,"relics_obtained":[{"floor":6,"key":"Toy Ornithopter"},{"floor":8,"key":"CeramicFish"},{"floor":9,"key":"Smiling Mask"},{"floor":11,"key":"Ornamental Fan"},{"floor":25,"key":"White Beast Statue"},{"floor":26,"key":"Anchor"},{"floor":30,"key":"Oddly Smooth Stone"}],"event_choices":[{"damage_healed":0,"gold_gain":0,"player_choice":"Leave","damage_taken":0,"max_hp_gain":0,"max_hp_loss":0,"event_name":"The Cleric","floor":4,"gold_loss":0},{"damage_healed":22,"gold_gain":0,"player_choice":"Banana","damage_taken":0,"max_hp_gain":0,"max_hp_loss":0,"event_name":"Big Fish","floor":10,"gold_loss":0},{"damage_healed":0,"gold_gain":0,"player_choice":"Ignored","damage_taken":0,"max_hp_gain":0,"max_hp_loss":0,"event_name":"Cursed Tome","floor":20,"gold_loss":0},{"damage_healed":0,"gold_gain":0,"cards_transformed":["Defend_G"],"player_choice":"Transformed","damage_taken":0,"max_hp_gain":0,"max_hp_loss":0,"event_name":"Transmorgrifier","floor":24,"gold_loss":0,"cards_obtained":["Outmaneuver"]}],"is_beta":false,"boss_relics":[{"not_picked":["WristBlade","Ectoplasm"],"picked":"Empty Cage"}],"items_purged_floors":[22],"is_endless":false,"potions_floor_spawned":[2,3,13,14,19,27,28,30],"killed_by":"3 Cultists","ascension_level":20}}