{"host":"ilhhjx796p2x2wmd","time":1614059449,"event":{"mods":["AchievementEnabler","BaseMod","BetterRewards","Colored Map","Colored Powertips","DeckTracker","Highlight Path","Minty Spire (QoL Compilation)","Permanent Neow","Rare Cards Sparkle","Shop Mod"],"gold_per_floor":[19,38,54,65,75,75,88,115,115,115,141,141,183,212,212,212,212],"floor_reached":16,"language":"KOR","playtime":556,"items_purged":[],"score":257,"play_id":"9c06ebe0-c727-4f50-a0e8-ee574e171a70","local_time":"20210223145049","is_ascension_mode":true,"campfire_choices":[{"data":"Uppercut","floor":6.0,"key":"SMITH"},{"data":"Whirlwind","floor":10.0,"key":"SMITH"},{"data":"Pommel Strike","floor":12.0,"key":"SMITH"},{"data":"Armaments","floor":15,"key":"SMITH"}],"circlet_count":0,"master_deck":["AscendersBane","Strike_R","Strike_R","Strike_R","Strike_R","Strike_R","Defend_R","Defend_R","Defend_R","Defend_R","Bash","Pommel Strike+1","Uppercut+1","Shrug It Off","Shrug It Off","Whirlwind+1","Feed","Flex","Shrug It Off","Armaments+1","Whirlwind"],"relics":["Burning Blood","FossilizedHelix","Prayer Wheel","CeramicFish","Gremlin Horn"],"acts_visited":["Exordium"],"potions_floor_usage":[13],"damage_taken":[{"damage":0.0,"enemies":"2 Louse","floor":1.0,"turns":4.0},{"damage":0.0,"enemies":"Small Slimes","floor":2.0,"turns":3.0},{"damage":0.0,"enemies":"Cultist","floor":3.0,"turns":3.0},{"damage":0.0,"enemies":"Exordium Wildlife","floor":4.0,"turns":3.0},{"damage":1.0,"enemies":"Red Slaver","floor":5.0,"turns":3.0},{"damage":6.0,"enemies":"Lots of Slimes","floor":7.0,"turns":4.0},{"damage":7.0,"enemies":"Lagavulin","floor":8.0,"turns":5.0},{"damage":0.0,"enemies":"Looter","floor":11.0,"turns":3.0},{"damage":10,"enemies":"3 Sentries","floor":13,"turns":5},{"damage":0,"enemies":"Large Slime","floor":14,"turns":7},{"damage":87,"enemies":"Hexaghost","floor":16,"turns":14}],"seed_played":"7508178351181927374","potions_obtained":[{"floor":3.0,"key":"FearPotion"},{"floor":5.0,"key":"AttackPotion"},{"floor":8.0,"key":"SkillPotion"},{"floor":11.0,"key":"ElixirPotion"}],"is_trial":false,"path_per_floor":["M","M","M","M","M","R","M","E","T","R","M","R","E","M","R","B"],"character_chosen":"IRONCLAD","items_purchased":[],"campfire_rested":0,"item_purchase_floors":[],"current_hp_per_floor":[78,80,80,80,80,80,80,79,79,79,80,80,76,80,80,0,0],"gold":212,"neow_bonus":"ONE_RARE_RELIC","is_daily":false,"chose_seed":false,"campfire_upgraded":4,"win_rate":0.0,"timestamp":1614059449,"path_taken":["M","M","M","M","M","R","M","E","T","R","M","R","E","M","R","BOSS"],"items_purchased_type":[],"build_version":"2020-12-22","purchased_purges":0,"victory":false,"max_hp_per_floor":[80,80,80,80,80,80,80,80,80,80,80,80,80,80,80,80,80],"card_choices":[{"not_picked":["Thunderclap","Metallicize"],"picked":"Pommel Strike","floor":1.0},{"not_picked":["Pommel Strike","Twin Strike"],"picked":"Uppercut","floor":2.0},{"not_picked":["Pommel Strike","Ghostly Armor"],"picked":"Shrug It Off","floor":3.0},{"not_picked":["Uppercut","Thunderclap"],"picked":"Shrug It Off","floor":4.0},{"not_picked":["Heavy Blade","Thunderclap"],"picked":"Whirlwind","floor":5.0},{"not_picked":["Armaments","Body Slam"],"picked":"Feed","floor":7.0},{"not_picked":["Twin Strike","Thunderclap"],"picked":"Flex","floor":8.0},{"not_picked":["Body Slam","Warcry"],"picked":"Shrug It Off","floor":11.0},{"not_picked":["Headbutt","Warcry","Thunderclap"],"picked":"SKIP","floor":11.0},{"not_picked":["Warcry","Pummel"],"picked":"Armaments","floor":13},{"not_picked":["Anger","Combust"],"picked":"Whirlwind","floor":14},{"not_picked":["Wild Strike","Uppercut","Juggernaut"],"picked":"SKIP","floor":14}],"player_experience":357778,"relics_obtained":[{"floor":8.0,"key":"Prayer Wheel"},{"floor":9.0,"key":"CeramicFish"},{"floor":13,"key":"Gremlin Horn"}],"event_choices":[],"is_beta":false,"boss_relics":[],"items_purged_floors":[],"is_endless":false,"potions_floor_spawned":[3,5,8,11],"killed_by":"Hexaghost","ascension_level":11}}