{"host":"nnt34ungdh9fkcmy","time":1614054829,"event":{"mods":["BaseMod","Downfall","Minty Spire (QoL Compilation)","StSLib","SuperFastMode"],"gold_per_floor":[115,126,76,88,105,137,137,163,212,241,11,11,30,57,57,158,158,175,194,194,194,206,239,255,81,128,156,156,171,202,220,220,323,323,337,337,349,299,349,382,394,413,413,430,446,446,465,465,477,489,501,513,89,121,121,121],"floor_reached":55,"language":"ENG","playtime":2466,"items_purged":["Strike_B","Strike_B","Defend_B","Dualcast"],"score":1014,"play_id":"e73d7ff0-2d5f-41d7-bda3-98cbb80e723c","local_time":"20210222213349","is_ascension_mode":true,"campfire_choices":[{"data":"Consume","floor":7,"key":"SMITH"},{"data":"Sunder","floor":15,"key":"SMITH"},{"floor":28,"key":"REST"},{"floor":32,"key":"REST"},{"floor":46,"key":"RECALL"},{"data":"Hologram","floor":49,"key":"SMITH"},{"data":"Glacier","floor":52,"key":"SMITH"}],"circlet_count":0,"master_deck":["Defend_B","Defend_B","Defend_B","Zap","Glacier+1","Consume+1","Sunder+1","Gash","Compile Driver","Cold Snap","Electrodynamics","Capacitor","Gash","Writhe","Beam Cell","Defragment+1","Fusion+1","All For One","Coolheaded","Hologram+1","Hologram+1","Coolheaded","Loop","Capacitor","Glacier"],"relics":["Cracked Core","Incense Burner","HornCleat","Bottled Lightning","PreservedInsect","Oddly Smooth Stone","ClockworkSouvenir","Boot","Inserter","Calipers","champ:DuelingGlove","Smiling Mask","Pen Nib","Busted Crown","CaptainsWheel","Matryoshka","Bag of Marbles","Pocketwatch","MawBank","Gambling Chip","DollysMirror","Bronze Scales"],"acts_visited":["Exordium","TheCity","TheBeyond","TheEnding"],"potions_floor_usage":[16,16,22,23,27,35,53,55,55,55],"damage_taken":[{"damage":2,"enemies":"Jaw Worm","floor":1,"turns":3},{"damage":1,"enemies":"2 Louse","floor":2,"turns":8},{"damage":0,"enemies":"Small Slimes","floor":4,"turns":4},{"damage":4,"enemies":"3 Louse","floor":5,"turns":7},{"damage":20,"enemies":"Gremlin Nob","floor":6,"turns":6},{"damage":15,"enemies":"3 Sentries","floor":8,"turns":7},{"damage":0,"enemies":"Gremlin Nob","floor":10,"turns":4},{"damage":0,"enemies":"Gremlin Gang","floor":13,"turns":7},{"damage":1,"enemies":"Lagavulin","floor":14,"turns":7},{"damage":23,"enemies":"The Guardian","floor":16,"turns":17},{"damage":9,"enemies":"Spheric Guardian","floor":18,"turns":5},{"damage":4,"enemies":"2 Thieves","floor":19,"turns":4},{"damage":7,"enemies":"Snake Plant","floor":22,"turns":4},{"damage":10,"enemies":"Book of Stabbing","floor":23,"turns":4},{"damage":6,"enemies":"Shelled Parasite and Fungi","floor":24,"turns":6},{"damage":6,"enemies":"Slavers","floor":27,"turns":3},{"damage":22,"enemies":"3 Cultists","floor":29,"turns":5},{"damage":0,"enemies":"Book of Stabbing","floor":30,"turns":6},{"damage":0,"enemies":"Centurion and Healer","floor":31,"turns":6},{"damage":1,"enemies":"Automaton","floor":33,"turns":11},{"damage":17,"enemies":"3 Shapes","floor":35,"turns":4},{"damage":12,"enemies":"3 Darklings","floor":37,"turns":5},{"damage":0,"enemies":"Mind Bloom Boss Battle","floor":39,"turns":6},{"damage":1,"enemies":"Reptomancer","floor":40,"turns":5},{"damage":0,"enemies":"Sphere and 2 Shapes","floor":41,"turns":7},{"damage":13,"enemies":"Transient","floor":42,"turns":5},{"damage":0,"enemies":"Maw","floor":44,"turns":5},{"damage":0,"enemies":"Spire Growth","floor":45,"turns":4},{"damage":7,"enemies":"Transient","floor":47,"turns":5},{"damage":12,"enemies":"Awakened One","floor":50,"turns":16},{"damage":51,"enemies":"Shield and Spear","floor":54,"turns":7},{"damage":30,"enemies":"The Heart","floor":55,"turns":2}],"seed_played":"2689560389448398030","potions_obtained":[{"floor":2,"key":"SpeedPotion"},{"floor":4,"key":"Swift Potion"},{"floor":6,"key":"EssenceOfDarkness"},{"floor":14,"key":"SpeedPotion"},{"floor":16,"key":"LiquidMemories"},{"floor":22,"key":"SpeedPotion"},{"floor":27,"key":"PotionOfCapacity"},{"floor":30,"key":"CultistPotion"},{"floor":31,"key":"CultistPotion"},{"floor":33,"key":"SkillPotion"},{"floor":37,"key":"Fire Potion"}],"is_trial":false,"path_per_floor":["M","M","?","M","M","E","R","E","T","E","$","?","M","E","R","B",null,"M","M","?","?","M","E","M","$","T","E","R","M","E","M","R","B",null,"M","?","M","$","?","E","M","M","T","M","M","R","M","T","R","B",null,"R","$","E","B"],"character_chosen":"DEFECT","items_purchased":["ClockworkSouvenir","Guardian:BlockOnCardUsePotion","Loop","DollysMirror","Fruit Juice","LiquidBronze"],"campfire_rested":2,"item_purchase_floors":[11,25,53,53,53,53],"current_hp_per_floor":[66,65,65,65,61,41,41,26,26,26,26,26,26,25,25,2,52,43,39,39,39,32,22,16,16,16,10,30,8,8,8,28,27,58,41,78,66,66,66,65,65,52,52,52,52,52,45,45,45,33,67,67,72,21,0,0],"gold":121,"neow_bonus":"ONE_RARE_RELIC","is_daily":false,"chose_seed":false,"campfire_upgraded":4,"win_rate":0.0,"timestamp":1614054829,"path_taken":["M","M","?","M","M","E","R","E","T","E","$","?","M","E","R","BOSS","M","M","?","?","?","E","M","$","T","E","R","M","E","?","R","BOSS","M","?","?","$","?","E","M","M","T","M","M","R","M","?","R","BOSS","R","$","E","BOSS"],"items_purchased_type":["Relic","Potion","Card","Relic","Potion","Potion"],"build_version":"2020-12-22","purchased_purges":4,"victory":false,"max_hp_per_floor":[68,68,68,68,68,68,68,68,68,68,68,68,68,68,68,68,68,68,68,68,68,68,68,68,68,68,68,68,68,68,68,68,68,68,68,78,78,78,78,78,78,78,78,78,78,78,78,78,78,78,78,78,83,83,83,83],"card_choices":[{"not_picked":["Go for the Eyes","Self Repair"],"picked":"Glacier","floor":1},{"not_picked":["Steam","Conserve Battery"],"picked":"Consume","floor":2},{"not_picked":["Fusion","Turbo"],"picked":"Sunder","floor":4},{"not_picked":["Coolheaded","Melter"],"picked":"Gash","floor":5},{"not_picked":["Stack","Tempest"],"picked":"Compile Driver","floor":6},{"not_picked":["Turbo","Meteor Strike"],"picked":"Cold Snap","floor":8},{"not_picked":["Turbo","Cold Snap","Lockon"],"picked":"SKIP","floor":10},{"not_picked":["Sunder","Barrage","Reinforced Body"],"picked":"SKIP","floor":13},{"not_picked":["Reboot","Cold Snap","All For One"],"picked":"SKIP","floor":14},{"not_picked":["Rainbow","Core Surge"],"picked":"Electrodynamics","floor":16},{"not_picked":["Hello World","Barrage"],"picked":"Capacitor","floor":18},{"not_picked":["Leap","Lockon+1"],"picked":"Gash","floor":19},{"not_picked":["Compile Driver","Beam Cell","Rip and Tear+1"],"picked":"SKIP","floor":22},{"not_picked":["Compile Driver","Rip and Tear+1"],"picked":"Beam Cell","floor":22},{"not_picked":["Sunder","Stack+1"],"picked":"Defragment+1","floor":23},{"not_picked":["Rebound","Steam+1"],"picked":"Fusion+1","floor":24},{"not_picked":["Ball Lightning","Beam Cell+1"],"picked":"All For One","floor":27},{"not_picked":["Redo","Rebound+1","Steam"],"picked":"SKIP","floor":29},{"not_picked":["Sunder","Rip and Tear","Undo+1"],"picked":"SKIP","floor":30},{"not_picked":["Rebound+1","Barrage+1"],"picked":"Coolheaded","floor":31},{"not_picked":["Rainbow","Core Surge"],"picked":"Fission","floor":33},{"not_picked":["Steam"],"picked":"SKIP","floor":35},{"not_picked":[],"picked":"Hologram","floor":37},{"not_picked":[],"picked":"Hologram+1","floor":39},{"not_picked":["Hologram"],"picked":"SKIP","floor":40},{"not_picked":["Gash+1"],"picked":"SKIP","floor":41},{"not_picked":["Double Energy"],"picked":"SKIP","floor":42},{"not_picked":[],"picked":"Coolheaded","floor":44},{"not_picked":["Genetic Algorithm"],"picked":"SKIP","floor":45},{"not_picked":["Static Discharge"],"picked":"SKIP","floor":47},{"not_picked":[],"picked":"Glacier","floor":54}],"player_experience":316719,"relics_obtained":[{"floor":6,"key":"HornCleat"},{"floor":8,"key":"Bottled Lightning"},{"floor":9,"key":"PreservedInsect"},{"floor":10,"key":"Oddly Smooth Stone"},{"floor":14,"key":"Boot"},{"floor":23,"key":"champ:DuelingGlove"},{"floor":27,"key":"Smiling Mask"},{"floor":30,"key":"Pen Nib"},{"floor":39,"key":"CaptainsWheel"},{"floor":40,"key":"Matryoshka"},{"floor":43,"key":"Bag of Marbles"},{"floor":43,"key":"Pocketwatch"},{"floor":48,"key":"MawBank"},{"floor":48,"key":"Gambling Chip"},{"floor":54,"key":"Bronze Scales"}],"event_choices":[{"cards_removed":["Strike_B"],"damage_healed":0,"gold_gain":0,"player_choice":"Card Removal","damage_taken":0,"max_hp_gain":0,"max_hp_loss":0,"event_name":"The Cleric","floor":3,"gold_loss":50},{"cards_removed":["Strike_B"],"damage_healed":0,"gold_gain":0,"player_choice":"Forget","damage_taken":0,"max_hp_gain":0,"max_hp_loss":0,"event_name":"Living Wall","floor":12,"gold_loss":0},{"damage_healed":0,"gold_gain":0,"player_choice":"Opened","damage_taken":0,"relics_obtained":["Calipers"],"max_hp_gain":0,"max_hp_loss":0,"event_name":"The Mausoleum","floor":20,"gold_loss":0,"cards_obtained":["Writhe"]},{"damage_healed":0,"gold_gain":0,"player_choice":"0 cards matched","damage_taken":0,"max_hp_gain":0,"max_hp_loss":0,"event_name":"Match and Keep!","floor":21,"gold_loss":0,"cards_obtained":[]},{"cards_removed":["Fission"],"damage_healed":27,"gold_gain":0,"player_choice":"Offered Rare","damage_taken":0,"max_hp_gain":10,"max_hp_loss":0,"event_name":"Bonfire Elementals","floor":36,"gold_loss":0},{"damage_healed":0,"gold_gain":0,"player_choice":"Fight","damage_taken":0,"max_hp_gain":0,"max_hp_loss":0,"event_name":"MindBloom","floor":39,"gold_loss":0}],"is_beta":false,"boss_relics":[{"not_picked":["SacredBark","Empty Cage"],"picked":"Inserter"},{"not_picked":["Velvet Choker","Cursed Key"],"picked":"Busted Crown"}],"items_purged_floors":[11,25,38,53],"is_endless":false,"potions_floor_spawned":[2,4,6,14,16,22,27,30,31,33,37,39,44,45],"killed_by":"The Heart","ascension_level":5}}