{"host":"cjhtzh7tp54jdfyv","time":1614104888,"event":{"mods":["AchievementEnabler","BaseMod","Colored Map","Colored Powertips","Curses Come First","DeckTracker","Filter the Spire","Minty Spire (QoL Compilation)","RNG Fix","Relic Sorter","Relic Stats","StSLib","UnlockEverythingMod","ojb\u0027s Better Paths Mod","ojb\u0027s Info Mod"],"gold_per_floor":[113,123,134,149,166,198,210,252,264,286,298,341,366,390,402,491,503,534,546,274,274,104,139,139,172,198,217,230,247,275,285,285,362,362,382,395,415,1414,1102,1102,1136,1152,1152,1168,610,638,638,665,665,665,665,665,665,215,244,244],"floor_reached":57,"language":"JPN","playtime":4267,"items_purged":["Defend_P","Defend_P","Normality","Normality","Strike_P"],"score":3252,"play_id":"fcbd2e1e-7519-4707-b46b-49d1fa424fe4","local_time":"20210223132808","is_ascension_mode":true,"campfire_choices":[{"floor":7.0,"key":"REST"},{"floor":11.0,"key":"REST"},{"floor":15.0,"key":"REST"},{"floor":24.0,"key":"REST"},{"floor":32,"key":"REST"},{"floor":40,"key":"RECALL"},{"data":"Defend_P","floor":49,"key":"PURGE"},{"data":"Defend_P+1","floor":53,"key":"PURGE"}],"circlet_count":0,"master_deck":["AscendersBane","Strike_P+1","Strike_P+1","Strike_P","Eruption","Vigilance+1","FollowUp+1","FlurryOfBlows+1","Adaptation+1","BowlingBash","CrushJoints+1","EmptyBody+1","Blasphemy+1","Scrawl+1","Consecrate","Violence","TalkToTheHand","Apotheosis","FlurryOfBlows","LessonLearned","Tantrum+1","CutThroughFate+1","FearNoEvil","WaveOfTheHand+1","DeusExMachina","ClearTheMind+1","Vengeance+1","Adaptation+1","Sanctity","FearNoEvil","JustLucky+1","Ragnarok+1","CrushJoints","Violence","Halt","EmptyMind","Dark Shackles","Finesse+1","Flash of Steel","DeceiveReality","TalkToTheHand","Halt","Apotheosis"],"relics":["Fusion Hammer","Happy Flower","MawBank","Yang","Du-Vu Doll","Bag of Marbles","SlaversCollar","Membership Card","Bag of Preparation","Shuriken","Damaru","VioletLotus","Pear","Peace Pipe","Ornamental Fan","Lantern","Akabeko","Ancient Tea Set","Pantograph","Vajra","Letter Opener"],"acts_visited":["Exordium","TheCity","TheBeyond","TheEnding"],"potions_floor_usage":[44],"damage_taken":[{"damage":4.0,"enemies":"Jaw Worm","floor":1.0,"turns":5.0},{"damage":0.0,"enemies":"Small Slimes","floor":2.0,"turns":2.0},{"damage":0.0,"enemies":"Cultist","floor":3.0,"turns":3.0},{"damage":0.0,"enemies":"Lots of Slimes","floor":4.0,"turns":1.0},{"damage":0.0,"enemies":"2 Fungi Beasts","floor":5.0,"turns":4.0},{"damage":16.0,"enemies":"Gremlin Nob","floor":6.0,"turns":3.0},{"damage":25.0,"enemies":"3 Sentries","floor":8.0,"turns":8.0},{"damage":0.0,"enemies":"Exordium Thugs","floor":10.0,"turns":3.0},{"damage":23.0,"enemies":"Lagavulin","floor":12.0,"turns":8.0},{"damage":5.0,"enemies":"Blue Slaver","floor":13.0,"turns":2.0},{"damage":0.0,"enemies":"Exordium Wildlife","floor":14.0,"turns":2.0},{"damage":32.0,"enemies":"The Guardian","floor":16.0,"turns":10.0},{"damage":13.0,"enemies":"2 Thieves","floor":18.0,"turns":2.0},{"damage":0.0,"enemies":"Gremlin Leader","floor":23.0,"turns":1.0},{"damage":0.0,"enemies":"Slavers","floor":25.0,"turns":2.0},{"damage":27.0,"enemies":"Chosen","floor":27.0,"turns":5.0},{"damage":0,"enemies":"Centurion and Healer","floor":28,"turns":3},{"damage":0,"enemies":"Snake Plant","floor":29,"turns":2},{"damage":0,"enemies":"Gremlin Leader","floor":30,"turns":2},{"damage":6,"enemies":"Snecko","floor":31,"turns":3},{"damage":0,"enemies":"Champ","floor":33,"turns":4},{"damage":0,"enemies":"3 Darklings","floor":35,"turns":4},{"damage":11,"enemies":"Orb Walker","floor":36,"turns":3},{"damage":0,"enemies":"Maw","floor":37,"turns":6},{"damage":3,"enemies":"Giant Head","floor":41,"turns":4},{"damage":0,"enemies":"Jaw Worm Horde","floor":42,"turns":1},{"damage":0,"enemies":"Spire Growth","floor":44,"turns":2},{"damage":4,"enemies":"Nemesis","floor":46,"turns":6},{"damage":0,"enemies":"Reptomancer","floor":48,"turns":4},{"damage":6,"enemies":"Awakened One","floor":50,"turns":5},{"damage":21,"enemies":"Time Eater","floor":51,"turns":5},{"damage":0,"enemies":"Shield and Spear","floor":55,"turns":2},{"damage":9,"enemies":"The Heart","floor":56,"turns":5}],"seed_played":"5616948508588517612","potions_obtained":[{"floor":1.0,"key":"Explosive Potion"},{"floor":3.0,"key":"Swift Potion"},{"floor":4.0,"key":"BlessingOfTheForge"},{"floor":6.0,"key":"FearPotion"},{"floor":10.0,"key":"Swift Potion"},{"floor":13.0,"key":"BlessingOfTheForge"},{"floor":18.0,"key":"AttackPotion"},{"floor":27.0,"key":"ColorlessPotion"},{"floor":31,"key":"Regen Potion"},{"floor":36,"key":"LiquidMemories"}],"is_trial":false,"path_per_floor":["M","M","M","M","M","E","R","E","T","M","R","E","M","M","R","B",null,"M","?","$","?","$","E","R","E","T","M","M","M","E","M","R","B",null,"M","M","M","?","$","R","E","M","T","M","$","E","?","E","R","B","B",null,"R","$","E","B",null],"character_chosen":"WATCHER","items_purchased":["Membership Card","Violence","Apotheosis","FlurryOfBlows","Adaptation","Sanctity","Pear","Strength Potion","LiquidMemories","Ornamental Fan","Lantern","Ragnarok","CrushJoints","Violence","Halt","Pantograph","TalkToTheHand","Vajra","Halt","Apotheosis"],"campfire_rested":5,"item_purchase_floors":[20,20,22,22,39,39,39,39,45,45,45,45,45,45,45,54,54,54,54,54],"current_hp_per_floor":[57,57,57,57,57,41,61,36,36,36,56,33,28,28,48,16,55,42,42,42,42,42,42,62,62,62,35,35,35,35,29,49,49,63,63,52,52,52,62,62,59,59,59,59,59,55,45,45,45,39,18,63,63,63,63,69],"gold":244,"neow_bonus":"BOSS_RELIC","is_daily":false,"chose_seed":false,"campfire_upgraded":0,"win_rate":0.0,"timestamp":1614104888,"path_taken":["M","M","M","M","M","E","R","E","T","M","R","E","M","M","R","BOSS","M","?","$","?","$","E","R","E","T","M","?","M","E","M","R","BOSS","M","M","M","?","$","R","E","M","T","M","$","E","?","E","R","BOSS","BOSS","R","$","E","BOSS"],"items_purchased_type":["Relic","Card","Card","Card","Card","Card","Relic","Potion","Potion","Relic","Relic","Card","Card","Card","Card","Relic","Card","Relic","Card","Card"],"build_version":"2020-12-22","purchased_purges":5,"victory":true,"max_hp_per_floor":[68,68,68,68,68,68,68,68,68,68,68,68,68,68,68,68,68,68,68,68,68,68,68,68,68,68,68,68,68,68,68,68,68,68,68,68,68,68,78,78,78,78,78,78,78,78,78,78,78,78,78,78,78,78,78,78],"relic_stats":{"Peace Pipe":2,"Happy Flower":[22],"counters":[33,122],"Shuriken":[68],"Ornamental Fan":[120],"Pantograph":15,"Yang":[348],"VioletLotus":[21],"Bag of Preparation":[38],"Letter Opener":[20],"MawBank":168,"obtain_stats":[{"Lantern":45,"Pear":39,"Happy Flower":26,"Damaru":30,"Vajra":54,"Yang":8,"Bag of Preparation":23,"Letter Opener":55,"MawBank":6,"Ancient Tea Set":48,"Akabeko":46,"Du-Vu Doll":9,"Peace Pipe":41,"SlaversCollar":17,"Shuriken":25,"Ornamental Fan":45,"Pantograph":54,"Fusion Hammer":0,"VioletLotus":34,"Bag of Marbles":12,"Membership Card":20,"PureWater":0},{"Lantern":27,"Pear":24,"Happy Flower":15,"Damaru":19,"Vajra":31,"Yang":7,"Bag of Preparation":14,"Letter Opener":32,"MawBank":6,"Ancient Tea Set":29,"Akabeko":28,"Du-Vu Doll":7,"Peace Pipe":25,"SlaversCollar":12,"Shuriken":15,"Ornamental Fan":27,"Pantograph":31,"Fusion Hammer":0,"VioletLotus":21,"Bag of Marbles":9,"Membership Card":13,"PureWater":0},{"Lantern":95,"Pear":88,"Happy Flower":56,"Damaru":68,"Vajra":115,"Yang":26,"Bag of Preparation":54,"Letter Opener":117,"MawBank":18,"Ancient Tea Set":105,"Akabeko":101,"Du-Vu Doll":26,"Peace Pipe":92,"SlaversCollar":51,"Shuriken":56,"Ornamental Fan":95,"Pantograph":115,"Fusion Hammer":0,"VioletLotus":75,"Bag of Marbles":37,"Membership Card":53,"PureWater":0}]},"card_choices":[{"not_picked":["WreathOfFlame","EmptyBody"],"picked":"FollowUp","floor":1.0},{"not_picked":["Wireheading","Protect","Nirvana"],"picked":"SKIP","floor":2.0},{"not_picked":["ClearTheMind","FollowUp"],"picked":"FlurryOfBlows","floor":3.0},{"not_picked":["Halt","Devotion","SandsOfTime"],"picked":"SKIP","floor":4.0},{"not_picked":["Study","SashWhip"],"picked":"Adaptation","floor":5.0},{"not_picked":["SashWhip","JustLucky"],"picked":"BowlingBash","floor":6.0},{"not_picked":["BowlingBash","Crescendo"],"picked":"CrushJoints","floor":8.0},{"not_picked":["Protect","Halt"],"picked":"EmptyBody","floor":10.0},{"not_picked":["WindmillStrike","Indignation","EmptyFist"],"picked":"SKIP","floor":12.0},{"not_picked":["WaveOfTheHand","WindmillStrike"],"picked":"Blasphemy","floor":13.0},{"not_picked":["BowlingBash","Crescendo","Evaluate"],"picked":"SKIP","floor":14.0},{"not_picked":["SpiritShield","Alpha"],"picked":"Scrawl","floor":16.0},{"not_picked":["BattleHymn","Fasting2"],"picked":"Consecrate","floor":18.0},{"not_picked":["Wallop","Prostrate","FollowUp"],"picked":"SKIP","floor":23.0},{"not_picked":["SandsOfTime","CarveReality"],"picked":"LessonLearned","floor":25.0},{"not_picked":["Sanctity","Wallop"],"picked":"Tantrum","floor":27.0},{"not_picked":["JustLucky","ReachHeaven"],"picked":"CutThroughFate+1","floor":28},{"not_picked":["ClearTheMind","ThirdEye","Evaluate"],"picked":"SKIP","floor":29},{"not_picked":["MasterReality","EmptyMind"],"picked":"FearNoEvil","floor":30},{"not_picked":["Prostrate+1","Crescendo"],"picked":"WaveOfTheHand","floor":31},{"not_picked":["SpiritShield","Judgement"],"picked":"DeusExMachina","floor":33},{"not_picked":["Consecrate","Indignation"],"picked":"ClearTheMind+1","floor":35},{"not_picked":["CutThroughFate","EmptyBody+1"],"picked":"Vengeance+1","floor":36},{"not_picked":["Swivel","Fasting2","Collect"],"picked":"SKIP","floor":37},{"not_picked":["ReachHeaven","FollowUp"],"picked":"FearNoEvil","floor":41},{"not_picked":["FollowUp","EmptyBody+1"],"picked":"JustLucky+1","floor":42},{"not_picked":["Alpha","FlurryOfBlows","BowlingBash+1"],"picked":"SKIP","floor":44},{"not_picked":["PathToVictory","EmptyFist"],"picked":"EmptyMind","floor":46},{"not_picked":["Enlightenment","Jack Of All Trades"],"picked":"Dark Shackles","floor":47},{"not_picked":["HandOfGreed","Forethought"],"picked":"Finesse","floor":47},{"not_picked":["PanicButton","Good Instincts"],"picked":"Flash of Steel","floor":47},{"not_picked":["Consecrate+1","BowlingBash"],"picked":"DeceiveReality","floor":48},{"not_picked":["ClearTheMind","Vengeance","ConjureBlade"],"picked":"SKIP","floor":55}],"player_experience":5157771,"relics_obtained":[{"floor":6.0,"key":"MawBank"},{"floor":8.0,"key":"Yang"},{"floor":9.0,"key":"Du-Vu Doll"},{"floor":12.0,"key":"Bag of Marbles"},{"floor":23.0,"key":"Bag of Preparation"},{"floor":25.0,"key":"Shuriken"},{"floor":26.0,"key":"Happy Flower"},{"floor":30,"key":"Damaru"},{"floor":41,"key":"Peace Pipe"},{"floor":46,"key":"Akabeko"},{"floor":48,"key":"Ancient Tea Set"},{"floor":55,"key":"Letter Opener"}],"event_choices":[{"damage_healed":0.0,"max_hp_gain":0.0,"max_hp_loss":0.0,"gold_gain":0.0,"event_name":"Upgrade Shrine","player_choice":"Upgraded","floor":19.0,"gold_loss":0.0,"damage_taken":0.0,"cards_upgraded":["Blasphemy"]},{"damage_healed":0.0,"max_hp_gain":0.0,"max_hp_loss":0.0,"gold_gain":0.0,"event_name":"The Library","player_choice":"Read","floor":21.0,"gold_loss":0.0,"damage_taken":0.0,"cards_obtained":["TalkToTheHand"]},{"damage_healed":0,"gold_gain":999,"player_choice":"Gold","damage_taken":0,"max_hp_gain":0,"max_hp_loss":0,"event_name":"MindBloom","floor":38,"gold_loss":0,"cards_obtained":["Normality","Normality"]},{"damage_healed":0,"gold_gain":0,"player_choice":"Memory 3","damage_taken":10,"max_hp_gain":0,"max_hp_loss":0,"event_name":"SensoryStone","floor":47,"gold_loss":0}],"is_beta":false,"boss_relics":[{"not_picked":["Pandora\u0027s Box","Coffee Dripper"],"picked":"SlaversCollar"},{"not_picked":["Snecko Eye","Velvet Choker"],"picked":"VioletLotus"}],"items_purged_floors":[20,22,39,45,54],"is_endless":false,"potions_floor_spawned":[1,3,4,6,10,13,18,27,31,33,36,41,42,46,55],"ascension_level":20}}