{"host":"nia1zwr35jsu5y7h","time":1614049946,"event":{"mods":["2.2 Compatiblity","Abigail Mod","Bard","BaseMod","Colored Map","Conspire","Downfall","Friendly Minions","Hermit","Highlight Path","Hubris","Infinite Spire","Kiyohime????","Koishi","Marisa????????","Minty Spire (QoL Compilation)","Quick Restart","Replay The Spire","Shade Mod","Shop Mod","StSLib","The Animator","The Construct","The Cursed","The Disciple","The Mystic","The Necromancer","The Servant 0.9.4"],"gold_per_floor":[99,99,99,99,99,99,99,8,27,27,38,68,68,87,99,195,195,195,210,220,220,230,246,246,262,262,297,297,207,241,260,278,278,278,278],"floor_reached":33,"language":"ENG","playtime":1622,"items_purged":["champ:Defend"],"score":287,"play_id":"4e142cbe-ee6f-4b73-9f25-9895de010421","local_time":"20210222191226","is_ascension_mode":false,"campfire_choices":[{"data":"champ:Taunt","floor":1.0,"key":"SMITH"},{"data":"champ:SkillfulDodge","floor":13.0,"key":"SMITH"},{"data":"champ:HoldFirm","floor":18.0,"key":"SMITH"}],"circlet_count":0,"master_deck":["champ:Strike","champ:Strike","champ:Strike","champ:Defend","champ:Defend","champ:Defend","champ:Execute","champ:Taunt+1","champ:Lariat","champ:Duel","champ:FlashCut","animator:Aqua","champ:SkillfulDodge+1","champ:PreemptiveStrike","champ:SetATrap","champ:ShieldWall","champ:HoldFirm+1","AbeCurse","champ:CalledShot+1","champ:SteelEdge","champ:ShieldSlam+1","champ:IronFortress+1","Replay:Fractal Strike+1","champ:Parry","champ:GladiatorForm"],"relics":["champ:ChampionCrown","downfall:HeartsMalice","Bottled Flame","infinitespire:FocusingShard","Blue Doll","Abe\u0027s Treasure","Centennial Puzzle","Art of War","Dream Catcher"],"acts_visited":["Exordium","TheCity"],"potions_floor_usage":[33],"damage_taken":[{"damage":0.0,"enemies":"Cultist","floor":2.0,"turns":1.0},{"damage":0.0,"enemies":"2 Louse","floor":3.0,"turns":1.0},{"damage":0.0,"enemies":"Jaw Worm","floor":5.0,"turns":1.0},{"damage":10.0,"enemies":"downfall:FleeingMerchant","floor":8.0,"turns":4.0},{"damage":3.0,"enemies":"Large Slime","floor":9.0,"turns":3.0},{"damage":3.0,"enemies":"Red Slaver","floor":11.0,"turns":3.0},{"damage":37.0,"enemies":"3 Sentries","floor":12.0,"turns":8.0},{"damage":10.0,"enemies":"downfall:LooterAlt","floor":14.0,"turns":2.0},{"damage":25.0,"enemies":"Large Slime","floor":15.0,"turns":5.0},{"damage":26.0,"enemies":"WA_ARCHETYPE_RETAIN","floor":16.0,"turns":7.0},{"damage":0.0,"enemies":"3 Byrds","floor":19.0,"turns":4.0},{"damage":34.0,"enemies":"conspire:FuzzyDice","floor":20.0,"turns":6.0},{"damage":2.0,"enemies":"Snake Plant","floor":22.0,"turns":4.0},{"damage":20.0,"enemies":"Snecko","floor":23.0,"turns":5.0},{"damage":6.0,"enemies":"3 Cultists","floor":25.0,"turns":6.0},{"damage":33,"enemies":"Nightmare","floor":27,"turns":8},{"damage":0,"enemies":"downfall:FleeingMerchant","floor":29,"turns":4},{"damage":40,"enemies":"Gremlin Leader","floor":30,"turns":8},{"damage":22,"enemies":"Cultist and Chosen","floor":31,"turns":6},{"damage":10,"enemies":"Snake Plant","floor":32,"turns":5},{"damage":54,"enemies":"IC_MUSHROOM_ARCHETYPE","floor":33,"turns":8}],"seed_played":"-2474453900323815587","potions_obtained":[{"floor":9.0,"key":"SpeedPotion"},{"floor":14.0,"key":"Venom Potion"},{"floor":15.0,"key":"Dexterity Potion"},{"floor":16.0,"key":"Regen Potion"}],"is_trial":false,"path_per_floor":["R","M","M","?","M","?","T","$","M","T","M","E","R","M","M","B",null,"R","M","M","?","M","M","T","M","?","NM","?","$","E","M","M","B"],"character_chosen":"THE_CHAMP","items_purchased":["champ:PreemptiveStrike"],"campfire_rested":0,"item_purchase_floors":[8],"current_hp_per_floor":[90,90,90,95,95,95,95,95,94,94,91,76,76,68,70,56,95,95,95,86,77,77,79,79,75,75,64,64,67,49,49,51,0,0,0],"gold":278,"neow_bonus":"THREE_ENEMY_KILL","is_daily":false,"chose_seed":false,"campfire_upgraded":3,"win_rate":0.0,"timestamp":1614049946,"path_taken":["R","M","M","?","M","?","T","$","?","?","M","E","R","M","M","BOSS","R","M","M","?","?","M","T","M","?","NM","?","$","E","M","M","BOSS"],"items_purchased_type":["Card"],"build_version":"2020-12-22","purchased_purges":1,"victory":false,"max_hp_per_floor":[90,90,90,95,95,95,95,95,95,95,95,95,95,95,95,95,95,95,95,95,95,95,95,95,95,95,95,95,95,95,95,95,95,95,95],"card_choices":[{"not_picked":["champ:StanceDance","champ:GutPunch"],"picked":"champ:Lariat","floor":2.0},{"not_picked":["champ:Circumvent","champ:RapidStrikes"],"picked":"champ:Duel","floor":3.0},{"not_picked":["champ:AdrenalArmor","champ:RecklessLeap"],"picked":"champ:FlashCut","floor":5.0},{"not_picked":["champ:Backstep","champ:StanceDance"],"picked":"champ:SkillfulDodge","floor":8.0},{"not_picked":["champ:Endure","champ:Encircle","champ:AdrenalArmor"],"picked":"SKIP","floor":9.0},{"not_picked":["champ:CrownThrow","champ:Haymaker","champ:Endure"],"picked":"SKIP","floor":11.0},{"not_picked":["champ:EndlessRage","champ:GladiatorStyle"],"picked":"champ:SetATrap","floor":12.0},{"not_picked":["champ:Backstep","champ:FanOfKnives","champ:StanceDance"],"picked":"SKIP","floor":14.0},{"not_picked":["champ:DefensiveShout","champ:PerfectedStrike"],"picked":"champ:ShieldWall","floor":15.0},{"not_picked":["champ:UltimateStance","champ:VampiricStrike"],"picked":"champ:HoldFirm","floor":16.0},{"not_picked":["champ:Circumvent","champ:DeathBlow"],"picked":"champ:CalledShot+1","floor":19.0},{"not_picked":["champ:HeartStrike","champ:BerserkersShout","champ:Endure"],"picked":"SKIP","floor":20.0},{"not_picked":["champ:Shatter","champ:HeartStrike","champ:Haymaker"],"picked":"SKIP","floor":22.0},{"not_picked":["champ:FlashCut","champ:GladiatorStyle"],"picked":"champ:SteelEdge","floor":23.0},{"not_picked":["champ:GutPunch","champ:BladeFlurry"],"picked":"champ:ShieldSlam+1","floor":25.0},{"not_picked":["champ:FalseCounter","champ:Shatter+1"],"picked":"champ:IronFortress+1","floor":27},{"not_picked":["ReplayTheSpireMod:Chaos Vortex","infinitespire:FutureSight"],"picked":"Replay:Fractal Strike","floor":27},{"not_picked":["champ:BerserkersShout","champ:BladeFlurry"],"picked":"champ:Parry","floor":29},{"not_picked":["champ:ShieldSlam","champ:Shatter","champ:TornadoPunch"],"picked":"SKIP","floor":30},{"not_picked":["champ:Circumvent+1","champ:Shatter"],"picked":"champ:GladiatorForm","floor":31},{"not_picked":["champ:StanceDance","champ:RecklessLeap","champ:DefensiveShout+1"],"picked":"SKIP","floor":32}],"player_experience":2215291,"relics_obtained":[{"floor":7.0,"key":"Bottled Flame"},{"floor":10.0,"key":"infinitespire:FocusingShard"},{"floor":12.0,"key":"Blue Doll"},{"floor":24.0,"key":"Centennial Puzzle"},{"floor":27,"key":"Art of War"},{"floor":30,"key":"Dream Catcher"}],"event_choices":[{"damage_healed":0.0,"max_hp_gain":5.0,"max_hp_loss":0.0,"gold_gain":0.0,"event_name":"Big Fish","player_choice":"Donut","floor":4.0,"gold_loss":0.0,"damage_taken":0.0},{"cards_removed":["champ:Strike"],"damage_healed":0.0,"max_hp_gain":0.0,"max_hp_loss":0.0,"gold_gain":0.0,"event_name":"NoteForYourself","player_choice":"Took Card","floor":6.0,"gold_loss":0.0,"damage_taken":0.0,"cards_obtained":["animator:Aqua"]},{"damage_healed":0.0,"max_hp_gain":0.0,"max_hp_loss":0.0,"gold_gain":0.0,"event_name":"Wheel of Change","player_choice":"Damaged","floor":21.0,"gold_loss":0.0,"damage_taken":9.0}],"is_beta":false,"boss_relics":[{"not_picked":["Black Star","hubris:ScarierMask"],"picked":"Abe\u0027s Treasure"}],"items_purged_floors":[29],"is_endless":false,"potions_floor_spawned":[9,14,15,16,20,22,27,31],"killed_by":"IC_MUSHROOM_ARCHETYPE","ascension_level":0}}