{"host":"euxksmtrtvfcjuzd","time":1614081115,"event":{"mods":["ATMod(°¢èªMod)","Aspiration","BaseMod","Jedi Mod","Minty Spire (QoL Compilation)","Reliquary","Replay The Spire","Shop Mod","StSLib","TestMod","UnlockEverythingMod","Waifu the Spire","¡¾ÒÅÎï¿¨ÅÆ¡¿REMEMod"],"gold_per_floor":[116,136,341,360,360,360,360,360,387,387,398,427,442,462,462,462,462],"floor_reached":16,"language":"ZHS","playtime":536,"items_purged":[],"score":107,"play_id":"d31acede-d47c-4bbc-9502-f8dc83ca7358","local_time":"20210223195155","is_ascension_mode":true,"campfire_choices":[{"data":"Perfected Strike","floor":6,"key":"SMITH"},{"data":"AT_DrawKnifeCut","floor":8,"key":"SMITH"},{"data":"Flex","floor":15,"key":"SMITH"}],"circlet_count":0,"master_deck":["Strike_R","Strike_R","Strike_R","Strike_R","Defend_R","Defend_R","Defend_R","Defend_R","Bash","AT_DrawKnifeCut+1","Flash of Steel","Flex+1","Perfected Strike+1","Injury","ReplayTheSpireMod:LeadingStrike+1","Pommel Strike+1","ReplayTheSpireMod:LeadingStrike+1","Offering"],"relics":["testmod-TestBox","AT_ATBox","REME_ComplimentaryCards","testmod-TimeTraveler","testmod-NegativeEmotionEnhancer","Molten Egg 2","AT_ImmortalShieldbow"],"acts_visited":["Exordium"],"potions_floor_usage":[1,16,16],"damage_taken":[{"damage":0,"enemies":"Cultist","floor":1,"turns":2},{"damage":1,"enemies":"2 Louse","floor":2,"turns":2},{"damage":8,"enemies":"Jaw Worm","floor":4,"turns":2},{"damage":0,"enemies":"Large Slime","floor":11,"turns":4},{"damage":17,"enemies":"3 Sentries","floor":12,"turns":6},{"damage":0,"enemies":"2 Fungi Beasts","floor":13,"turns":2},{"damage":0,"enemies":"3 Louse","floor":14,"turns":1},{"damage":83,"enemies":"The Guardian","floor":16,"turns":7}],"seed_played":"8092907469029908354","potions_obtained":[{"floor":1,"key":"jedi:mysterypotion"},{"floor":2,"key":"PowerPotion"},{"floor":11,"key":"SkillPotion"},{"floor":14,"key":"SpeedPotion"}],"is_trial":false,"path_per_floor":["M","M","?","M","?","R","?","R","T","?","M","E","M","M","R","B"],"character_chosen":"IRONCLAD","items_purchased":[],"campfire_rested":0,"item_purchase_floors":[],"current_hp_per_floor":[81,82,82,76,76,76,68,68,68,68,71,58,61,65,65,0,0],"gold":462,"neow_bonus":"BOSS_RELIC","is_daily":false,"chose_seed":false,"campfire_upgraded":3,"win_rate":0.0,"timestamp":1614081115,"path_taken":["M","?","?","M","?","R","?","R","T","?","M","E","M","?","R","BOSS"],"items_purchased_type":[],"build_version":"2020-12-22","purchased_purges":0,"victory":false,"max_hp_per_floor":[81,82,82,83,83,83,83,83,83,83,84,85,86,87,87,87,87],"card_choices":[{"not_picked":["Clothesline","True Grit","Second Wind"],"picked":"SKIP","floor":1},{"not_picked":["Headbutt","Shockwave"],"picked":"Flex","floor":2},{"not_picked":["Wild Strike","Havoc"],"picked":"Perfected Strike","floor":3},{"not_picked":["Metallicize","Sword Boomerang","Clothesline"],"picked":"SKIP","floor":4},{"not_picked":["Dual Wield","Bloodletting"],"picked":"ReplayTheSpireMod:LeadingStrike+1","floor":11},{"not_picked":["Flex","Thunderclap+1"],"picked":"Pommel Strike+1","floor":12},{"not_picked":["AT_IchimonjiDouble+1","ReplayTheSpireMod:Strike From Hell+1"],"picked":"ReplayTheSpireMod:LeadingStrike+1","floor":13},{"not_picked":["jedi:fear","Burning Pact"],"picked":"Offering","floor":14}],"player_experience":38527,"relics_obtained":[{"floor":12,"key":"AT_ImmortalShieldbow"}],"event_choices":[{"damage_healed":0,"gold_gain":0,"player_choice":"Ignored","damage_taken":8,"max_hp_gain":0,"max_hp_loss":0,"event_name":"¶÷ÂåË¹µÄÅÌ×Ó","floor":7,"gold_loss":0}],"is_beta":false,"boss_relics":[],"items_purged_floors":[],"is_endless":false,"potions_floor_spawned":[1,2,11,14],"killed_by":"The Guardian","ascension_level":1}}