{"host":"v4pe0ixo3k7iwzp0","time":1614073246,"event":{"mods":["BaseMod","Bestiary","Highlight Path","Minty Spire (QoL Compilation)","Railgun Mod","StSLib","The Senshi"],"gold_per_floor":[119,119,130,140,153,165,165,18,67,79,106,106,122,147,147,247,297,309,77,77,97,109,109,127,141,141,141,156,156,166,183,183,183,183],"floor_reached":33,"language":"ENG","playtime":1773,"items_purged":["Strike_R"],"score":290,"play_id":"cf51fecf-fce0-43a2-8c36-0038506b640b","local_time":"20210223014046","is_ascension_mode":false,"campfire_choices":[{"floor":12.0,"key":"REST"},{"floor":15.0,"key":"REST"},{"floor":23.0,"key":"REST"},{"data":"Hemokinesis","floor":29.0,"key":"SMITH"},{"floor":32.0,"key":"REST"}],"circlet_count":0,"master_deck":["Strike_R","Strike_R","Strike_R","Strike_R","Defend_R","Defend_R","Defend_R","Defend_R","Bash+1","Combust","Hemokinesis+1","Reaper","Pummel","Seeing Red+1","Blood for Blood","Anger","Demon Form","Metallicize","Clash+1","Rupture"],"relics":["Burning Blood","Lantern","Pear","Tiny House","Pen Nib","Bottled Lightning"],"acts_visited":["Exordium","TheCity"],"potions_floor_usage":[33],"damage_taken":[{"damage":11.0,"enemies":"2 Louse","floor":1.0,"turns":3.0},{"damage":10.0,"enemies":"Cultist","floor":3.0,"turns":4.0},{"damage":3.0,"enemies":"Small Slimes","floor":4.0,"turns":4.0},{"damage":4.0,"enemies":"Looter","floor":5.0,"turns":2.0},{"damage":23.0,"enemies":"Lots of Slimes","floor":6.0,"turns":4.0},{"damage":17.0,"enemies":"2 Fungi Beasts","floor":10.0,"turns":3.0},{"damage":29.0,"enemies":"Lagavulin","floor":11.0,"turns":5.0},{"damage":11.0,"enemies":"Blue Slaver","floor":13.0,"turns":2.0},{"damage":38.0,"enemies":"3 Sentries","floor":14.0,"turns":6.0},{"damage":46.0,"enemies":"Slime Boss","floor":16.0,"turns":10.0},{"damage":11.0,"enemies":"Spheric Guardian","floor":18.0,"turns":3.0},{"damage":10.0,"enemies":"Chosen","floor":21.0,"turns":5.0},{"damage":53.0,"enemies":"Shelled Parasite and Fungi","floor":22.0,"turns":4.0},{"damage":7.0,"enemies":"Snecko","floor":24.0,"turns":3.0},{"damage":25.0,"enemies":"Centurion and Healer","floor":25.0,"turns":4.0},{"damage":34.0,"enemies":"Snake Plant","floor":28.0,"turns":4.0},{"damage":31.0,"enemies":"Cultist and Chosen","floor":30.0,"turns":5.0},{"damage":65.0,"enemies":"3 Cultists","floor":31.0,"turns":6.0},{"damage":82,"enemies":"Collector","floor":33,"turns":6}],"seed_played":"-5389796725320376915","potions_obtained":[{"floor":3.0,"key":"HeartOfIron"},{"floor":5.0,"key":"Fruit Juice"},{"floor":6.0,"key":"Dexterity Potion"},{"floor":14.0,"key":"Explosive Potion"},{"floor":16.0,"key":"Fire Potion"},{"floor":17.0,"key":"AttackPotion"},{"floor":18.0,"key":"Swift Potion"},{"floor":21.0,"key":"Energy Potion"},{"floor":28.0,"key":"Swift Potion"},{"floor":31.0,"key":"Swift Potion"}],"is_trial":false,"path_per_floor":["M","?","M","M","M","M","$","$","T","M","E","R","M","E","R","B",null,"M","$","?","M","M","R","M","M","T","$","M","R","M","M","R","B"],"character_chosen":"IRONCLAD","items_purchased":["Reaper","Pen Nib"],"campfire_rested":4,"item_purchase_floors":[8,19],"current_hp_per_floor":[83,83,79,82,84,72,72,72,72,69,60,90,85,65,95,63,108,107,107,107,108,70,102,107,98,98,98,82,82,73,22,54,0,0],"gold":183,"neow_bonus":"TEN_PERCENT_HP_BONUS","is_daily":false,"chose_seed":false,"campfire_upgraded":1,"win_rate":0.0,"timestamp":1614073246,"path_taken":["M","?","M","M","M","?","?","$","T","M","E","R","M","E","R","BOSS","M","$","?","M","M","R","M","M","T","$","M","R","M","M","R","BOSS"],"items_purchased_type":["Card","Relic"],"build_version":"2020-12-22","purchased_purges":1,"victory":false,"max_hp_per_floor":[88,88,88,88,88,93,93,93,93,93,103,103,103,103,103,103,108,108,108,108,108,108,108,108,108,108,108,108,108,108,108,108,108,108],"card_choices":[{"not_picked":["Flex","Armaments","Clothesline"],"picked":"SKIP","floor":1.0},{"not_picked":["Clash","Headbutt"],"picked":"Combust","floor":3.0},{"not_picked":["Anger","Body Slam","Sever Soul"],"picked":"SKIP","floor":4.0},{"not_picked":["Warcry","Sword Boomerang"],"picked":"Hemokinesis","floor":5.0},{"not_picked":["Uppercut","Wild Strike","Flame Barrier"],"picked":"SKIP","floor":6.0},{"not_picked":["Twin Strike","Sentinel"],"picked":"Pummel","floor":10.0},{"not_picked":["Sword Boomerang","Thunderclap","Rampage"],"picked":"SKIP","floor":11.0},{"not_picked":["Twin Strike","Sever Soul"],"picked":"Seeing Red","floor":13.0},{"not_picked":["Havoc","Seeing Red","Headbutt"],"picked":"SKIP","floor":14.0},{"not_picked":["Heavy Blade","Warcry"],"picked":"Blood for Blood","floor":17.0},{"not_picked":["Battle Trance+1","Sword Boomerang+1"],"picked":"Anger","floor":18.0},{"not_picked":["Iron Wave","Spot Weakness"],"picked":"Demon Form","floor":21.0},{"not_picked":["Pommel Strike","Dual Wield"],"picked":"Metallicize","floor":22.0},{"not_picked":["Pommel Strike+1","Pummel+1"],"picked":"Clash+1","floor":24.0},{"not_picked":["Cleave+1","Flex+1","True Grit+1"],"picked":"SKIP","floor":25.0},{"not_picked":["Shrug It Off","Sentinel","Clothesline"],"picked":"SKIP","floor":28.0},{"not_picked":["Sword Boomerang","Thunderclap+1","Evolve"],"picked":"SKIP","floor":30.0},{"not_picked":["Impervious","Sever Soul"],"picked":"Rupture","floor":31.0}],"player_experience":197873,"relics_obtained":[{"floor":9.0,"key":"Lantern"},{"floor":11.0,"key":"Pear"},{"floor":26.0,"key":"Bottled Lightning"}],"event_choices":[{"damage_healed":0.0,"max_hp_gain":0.0,"max_hp_loss":0.0,"gold_gain":0.0,"event_name":"Upgrade Shrine","player_choice":"Upgraded","floor":2.0,"gold_loss":0.0,"damage_taken":0.0,"cards_upgraded":["Bash"]},{"damage_healed":0.0,"max_hp_gain":0.0,"max_hp_loss":0.0,"gold_gain":0.0,"event_name":"The Mausoleum","player_choice":"Ignored","floor":20.0,"gold_loss":0.0,"damage_taken":0.0}],"is_beta":false,"boss_relics":[{"not_picked":["Runic Cube","Fusion Hammer"],"picked":"Tiny House"}],"items_purged_floors":[19],"is_endless":false,"potions_floor_spawned":[3,5,6,14,16,18,21,28,31],"killed_by":"Collector","ascension_level":0}}