{"host":"birdoosa9v9yfc1w","time":1614058910,"event":{"mods":["2.2 Compatiblity","BaseMod","Bestiary","Bossed Relics","Colored Map","Colored Powertips","Dark Map","Halation","Highlight Path","Minty Spire (QoL Compilation)","Rare Cards Sparkle","Relic Filter","SacredBarkPlus","StSLib","The Jungle","Thrall Mod","Wide Potions"],"gold_per_floor":[114,114,132,132,150,150,175,188,188,239,539,567,585,605,605,709,709,720,720,40,59,79,79,110,110,160,176,207,207,240,87,87,188,188,199,245,22,22,22],"floor_reached":38,"language":"ENG","playtime":1668,"items_purged":["Strike_Thrall"],"score":713,"play_id":"22fff162-7500-46c6-9734-4627784eba7a","local_time":"20210223004150","is_ascension_mode":true,"campfire_choices":[{"data":"Maelstromportal","floor":6.0,"key":"SMITH"},{"floor":15.0,"key":"REST"},{"data":"Doomhammer","floor":23,"key":"SMITH"},{"floor":29,"key":"REST"},{"floor":32,"key":"REST"}],"circlet_count":0,"master_deck":["AscendersBane","Strike_Thrall","Strike_Thrall","Strike_Thrall+1","Strike_Thrall+1","Defend_Thrall","Defend_Thrall","Defend_Thrall","Defend_Thrall","Defend_Thrall+1","Lightningbolt","Forkedlightning","Earthshock+1","Maelstromportal+1","Witchsapprentice","Beakeredlightning","Totemicsmash","Manatidetotem","Airelemental","Tunneltrogg","Therunespear","Maelstromportal","Rumblingelemental","Menacingnimbus","Doomhammer+1","Dunemaul","Frostshock","Flametonguetotem","Healingwave","Hex","Vitalitytotem","Shudderwock"],"relics":["Totem","Centennial Puzzle","Shuriken","Old Coin","Bag of Preparation","Astrolabe","Lee\u0027s Waffle","Happy Flower","Whetstone","HornCleat","Pen Nib","halation:LostSnail","halation:LettersToHer","Black Star","Pocketwatch","halation:Sosunser"],"acts_visited":["Exordium","Exordium","TheBeyond"],"potions_floor_usage":[],"damage_taken":[{"damage":1.0,"enemies":"2 Louse","floor":1.0,"turns":3.0},{"damage":0.0,"enemies":"Small Slimes","floor":3.0,"turns":3.0},{"damage":0.0,"enemies":"Cultist","floor":5.0,"turns":2.0},{"damage":33.0,"enemies":"Lagavulin","floor":7.0,"turns":6.0},{"damage":12.0,"enemies":"Exordium Thugs","floor":8.0,"turns":3.0},{"damage":9.0,"enemies":"Gremlin Nob","floor":12.0,"turns":3.0},{"damage":6.0,"enemies":"3 Louse","floor":13.0,"turns":2.0},{"damage":0.0,"enemies":"2 Fungi Beasts","floor":14.0,"turns":1.0},{"damage":50.0,"enemies":"Hexaghost","floor":16.0,"turns":10.0},{"damage":8.0,"enemies":"theJungle:MUSHROOMGANG","floor":18.0,"turns":3.0},{"damage":10,"enemies":"theJungle:5_Spyders","floor":21,"turns":4},{"damage":16,"enemies":"theJungle:SlimyTreeVines","floor":22,"turns":4},{"damage":22,"enemies":"theJungle:Cassacara","floor":24,"turns":4},{"damage":0,"enemies":"theJungle:JungleHuntersEncounter","floor":27,"turns":3},{"damage":27,"enemies":"theJungle:2_Phrogs","floor":28,"turns":4},{"damage":15,"enemies":"theJungle:Cassacara","floor":30,"turns":4},{"damage":27,"enemies":"theJungle:FunGuy","floor":33,"turns":7},{"damage":20,"enemies":"3 Shapes","floor":35,"turns":2},{"damage":59,"enemies":"2 Orb Walkers","floor":36,"turns":4},{"damage":3,"enemies":"3 Darklings","floor":38,"turns":2}],"seed_played":"6721442694214300061","potions_obtained":[{"floor":1.0,"key":"Swift Potion"},{"floor":8.0,"key":"ColorlessPotion"},{"floor":12.0,"key":"SteroidPotion"},{"floor":14.0,"key":"LiquidMemories"},{"floor":24,"key":"EssenceOfSteel"},{"floor":28,"key":"BlessingOfTheForge"},{"floor":30,"key":"LiquidBronze"}],"is_trial":false,"path_per_floor":["M","?","M","?","M","R","E","M","T","?","?","E","M","M","R","B",null,"M","?","$","M","M","R","E","?","T","M","E","R","E","$","R","B",null,"M","?","$","M"],"character_chosen":"THRALL","items_purchased":["Lee\u0027s Waffle","Happy Flower","Maelstromportal","Rumblingelemental","Whetstone","Hex","Vitalitytotem","halation:Sosunser","Keypotion"],"campfire_rested":3,"item_purchase_floors":[20,20,20,20,20,31,31,37,37],"current_hp_per_floor":[73,58,60,65,65,65,34,24,24,24,24,15,9,9,33,6,63,55,55,89,79,70,70,50,50,50,50,28,54,41,41,67,60,82,62,3,3,0,0],"gold":22,"neow_bonus":"TEN_PERCENT_HP_BONUS","is_daily":false,"chose_seed":false,"campfire_upgraded":2,"win_rate":0.0,"timestamp":1614058910,"path_taken":["M","?","M","?","M","R","E","M","T","?","?","E","?","M","R","BOSS","M","?","?","M","M","R","E","?","T","M","E","R","E","$","R","BOSS","M","?","$","M"],"items_purchased_type":["Relic","Relic","Card","Card","Relic","Card","Card","Relic","Potion"],"build_version":"2020-12-22","purchased_purges":1,"victory":false,"max_hp_per_floor":[77,77,77,82,82,82,82,82,82,82,82,82,82,82,82,82,82,82,82,89,89,89,89,89,89,89,89,89,89,89,89,89,89,89,89,89,89,89,89],"card_choices":[{"not_picked":["Ancestralknow","Frostshock"],"picked":"Forkedlightning","floor":1.0},{"not_picked":["Rockbiter","Jinyu"],"picked":"Earthshock","floor":3.0},{"not_picked":["Drakkaridefender","Shudderwock"],"picked":"Maelstromportal","floor":5.0},{"not_picked":["Spiritofthefrog","Farsight"],"picked":"Witchsapprentice","floor":7.0},{"not_picked":["Zap","Totemicsmash"],"picked":"Beakeredlightning","floor":8.0},{"not_picked":["Blazing","Jadecheiftain"],"picked":"Totemicsmash","floor":12.0},{"not_picked":["Jinyu","Beakeredlightning"],"picked":"Manatidetotem","floor":13.0},{"not_picked":["Earthshock","Blazing"],"picked":"Airelemental","floor":14.0},{"not_picked":["Hagatha","Whiteeyes"],"picked":"Tunneltrogg","floor":16.0},{"not_picked":["Thecoin","Tidalsurge","Evolve"],"picked":"SKIP","floor":18.0},{"not_picked":["Wartbringer+1","Jinyu"],"picked":"Menacingnimbus","floor":21},{"not_picked":["Lightningstorm","Snowfurygiant"],"picked":"Doomhammer","floor":22},{"not_picked":["Evolve+1","Elementaldestruction"],"picked":"Dunemaul","floor":24},{"not_picked":["Jinyu","Thecoin"],"picked":"Frostshock","floor":27},{"not_picked":["Farsight","Jinyu"],"picked":"Flametonguetotem","floor":28},{"not_picked":["Spiritofthefrog+1","Maelstromportal"],"picked":"Healingwave","floor":30},{"not_picked":["Tunneltrogg","Eternalsentinel"],"picked":"Shudderwock","floor":33},{"not_picked":["Totemicsmash","Farsight","Maelstromportal"],"picked":"SKIP","floor":35}],"player_experience":650907,"relics_obtained":[{"floor":7.0,"key":"Centennial Puzzle"},{"floor":9.0,"key":"Shuriken"},{"floor":11.0,"key":"Old Coin"},{"floor":12.0,"key":"Bag of Preparation"},{"floor":24,"key":"HornCleat"},{"floor":26,"key":"Pen Nib"},{"floor":28,"key":"halation:LostSnail"},{"floor":30,"key":"halation:LettersToHer"},{"floor":36,"key":"Pocketwatch"}],"event_choices":[{"damage_healed":0.0,"max_hp_gain":0.0,"max_hp_loss":0.0,"gold_gain":0.0,"event_name":"Shining Light","player_choice":"Entered Light","floor":2.0,"gold_loss":0.0,"damage_taken":15.0,"cards_upgraded":["Defend_Thrall","Strike_Thrall"]},{"damage_healed":0.0,"max_hp_gain":5.0,"max_hp_loss":0.0,"gold_gain":0.0,"event_name":"Big Fish","player_choice":"Donut","floor":4.0,"gold_loss":0.0,"damage_taken":0.0},{"damage_healed":0.0,"max_hp_gain":0.0,"max_hp_loss":0.0,"gold_gain":51.0,"event_name":"Golden Wing","player_choice":"Gained Gold","floor":10.0,"gold_loss":0.0,"damage_taken":0.0},{"damage_healed":0.0,"max_hp_gain":0.0,"max_hp_loss":0.0,"gold_gain":0.0,"event_name":"Wheel of Change","player_choice":"Relic","floor":11.0,"gold_loss":0.0,"damage_taken":0.0},{"damage_healed":0.0,"max_hp_gain":0.0,"max_hp_loss":0.0,"gold_gain":0.0,"cards_transformed":["Thecoin"],"event_name":"Transmorgrifier","player_choice":"Transformed","floor":19.0,"gold_loss":0.0,"damage_taken":0.0,"cards_obtained":["Therunespear"]},{"damage_healed":0,"gold_gain":0,"player_choice":"Fight","damage_taken":0,"max_hp_gain":0,"max_hp_loss":0,"event_name":"Mysterious Sphere","floor":36,"gold_loss":0}],"is_beta":false,"boss_relics":[{"not_picked":["halation:LoveArrow","Philosopher\u0027s Stone"],"picked":"Astrolabe"},{"not_picked":["Coffee Dripper","Totemicslam"],"picked":"Black Star"}],"items_purged_floors":[20],"is_endless":false,"potions_floor_spawned":[1,8,12,14,24,28,30],"killed_by":"3 Darklings","ascension_level":10}}