{"host":"jjunaul04msmo6r1","time":1614055755,"event":{"mods":["BaseMod","Better Third Choice","Booster Modes","Colored Map","Downfall","Minty Spire (QoL Compilation)","Relic Stats","StSLib","UnlockEverythingMod","everything is the same but u backflip on backflip"],"gold_per_floor":[114,70,70,91,67,67,102,102,127,11,11,11,51,70,70,70,70],"floor_reached":16,"language":"ENG","playtime":1571,"items_purged":[],"score":111,"play_id":"f19ff288-7adf-40bb-9ec1-2f265349ad60","local_time":"20210222214915","is_ascension_mode":true,"campfire_choices":[{"data":"Neutralize","floor":6,"key":"SMITH"},{"floor":15,"key":"REST"}],"circlet_count":0,"master_deck":["Strike_G","Strike_G","Strike_G","Strike_G","Defend_G","Defend_G","Defend_G","Defend_G","Defend_G","Survivor","Neutralize+1","Footwork","Prepared","Underhanded Strike","Dagger Throw","Purity","Flechettes","Prepared","Leg Sweep"],"relics":["Ring of the Snake","Juzu Bracelet","betterThird:SlimedRelic","Golden Idol","Centennial Puzzle","Oddly Smooth Stone","Lantern","Blood Vial"],"acts_visited":["Exordium"],"potions_floor_usage":[7,13,16],"damage_taken":[{"damage":2,"enemies":"Small Slimes","floor":1,"turns":4},{"damage":0,"enemies":"Jaw Worm","floor":4,"turns":4},{"damage":29,"enemies":"3 Sentries","floor":7,"turns":17},{"damage":14,"enemies":"Lagavulin","floor":13,"turns":11},{"damage":0,"enemies":"2 Louse","floor":14,"turns":2},{"damage":31,"enemies":"Hexaghost","floor":16,"turns":20}],"seed_played":"7226212313820659332","potions_obtained":[{"floor":1,"key":"DistilledChaos"},{"floor":7,"key":"sneckomod:MuddlingPotion"},{"floor":14,"key":"Swift Potion"}],"is_trial":false,"path_per_floor":["M","?","?","M","$","R","E","T","T","$","?","?","E","M","R","B"],"character_chosen":"THE_SILENT","items_purchased":["Prepared","Dagger Throw","Purity"],"campfire_rested":1,"item_purchase_floors":[5,10,10],"current_hp_per_floor":[68,57,57,57,57,57,28,28,28,28,21,21,7,9,28,0,0],"gold":70,"neow_bonus":"RANDOM_COMMON_RELIC","is_daily":false,"chose_seed":false,"campfire_upgraded":1,"win_rate":0.0,"timestamp":1614055755,"path_taken":["M","?","?","M","$","R","E","?","T","?","?","?","E","M","R","BOSS"],"items_purchased_type":["Card","Card","Card"],"build_version":"2020-12-22","purchased_purges":0,"victory":false,"max_hp_per_floor":[70,70,65,65,65,65,65,65,65,65,65,65,65,65,65,65,65],"relic_stats":{"Blood Vial":4,"Centennial Puzzle":[6],"counters":[6,58],"Golden Idol":23,"Juzu Bracelet":1,"obtain_stats":[{"Blood Vial":13,"Centennial Puzzle":7,"Lantern":11,"Golden Idol":3,"betterThird:SlimedRelic":2,"Oddly Smooth Stone":9,"Juzu Bracelet":0,"Ring of the Snake":0},{"Blood Vial":4,"Centennial Puzzle":3,"Lantern":3,"Golden Idol":1,"betterThird:SlimedRelic":1,"Oddly Smooth Stone":3,"Juzu Bracelet":0,"Ring of the Snake":0},{"Blood Vial":36,"Centennial Puzzle":25,"Lantern":25,"Golden Idol":4,"betterThird:SlimedRelic":4,"Oddly Smooth Stone":25,"Juzu Bracelet":0,"Ring of the Snake":0}],"Ring of the Snake":[12]},"card_choices":[{"not_picked":["Finisher","Flying Knee","Deflect"],"picked":"SKIP","floor":1},{"not_picked":["Blur","Terror"],"picked":"Footwork","floor":4},{"not_picked":["Dagger Spray","Poisoned Stab"],"picked":"Underhanded Strike","floor":7},{"not_picked":["Poisoned Stab","Quick Slash"],"picked":"Prepared","floor":13},{"not_picked":["Predator","Acrobatics"],"picked":"Leg Sweep","floor":14}],"player_experience":604860,"relics_obtained":[{"floor":7,"key":"Centennial Puzzle"},{"floor":9,"key":"Oddly Smooth Stone"},{"floor":13,"key":"Blood Vial"}],"event_choices":[{"damage_healed":0,"gold_gain":0,"player_choice":"Slimed","damage_taken":11,"max_hp_gain":0,"max_hp_loss":0,"event_name":"betterThird:BetterGoop","floor":2,"gold_loss":44},{"damage_healed":0,"gold_gain":0,"player_choice":"Lose Max HP","damage_taken":0,"relics_obtained":["Golden Idol"],"max_hp_gain":0,"max_hp_loss":5,"event_name":"Golden Idol","floor":3,"gold_loss":0},{"damage_healed":0,"gold_gain":0,"player_choice":"Relic ","damage_taken":7,"max_hp_gain":0,"max_hp_loss":0,"event_name":"betterThird:BetterScrap","floor":11,"gold_loss":0,"cards_obtained":["Pummel"]},{"damage_healed":0,"gold_gain":0,"cards_transformed":["Strike_G"],"player_choice":"Change","damage_taken":0,"max_hp_gain":0,"max_hp_loss":0,"event_name":"Living Wall","floor":12,"gold_loss":0,"cards_obtained":["Flechettes"]}],"is_beta":false,"boss_relics":[],"items_purged_floors":[],"is_endless":false,"potions_floor_spawned":[1,7,14],"killed_by":"Hexaghost","ascension_level":1}}