{"host":"hpn0uxah5qjr7pa6","time":1614061402,"event":{"mods":["2.2 Compatiblity","Act Like it!","Aspiration","BaseMod","Better Third Choice","BetterRewards","Challenge The Spire","Colored Powertips","Conspire","DeckTracker","Downfall","Energized Spire","Hallownest","Hermit","Highlight Path","Hubris","Infinite Spire","Minty Spire (QoL Compilation)","Permanent Neow","Quick Restart","Rare Cards Sparkle","Replay The Spire","Spicy Shops","StSLib"],"gold_per_floor":[112,127,145,145,163,195,195,47,47,62,62,80,80,100,100,205,205,223,223,70,89,139,139,154,165,234,244,244,244,258,275,372,476,476,487,487,487,502,517,552,572,584,584,610,624,641,641,383,383,486,486,494,351,359,359,359,389,389,394,394,394,394,394,394,410,410,497,497,500,511,511,511,513,513,513,518,518,518,518,527,527,534,534,616,616,626,364,377,413,413,413,418,418,418,418,424,429,429,447,447,535,535,546,555,563,563,563,563,578,593,668,684,702,702,702,719,719,806,806,818,827,837,846,860,860,860,872,895,903,913,913,936,946,946,1021,1021,1034,1041,1052,1052,1052,1056,1056,1067,1092,1092,1098,1075,1075,1075,1075,1164,1164,1175,1185,1185,1199,1199,1199,1209,745,793,809,809,809,819,819,819,916,916,932,941,941,950,959,959,983,983,1064,1077,1094,686,696,696,696,783,783,796,807,807,807,783,789,798,798,798,498,498,505,497,511,546,630,630,630,69,100,186],"floor_reached":209,"language":"ENG","playtime":4849,"items_purged":["bronze:Shield","bronze:Frontload"],"score":4207,"play_id":"e17a3ce8-c910-47fb-969b-9b4fb552476a","local_time":"20210222222322","daily_mods":["SealedDeck"],"is_ascension_mode":false,"campfire_choices":[{"data":"bronze:ChosenStrike","floor":7,"key":"SMITH"},{"data":"bronze:BronzeOrb","floor":11,"key":"SMITH"},{"data":"bronze:OilSpill","floor":13,"key":"SMITH"},{"floor":15,"key":"DIG"},{"data":"bronze:BronzeOrb","floor":23,"key":"SMITH"},{"data":"bronze:OilSpill","floor":28,"key":"SMITH"},{"data":"bronze:OilSpill","floor":47,"key":"SMITH"},{"data":"bronze:Branch","floor":49,"key":"SMITH"},{"data":"bronze:DigitalCarnage","floor":58,"key":"SMITH"},{"data":"infinitespire:Fortify","floor":61,"key":"SMITH"},{"floor":66,"key":"REST"},{"data":"bronze:ChosenStrike","floor":74,"key":"SMITH"},{"data":"bronze:ChosenStrike","floor":78,"key":"SMITH"},{"data":"bronze:Branch","floor":83,"key":"SMITH"},{"data":"infinitespire:Collect","floor":91,"key":"SMITH"},{"data":"bronze:ChildClass","floor":93,"key":"SMITH"},{"data":"bronze:Flail","floor":98,"key":"SMITH"},{"floor":100,"key":"REST"},{"floor":108,"key":"REST"},{"floor":115,"key":"REST"},{"floor":117,"key":"REST"},{"floor":125,"key":"REST"},{"floor":131,"key":"REST"},{"floor":134,"key":"DIG"},{"floor":143,"key":"REST"},{"floor":151,"key":"REST"},{"floor":159,"key":"REST"},{"floor":165,"key":"REST"},{"floor":168,"key":"REST"},{"floor":176,"key":"REST"},{"floor":195,"key":"REST"},{"floor":205,"key":"REST"}],"circlet_count":0,"master_deck":["bronze:ChildClass+1","bronze:Shield+1","bronze:OilSpill+1","bronze:DelayedSlice+1","bronze:OilSpill+1","bronze:Branch+1","bronze:BronzeOrb+1","bronze:ChosenStrike+1","bronze:Branch+1","bronze:OilSpill+1","bronze:OilSpill+1","bronze:BronzeOrb+1","bronze:Repair+1","bronze:DigitalCarnage+1","bronze:OilSpill+1","bronze:Branch+1","infinitespire:Fortify+1","bronze:ChosenStrike+1","bronze:ChosenStrike+1","infinitespire:Collect+1","bronze:OilSpill+1"],"relics":["aspiration:FrozenJewel","Gremlin Food","ReplayTheSpireMod:Shallot","hubris:Spice","Sozu","Guardian:PocketSentry","Tiny House","Bottled Flame","Blue Candle","bronze:BronzeIdol","Nunchaku","bronze:SilverBullet","hexamod:CandleOfCauterizing","aspiration:Lifesprig","Ice Cream","Replay:Rubber Ducky","Bird Faced Urn","Replay:Mystery Machine","aspiration:SecretTechniqueScroll","hubris:Towel","hubris:Metronome","hubris:CrystalStatue","StoneCalendar","conspire:DeflatedDodgeball","Calipers","Iron Hammer","infinitespire:BottledMercury","Meat on the Bone","hubris:ScarierMask","conspire:RoyalGoblet","Thread and Needle","FossilizedHelix","Medical Kit","m_BronzeBlood","Bronze Scales","Centennial Puzzle","Replay:Lucky Slots","TheAbacus","Fusion Hammer","Prayer Wheel","hubris:BottledRain","OrangePellets","energizedSpire:NeverEndingSparkler","PreservedInsect","Pantograph","Tiny Chest","Frozen Eye","hubris:Teleporter","energizedSpire:MagnifyingGlass","TungstenRod","Eternal Feather","aspiration:FetidBarrel"],"acts_visited":["Exordium","TheCity","TheBeyond","Exordium","TheCity","TheBeyond","Exordium","TheCity","TheBeyond","Exordium","TheCity","TheBeyond","TheEnding"],"potions_floor_usage":[16,42,45],"damage_taken":[{"damage":0,"enemies":"Cultist","floor":1,"turns":2},{"damage":0,"enemies":"Small Slimes","floor":2,"turns":2},{"damage":0,"enemies":"2 Louse","floor":3,"turns":1},{"damage":0,"enemies":"conspire:2 RoseBushes","floor":5,"turns":3},{"damage":0,"enemies":"Lagavulin","floor":6,"turns":3},{"damage":0,"enemies":"2 Fungi Beasts","floor":10,"turns":2},{"damage":0,"enemies":"Exordium Wildlife","floor":12,"turns":3},{"damage":0,"enemies":"Blue Slaver","floor":14,"turns":1},{"damage":12,"enemies":"Slime Boss","floor":16,"turns":2},{"damage":0,"enemies":"Chosen","floor":18,"turns":2},{"damage":0,"enemies":"Spheric Guardian","floor":21,"turns":2},{"damage":0,"enemies":"Shelled Parasite and Fungi","floor":24,"turns":2},{"damage":0,"enemies":"Centurion and Healer","floor":25,"turns":3},{"damage":0,"enemies":"Snake Plant","floor":27,"turns":1},{"damage":0,"enemies":"Chosen and Byrds","floor":30,"turns":2},{"damage":0,"enemies":"3 Cultists","floor":31,"turns":2},{"damage":0,"enemies":"Collector","floor":33,"turns":4},{"damage":0,"enemies":"Orb Walker","floor":35,"turns":1},{"damage":0,"enemies":"3 Darklings","floor":38,"turns":2},{"damage":0,"enemies":"4 Shapes","floor":39,"turns":2},{"damage":2,"enemies":"Nightmare","floor":40,"turns":4},{"damage":0,"enemies":"Jaw Worm Horde","floor":41,"turns":2},{"damage":0,"enemies":"Maw","floor":42,"turns":4},{"damage":5,"enemies":"Nemesis","floor":44,"turns":3},{"damage":0,"enemies":"Transient","floor":45,"turns":5},{"damage":0,"enemies":"Sphere and 2 Shapes","floor":46,"turns":2},{"damage":36,"enemies":"conspire:OrnateMirror","floor":50,"turns":6},{"damage":0,"enemies":"Small Slimes","floor":52,"turns":1},{"damage":0,"enemies":"2 Louse","floor":54,"turns":1},{"damage":0,"enemies":"Gremlin Nob","floor":57,"turns":1},{"damage":15,"enemies":"Nightmare","floor":59,"turns":5},{"damage":0,"enemies":"Jaw Worm","floor":65,"turns":1},{"damage":0,"enemies":"Slime Boss","floor":67,"turns":3},{"damage":0,"enemies":"2 Thieves","floor":69,"turns":2},{"damage":0,"enemies":"Shell Parasite","floor":70,"turns":1},{"damage":0,"enemies":"Centurion and Healer","floor":73,"turns":2},{"damage":0,"enemies":"3 Cultists","floor":76,"turns":2},{"damage":0,"enemies":"Sentry and Sphere","floor":80,"turns":1},{"damage":0,"enemies":"Snecko","floor":82,"turns":1},{"damage":0,"enemies":"Collector","floor":84,"turns":2},{"damage":0,"enemies":"Orb Walker","floor":86,"turns":1},{"damage":0,"enemies":"3 Shapes","floor":88,"turns":1},{"damage":0,"enemies":"Mind Bloom Boss Battle","floor":89,"turns":2},{"damage":0,"enemies":"Sphere and 2 Shapes","floor":92,"turns":1},{"damage":0,"enemies":"Maw","floor":96,"turns":3},{"damage":0,"enemies":"Spire Growth","floor":97,"turns":1},{"damage":10,"enemies":"Nightmare","floor":99,"turns":3},{"damage":7,"enemies":"Replay:Hell Engine","floor":101,"turns":3},{"damage":0,"enemies":"Cultist","floor":103,"turns":1},{"damage":0,"enemies":"Small Slimes","floor":104,"turns":1},{"damage":0,"enemies":"Jaw Worm","floor":105,"turns":1},{"damage":0,"enemies":"Blue Slaver","floor":109,"turns":1},{"damage":0,"enemies":"Exordium Thugs","floor":110,"turns":1},{"damage":0,"enemies":"2 Fungi Beasts","floor":112,"turns":1},{"damage":0,"enemies":"3 Sentries","floor":113,"turns":1},{"damage":0,"enemies":"Blue Slaver","floor":116,"turns":1},{"damage":0,"enemies":"Hexaghost","floor":118,"turns":2},{"damage":0,"enemies":"2 Thieves","floor":120,"turns":1},{"damage":0,"enemies":"Chosen","floor":121,"turns":1},{"damage":0,"enemies":"Centurion and Healer","floor":122,"turns":1},{"damage":0,"enemies":"Snake Plant","floor":123,"turns":1},{"damage":0,"enemies":"Snecko","floor":124,"turns":1},{"damage":0,"enemies":"Shelled Parasite and Fungi","floor":127,"turns":1},{"damage":0,"enemies":"Chosen and Byrds","floor":129,"turns":1},{"damage":0,"enemies":"Centurion and Healer","floor":130,"turns":1},{"damage":0,"enemies":"Gremlin Leader","floor":132,"turns":2},{"damage":0,"enemies":"Sentry and Sphere","floor":133,"turns":1},{"damage":0,"enemies":"Champ","floor":135,"turns":4},{"damage":0,"enemies":"3 Shapes","floor":137,"turns":1},{"damage":0,"enemies":"3 Darklings","floor":138,"turns":1},{"damage":0,"enemies":"4 Shapes","floor":139,"turns":1},{"damage":0,"enemies":"Giant Head","floor":142,"turns":4},{"damage":0,"enemies":"R_Hoarder","floor":144,"turns":2},{"damage":0,"enemies":"Spire Growth","floor":147,"turns":2},{"damage":0,"enemies":"Transient","floor":148,"turns":5},{"damage":0,"enemies":"Replay:Hell Engine","floor":152,"turns":2},{"damage":0,"enemies":"Jaw Worm","floor":154,"turns":1},{"damage":0,"enemies":"Cultist","floor":155,"turns":1},{"damage":0,"enemies":"Small Slimes","floor":157,"turns":1},{"damage":0,"enemies":"3 Louse","floor":160,"turns":1},{"damage":0,"enemies":"Exordium Thugs","floor":163,"turns":1},{"damage":0,"enemies":"2 Fungi Beasts","floor":166,"turns":1},{"damage":0,"enemies":"Slime Boss","floor":169,"turns":2},{"damage":0,"enemies":"Spheric Guardian","floor":171,"turns":1},{"damage":0,"enemies":"3 Byrds","floor":172,"turns":1},{"damage":0,"enemies":"Centurion and Healer","floor":174,"turns":1},{"damage":0,"enemies":"Snake Plant","floor":175,"turns":1},{"damage":0,"enemies":"Gremlin Leader","floor":177,"turns":2},{"damage":0,"enemies":"Shelled Parasite and Fungi","floor":180,"turns":1},{"damage":0,"enemies":"Snecko","floor":181,"turns":1},{"damage":0,"enemies":"Centurion and Healer","floor":183,"turns":1},{"damage":0,"enemies":"infinitespire:LordOfFortification","floor":186,"turns":2},{"damage":0,"enemies":"Orb Walker","floor":188,"turns":1},{"damage":0,"enemies":"3 Darklings","floor":189,"turns":1},{"damage":0,"enemies":"Transient","floor":192,"turns":5},{"damage":0,"enemies":"R_Hoarder","floor":193,"turns":5},{"damage":0,"enemies":"Jaw Worm Horde","floor":194,"turns":1},{"damage":0,"enemies":"4 Shapes","floor":199,"turns":2},{"damage":0,"enemies":"Maw","floor":200,"turns":3},{"damage":0,"enemies":"3 Darklings","floor":201,"turns":1},{"damage":0,"enemies":"Mind Bloom Boss Battle","floor":202,"turns":3},{"damage":0,"enemies":"infinitespire:LordOfFortification","floor":203,"turns":2},{"damage":0,"enemies":"Shield and Spear","floor":207,"turns":1},{"damage":54,"enemies":"The Heart","floor":208,"turns":3}],"seed_played":"-6272663717561573636","potions_obtained":[{"floor":3,"key":"sneckomod:MuddlingPotion"},{"floor":10,"key":"Death Potion"},{"floor":14,"key":"Block Potion"}],"is_trial":true,"path_per_floor":["M","M","M","$","M","E","R","$","T","M","R","M","R","M","R","B",null,"M","T","$","M","AVR","R","M","M","T","M","R","?","M","M","R","B",null,"M","?","AVR","M","M","NM","M","M","T","E","M","M","R","$","R","B",null,"M","$","M","?","?","E","R","NM","T","R","T","?","AVR","M","R","B",null,"M","M","?","?","M","R","AVR","M","T","R","$","M","T","M","R","B",null,"M","$","M","?","?","R","M","R","T","AVR","M","M","R","NM","R","B",null,"M","M","M","AVR","?","R","M","M","T","M","E","?","R","M","R","B",null,"M","M","M","M","M","R","AVR","M","T","M","M","R","E","M","R","B",null,"M","M","M","?","?","E","R","E","T","?","M","M","AVR","?","R","B",null,"M","M","?","M","?","R","M","$","T","M","AVR","R","M","?","R","B",null,"M","M","?","M","M","R","E","?","T","M","M","$","M","?","R","B",null,"M","M","AVR","?","M","E","M","R","T","$","?","M","M","M","R","B",null,"R","$","E","B",null],"character_chosen":"THE_AUTOMATON","items_purchased":["Gremlin Food","Guardian:PocketSentry","hexamod:CandleOfCauterizing","aspiration:Lifesprig","conspire:DeflatedDodgeball","Bronze Scales","Centennial Puzzle","Replay:Lucky Slots","hubris:BottledRain","OrangePellets","Tiny Chest","Frozen Eye","TungstenRod","Eternal Feather"],"campfire_rested":15,"item_purchase_floors":[8,20,48,53,87,161,161,161,182,182,197,197,206,206],"current_hp_per_floor":[70,70,70,70,70,70,70,70,70,70,70,70,70,70,78,66,78,78,86,86,86,91,91,91,91,91,83,83,83,83,83,83,83,83,83,78,78,78,83,81,83,83,83,78,83,83,83,83,83,47,83,83,83,83,83,83,83,83,78,78,78,78,78,78,78,83,83,83,83,83,83,83,83,83,83,83,83,83,83,83,83,83,83,83,83,83,83,83,83,83,83,83,83,83,83,83,83,83,73,83,76,83,83,83,83,83,83,83,83,83,83,83,83,83,83,83,83,83,83,83,83,83,83,83,83,83,83,83,83,83,83,83,83,83,83,83,83,83,83,83,83,83,83,83,83,83,83,83,83,86,86,86,86,86,86,86,86,86,86,86,86,86,86,86,86,86,86,86,86,86,86,86,86,86,86,86,86,86,86,86,86,86,86,86,86,86,86,86,86,86,86,86,86,86,86,86,86,86,86,86,86,86,86,86,86,86,86,41],"gold":186,"neow_bonus":"","is_daily":false,"chose_seed":false,"campfire_upgraded":15,"win_rate":0.0,"timestamp":1614061402,"path_taken":["M","M","M","$","M","E","R","$","T","M","R","M","R","M","R","BOSS","M","?","$","?","AVR","R","M","M","T","M","R","?","M","M","R","BOSS","M","?","AVR","M","M","NM","M","M","T","E","M","M","R","$","R","BOSS","M","$","M","?","?","E","R","NM","T","R","?","?","AVR","?","R","BOSS","M","M","?","?","M","R","AVR","M","T","R","$","M","?","M","R","BOSS","M","$","M","?","?","R","M","R","T","AVR","M","M","R","NM","R","BOSS","M","M","M","AVR","?","R","M","M","T","?","E","?","R","M","R","BOSS","M","M","M","M","M","R","AVR","M","T","M","?","R","E","M","R","BOSS","M","M","M","?","?","E","R","E","T","?","?","M","AVR","?","R","BOSS","M","M","?","M","?","R","M","$","T","M","AVR","R","M","?","R","BOSS","M","M","?","M","M","R","E","?","T","M","M","$","?","?","R","BOSS","M","M","AVR","?","M","E","?","R","T","$","?","M","M","M","R","BOSS","R","$","E","BOSS"],"items_purchased_type":["Relic","Relic","Relic","Relic","Relic","Relic","Relic","Relic","Relic","Relic","Relic","Relic","Relic","Relic"],"build_version":"2020-12-22","purchased_purges":2,"victory":true,"max_hp_per_floor":[70,70,70,70,70,70,70,70,70,70,70,70,70,70,78,78,78,78,86,86,86,91,91,91,91,91,83,83,83,83,83,83,83,83,83,83,83,83,83,83,83,83,83,83,83,83,83,83,83,83,83,83,83,83,83,83,83,83,83,83,83,83,83,83,83,83,83,83,83,83,83,83,83,83,83,83,83,83,83,83,83,83,83,83,83,83,83,83,83,83,83,83,83,83,83,83,83,83,83,83,83,83,83,83,83,83,83,83,83,83,83,83,83,83,83,83,83,83,83,83,83,83,83,83,83,83,83,83,83,83,83,83,83,83,83,83,83,83,83,83,83,83,83,83,83,83,83,83,83,86,86,86,86,86,86,86,86,86,86,86,86,86,86,86,86,86,86,86,86,86,86,86,86,86,86,86,86,86,86,86,86,86,86,86,86,86,86,86,86,86,86,86,86,86,86,86,86,86,86,86,86,86,86,86,86,86,86,86],"card_choices":[{"not_picked":["bronze:DelayedGuard","bronze:FineTuning","bronze:WhirlingStrike"],"picked":"SKIP","floor":1},{"not_picked":["bronze:Backtrace","bronze:BronzeArmor"],"picked":"bronze:Flail","floor":2},{"not_picked":["bronze:CutThrough","bronze:FollowUp","bronze:Invalidate"],"picked":"SKIP","floor":3},{"not_picked":["bronze:Repulsor","bronze:DarkDash","bronze:Overload"],"picked":"SKIP","floor":5},{"not_picked":["bronze:Return","bronze:NullPointer"],"picked":"bronze:Branch","floor":6},{"not_picked":["bronze:Iterate","bronze:Shell"],"picked":"bronze:OilSpill","floor":10},{"not_picked":["bronze:Break","bronze:Safeguard","bronze:Constructor"],"picked":"SKIP","floor":12},{"not_picked":["bronze:Safeguard","bronze:Repair"],"picked":"bronze:OilSpill","floor":14},{"not_picked":["bronze:Branch","bronze:BitShift"],"picked":"bronze:BronzeOrb","floor":18},{"not_picked":["bronze:Frontload","bronze:Invalidate","bronze:CutThrough"],"picked":"SKIP","floor":21},{"not_picked":["bronze:CutThrough","bronze:FineTuning","bronze:ForLoop"],"picked":"SKIP","floor":24},{"not_picked":["bronze:CutThrough","bronze:HardenedForm","bronze:MaxOutput"],"picked":"SKIP","floor":25},{"not_picked":["bronze:Separator","bronze:BuggyMess+1"],"picked":"hubris:SpiceAddiction","floor":27},{"not_picked":["bronze:ChildClass","bronze:Iterate+1"],"picked":"bronze:Repair+1","floor":30},{"not_picked":["bronze:Fortify","bronze:ForLoop"],"picked":"bronze:DigitalCarnage","floor":31},{"not_picked":["bronze:FineTuning","bronze:DelayedSlice","bronze:CloningBeam+1"],"picked":"SKIP","floor":35},{"not_picked":["bronze:Turbo+1","hubris:SpiceAddiction","bronze:Boost+1"],"picked":"SKIP","floor":38},{"not_picked":["bronze:ChildClass+1","bronze:Separator+1"],"picked":"bronze:OilSpill+1","floor":39},{"not_picked":["bronze:ForceShield","bronze:Frontload","bronze:DelayedGuard"],"picked":"SKIP","floor":40},{"not_picked":["bronze:Backtrace","bronze:Virus","bronze:BugBarrage"],"picked":"SKIP","floor":41},{"not_picked":["bronze:Optimize","bronze:DigitalCarnage+1","bronze:Shell+1"],"picked":"SKIP","floor":42},{"not_picked":["bronze:GetLatest+1","bronze:Boost+1"],"picked":"bronze:Branch+1","floor":44},{"not_picked":["bronze:WhirlingStrike+1","hubris:SpiceAddiction","bronze:ForLoop"],"picked":"SKIP","floor":45},{"not_picked":["bronze:WildBeam+1","hubris:SpiceAddiction","bronze:Constructor"],"picked":"SKIP","floor":46},{"not_picked":["bronze:Frontload","hubris:SpiceAddiction","bronze:Invalidate"],"picked":"SKIP","floor":52},{"not_picked":["bronze:Constructor","bronze:WhirlingStrike","bronze:Separator"],"picked":"SKIP","floor":54},{"not_picked":["bronze:BuggyMess","bronze:MaxOutput","bronze:ShipIt"],"picked":"SKIP","floor":57},{"not_picked":["ReplayTheSpireMod:Echoes of Time","infinitespire:FinalStrike"],"picked":"infinitespire:Fortify","floor":59},{"not_picked":["bronze:InfiniteBeams","bronze:DelayedSlice","bronze:Deprecate"],"picked":"SKIP","floor":59},{"not_picked":["bronze:InfiniteBeams","bronze:DelayedSlice","bronze:Deprecate"],"picked":"SKIP","floor":59},{"not_picked":["bronze:ItsAFeature","bronze:Verify","bronze:DelayedSlice"],"picked":"SKIP","floor":65},{"not_picked":["bronze:Shield","bronze:MaxOutput","bronze:WildBeam"],"picked":"SKIP","floor":69},{"not_picked":["bronze:FineTuning","bronze:DelayedSlice+1"],"picked":"bronze:ChosenStrike","floor":70},{"not_picked":["hubris:SpiceAddiction","bronze:Shield+1"],"picked":"bronze:ChosenStrike","floor":73},{"not_picked":["bronze:Safeguard","bronze:Separator+1","bronze:DigitalCarnage"],"picked":"SKIP","floor":76},{"not_picked":["bronze:MaxOutput","bronze:DelayedSlice","bronze:BronzeArmor"],"picked":"SKIP","floor":80},{"not_picked":["bronze:Deprecate","bronze:Overload+1","bronze:Shell"],"picked":"SKIP","floor":82},{"not_picked":["infinitespire:Execution","hubris:Rewind"],"picked":"infinitespire:Collect","floor":84},{"not_picked":["bronze:ForceShield+1","bronze:FineTuning","bronze:DigitalCarnage+1"],"picked":"SKIP","floor":86},{"not_picked":["hubris:SpiceAddiction","bronze:Constructor"],"picked":"bronze:OilSpill+1","floor":88},{"not_picked":["bronze:FineTuning+1","bronze:BitShift","bronze:FollowUp"],"picked":"SKIP","floor":92},{"not_picked":["bronze:DelayedSlice+1","bronze:DigitalCarnage+1","bronze:Frontload+1"],"picked":"SKIP","floor":96},{"not_picked":["bronze:Allocate+1","bronze:HyperBeam","bronze:Overheat+1"],"picked":"SKIP","floor":97},{"not_picked":["bronze:DelayedSlice+1","bronze:BitShift+1","bronze:FineTuning"],"picked":"SKIP","floor":99},{"not_picked":["bronze:Turbo","bronze:Iterate","bronze:Repulsor"],"picked":"SKIP","floor":103},{"not_picked":["bronze:WhirlingStrike","bronze:NullPointer","bronze:Turbo"],"picked":"SKIP","floor":104},{"not_picked":["bronze:ClassDefault","hubris:SpiceAddiction","bronze:GetLatest"],"picked":"SKIP","floor":105},{"not_picked":["bronze:ForceShield","bronze:Frontload","bronze:Shield"],"picked":"SKIP","floor":109},{"not_picked":["bronze:CutThrough","bronze:Constructor","hubris:SpiceAddiction"],"picked":"SKIP","floor":110},{"not_picked":["bronze:InfiniteBeams","bronze:Backtrace","bronze:Deprecate"],"picked":"SKIP","floor":112},{"not_picked":["bronze:CutThrough","bronze:Safeguard","bronze:Repair"],"picked":"SKIP","floor":113},{"not_picked":["bronze:Optimize","bronze:Terminator","bronze:DelayedGuard"],"picked":"SKIP","floor":116},{"not_picked":["bronze:DelayedSlice","bronze:Constructor","bronze:Branch"],"picked":"SKIP","floor":120},{"not_picked":["hubris:SpiceAddiction","bronze:MaxOutput","bronze:Constructor"],"picked":"SKIP","floor":121},{"not_picked":["bronze:Invalidate+1","bronze:Fortify+1","bronze:Return"],"picked":"SKIP","floor":122},{"not_picked":["bronze:WhirlingStrike+1","bronze:ClassDefault+1","bronze:OilSpill"],"picked":"SKIP","floor":123},{"not_picked":["hubris:SpiceAddiction","hubris:SpiceAddiction","bronze:ThunderWave"],"picked":"SKIP","floor":124},{"not_picked":["bronze:Deprecate","bronze:FineTuning","bronze:Turbo"],"picked":"SKIP","floor":127},{"not_picked":["bronze:Overheat","hubris:SpiceAddiction","bronze:FineTuning"],"picked":"SKIP","floor":129},{"not_picked":["bronze:DelayedSlice","hubris:SpiceAddiction","bronze:Constructor"],"picked":"SKIP","floor":130},{"not_picked":["bronze:Iterate+1","bronze:FollowUp","bronze:OilSpill"],"picked":"SKIP","floor":132},{"not_picked":["bronze:ForLoop+1","bronze:FindAndReplace","bronze:Shield"],"picked":"SKIP","floor":133},{"not_picked":["bronze:ItsAFeature+1","bronze:Refactor","bronze:Shield+1"],"picked":"SKIP","floor":137},{"not_picked":["bronze:WildBeam","bronze:Frontload","bronze:CutThrough"],"picked":"SKIP","floor":138},{"not_picked":["bronze:Invalidate","bronze:NullPointer","bronze:Separator"],"picked":"SKIP","floor":139},{"not_picked":["bronze:DelayedSlice","bronze:CutThrough","hubris:SpiceAddiction"],"picked":"SKIP","floor":142},{"not_picked":["bronze:Separator","bronze:Turbo+1","bronze:FineTuning"],"picked":"SKIP","floor":144},{"not_picked":["bronze:FineTuning+1","bronze:Turbo","bronze:BuggyMess+1"],"picked":"SKIP","floor":147},{"not_picked":["bronze:WildBeam+1","bronze:BitShift","bronze:MaxOutput"],"picked":"SKIP","floor":148},{"not_picked":["hubris:SpiceAddiction","bronze:Turbo","bronze:Separator"],"picked":"SKIP","floor":154},{"not_picked":["bronze:Deprecate","bronze:Invalidate","bronze:Terminator"],"picked":"SKIP","floor":155},{"not_picked":["bronze:DelayedGuard","bronze:ClassDefault","bronze:Deprecate"],"picked":"SKIP","floor":157},{"not_picked":["Body Slam","bronze:Shield","bronze:BuggyMess"],"picked":"SKIP","floor":160},{"not_picked":["bronze:Overheat","bronze:Iterate","bronze:CutThrough"],"picked":"SKIP","floor":163},{"not_picked":["bronze:Branch","hubris:SpiceAddiction","Shrug It Off"],"picked":"SKIP","floor":166},{"not_picked":["bronze:Frontload","bronze:Constructor","bronze:Flail"],"picked":"SKIP","floor":171},{"not_picked":["bronze:ForLoop","bronze:WildBeam","bronze:Backtrace"],"picked":"SKIP","floor":172},{"not_picked":["bronze:Separator","bronze:Repulsor+1","bronze:Shell"],"picked":"SKIP","floor":174},{"not_picked":["bronze:HardenedForm","bronze:Repair+1","bronze:BugBarrage"],"picked":"SKIP","floor":175},{"not_picked":["bronze:DarkDash+1","bronze:TinkerersToolbox","bronze:OilSpill"],"picked":"SKIP","floor":177},{"not_picked":["bronze:DelayedSlice+1","hubris:SpiceAddiction","bronze:GetLatest"],"picked":"SKIP","floor":180},{"not_picked":["bronze:Shell","bronze:Refactor+1","bronze:Frontload"],"picked":"SKIP","floor":180},{"not_picked":["bronze:Branch","bronze:DelayedSlice","bronze:CutThrough"],"picked":"SKIP","floor":181},{"not_picked":["bronze:Overload","bronze:BitShift+1","bronze:Iterate+1"],"picked":"SKIP","floor":181},{"not_picked":["bronze:OilSpill","bronze:Separator","bronze:Fortify"],"picked":"SKIP","floor":183},{"not_picked":["bronze:Shell+1","bronze:Philosophize+1","bronze:WhirlingStrike+1"],"picked":"SKIP","floor":183},{"not_picked":["bronze:CloningBeam","bronze:DelayedSlice+1","hubris:SpiceAddiction"],"picked":"SKIP","floor":188},{"not_picked":["bronze:Invalidate+1","bronze:DelayedSlice+1","bronze:HardenedForm"],"picked":"SKIP","floor":188},{"not_picked":["bronze:ChosenStrike","bronze:Branch","bronze:Overheat"],"picked":"SKIP","floor":189},{"not_picked":["bronze:Overheat","bronze:Invalidate+1","bronze:Refactor+1"],"picked":"SKIP","floor":189},{"not_picked":["bronze:Fortify","bronze:BronzeArmor+1","hubris:SpiceAddiction"],"picked":"SKIP","floor":192},{"not_picked":["bronze:Shell","bronze:BugBarrage+1","hubris:SpiceAddiction"],"picked":"SKIP","floor":192},{"not_picked":["bronze:Flail+1","bronze:BurnOut","bronze:Invalidate+1"],"picked":"SKIP","floor":193},{"not_picked":["bronze:ForceShield","hubris:SpiceAddiction","bronze:DelayedGuard+1"],"picked":"SKIP","floor":194},{"not_picked":["bronze:CleanCode","bronze:ForLoop","hubris:SpiceAddiction"],"picked":"SKIP","floor":194},{"not_picked":["bronze:ChosenStrike+1","bronze:Fortify+1","bronze:Deprecate+1"],"picked":"SKIP","floor":199},{"not_picked":["bronze:WildBeam+1","bronze:Boost","bronze:Branch+1"],"picked":"SKIP","floor":199},{"not_picked":["bronze:CutThrough+1","bronze:Fortify","bronze:ChildClass+1"],"picked":"SKIP","floor":200},{"not_picked":["bronze:BronzeArmor+1","bronze:DelayedSlice","bronze:BitShift+1"],"picked":"SKIP","floor":200},{"not_picked":["bronze:Shield","bronze:WildBeam+1","bronze:Invalidate+1"],"picked":"SKIP","floor":201},{"not_picked":["bronze:Branch","bronze:Separator+1","bronze:ChildClass+1"],"picked":"SKIP","floor":201},{"not_picked":["bronze:Branch+1","hubris:SpiceAddiction","bronze:WildBeam+1"],"picked":"SKIP","floor":207}],"player_experience":257111,"relics_obtained":[{"floor":6,"key":"aspiration:FrozenJewel"},{"floor":9,"key":"ReplayTheSpireMod:Shallot"},{"floor":15,"key":"hubris:Spice"},{"floor":19,"key":"hubris:Spice"},{"floor":26,"key":"Bottled Flame"},{"floor":40,"key":"Nunchaku"},{"floor":44,"key":"bronze:SilverBullet"},{"floor":57,"key":"Ice Cream"},{"floor":59,"key":"Replay:Rubber Ducky"},{"floor":60,"key":"Bird Faced Urn"},{"floor":77,"key":"hubris:CrystalStatue"},{"floor":81,"key":"StoneCalendar"},{"floor":99,"key":"Iron Hammer"},{"floor":111,"key":"Meat on the Bone"},{"floor":128,"key":"Thread and Needle"},{"floor":144,"key":"FossilizedHelix"},{"floor":177,"key":"Prayer Wheel"},{"floor":193,"key":"PreservedInsect"},{"floor":196,"key":"Pantograph"},{"floor":202,"key":"hubris:Teleporter"},{"floor":207,"key":"aspiration:FetidBarrel"}],"event_choices":[{"damage_healed":0,"gold_gain":0,"player_choice":"Got Potions","damage_taken":0,"max_hp_gain":0,"max_hp_loss":0,"event_name":"Lab","floor":29,"gold_loss":0},{"damage_healed":0,"gold_gain":0,"player_choice":"Disagree","damage_taken":0,"max_hp_gain":0,"max_hp_loss":0,"event_name":"conspire:LoneGhost","floor":55,"gold_loss":0},{"damage_healed":0,"gold_gain":0,"player_choice":"Ignored","damage_taken":0,"max_hp_gain":0,"max_hp_loss":0,"event_name":"The Mausoleum","floor":71,"gold_loss":0},{"damage_healed":0,"gold_gain":0,"player_choice":"Fight","damage_taken":0,"max_hp_gain":0,"max_hp_loss":0,"event_name":"MindBloom","floor":89,"gold_loss":0},{"damage_healed":0,"gold_gain":0,"player_choice":"Leave","damage_taken":0,"max_hp_gain":0,"max_hp_loss":0,"event_name":"conspire:Investor","floor":90,"gold_loss":0},{"damage_healed":0,"gold_gain":0,"player_choice":"Ignored","damage_taken":0,"max_hp_gain":0,"max_hp_loss":0,"event_name":"Upgrade Shrine","floor":114,"gold_loss":0},{"damage_healed":0,"gold_gain":0,"player_choice":"Ignored","damage_taken":0,"max_hp_gain":0,"max_hp_loss":0,"event_name":"Transmorgrifier","floor":146,"gold_loss":0},{"damage_healed":0,"gold_gain":0,"player_choice":"Ignored","damage_taken":1185,"max_hp_gain":0,"max_hp_loss":0,"event_name":"betterThird:BetterSerpent","floor":156,"gold_loss":0},{"damage_healed":0,"gold_gain":0,"player_choice":"Ignored","damage_taken":0,"max_hp_gain":0,"max_hp_loss":0,"event_name":"The Mausoleum","floor":178,"gold_loss":0},{"damage_healed":0,"gold_gain":0,"player_choice":"Ignored","damage_taken":0,"max_hp_gain":0,"max_hp_loss":0,"event_name":"NoteForYourself","floor":184,"gold_loss":0},{"damage_healed":0,"gold_gain":0,"player_choice":"Ignored","damage_taken":0,"max_hp_gain":0,"max_hp_loss":0,"event_name":"WeMeetAgain","floor":185,"gold_loss":0},{"damage_healed":0,"gold_gain":0,"player_choice":"Got Potions","damage_taken":0,"max_hp_gain":0,"max_hp_loss":0,"event_name":"Lab","floor":191,"gold_loss":0},{"cards_removed":["bronze:Flail"],"damage_healed":0,"gold_gain":0,"player_choice":"Removed Attack","damage_taken":0,"max_hp_gain":0,"max_hp_loss":0,"event_name":"Falling","floor":198,"gold_loss":0},{"damage_healed":0,"gold_gain":0,"player_choice":"Fight","damage_taken":0,"max_hp_gain":0,"max_hp_loss":0,"event_name":"MindBloom","floor":202,"gold_loss":0}],"is_beta":false,"boss_relics":[{"not_picked":["hubris:Spice","aspiration:IroncladSkillbook"],"picked":"Sozu"},{"not_picked":["Coffee Dripper","hubris:Spice","hubris:Spice"]},{"not_picked":["Honey Jar","hubris:Spice","hubris:BlackHole"]},{"not_picked":["hubris:Spice","Runic Dome"],"picked":"aspiration:SecretTechniqueScroll"},{"not_picked":["hubris:Spice","infinitespire:Cupcake","hubris:Spice"]},{"not_picked":["hubris:Spice","hubris:Spice","hubris:Spice"]},{"not_picked":["hubris:Spice","hubris:Spice"],"picked":"hubris:ScarierMask"},{"not_picked":["hubris:Spice","hubris:Spice","Replay:Bronze Core"]},{"not_picked":["hubris:Spice","hubris:Spice","hubris:Spice"]},{"not_picked":["Replay:Drink Me","Black Star"],"picked":"Fusion Hammer"},{"not_picked":["hubris:Spice","Replay:Grab Bag"],"picked":"energizedSpire:NeverEndingSparkler"},{"not_picked":["hubris:Spice","Calling Bell"],"picked":"energizedSpire:MagnifyingGlass"}],"items_purged_floors":[37,64],"is_endless":true,"potions_floor_spawned":[3,10,14,27,30,33,38,42,44,45,50,52,57,65,69,73,76,82,86,89,99,104,105,112,121,123,127,132,139,142,147,148,154,155,160,166,169,172,174,177,183,188,193,194,199,202,203,208],"ascension_level":0}}