{"host":"ul0c1243uydmw2e7","time":1614117876,"event":{"mods":["BaseMod","Better Match","Better Sensory Stone","Better Silent Start","Better Third Choice","Better Vampires","Block Reminder","Bossed Relics","Minty Spire (QoL Compilation)","StSLib","Virulent Crown"],"gold_per_floor":[113,133,151,151,165,195,195,220,220,220,235,261,6,22,22,22,22],"floor_reached":16,"language":"ENG","playtime":553,"items_purged":[],"score":244,"play_id":"dbd161d2-b81a-4169-8071-79c75b00bcc0","local_time":"20210223170436","is_ascension_mode":true,"campfire_choices":[{"data":"Whirlwind","floor":7.0,"key":"SMITH"},{"data":"Fiend Fire","floor":10.0,"key":"SMITH"},{"floor":15,"key":"REST"}],"circlet_count":0,"master_deck":["AscendersBane","Strike_R","Strike_R","Strike_R+1","Strike_R+1","Strike_R","Defend_R","Defend_R","Defend_R","Defend_R","Bash","Whirlwind+1","Twin Strike","True Grit","Fiend Fire+1","Limit Break","True Grit","Anger","Evolve","Clothesline","Headbutt"],"relics":["Burning Blood","Akabeko","MealTicket","Whetstone","Toy Ornithopter","Kunai","Dream Catcher","Blood Vial"],"acts_visited":["Exordium"],"potions_floor_usage":[11,14],"damage_taken":[{"damage":1.0,"enemies":"Cultist","floor":1.0,"turns":3.0},{"damage":2.0,"enemies":"2 Louse","floor":2.0,"turns":2.0},{"damage":14.0,"enemies":"Small Slimes","floor":3.0,"turns":4.0},{"damage":0.0,"enemies":"Red Slaver","floor":5.0,"turns":4.0},{"damage":40.0,"enemies":"Lagavulin","floor":6.0,"turns":6.0},{"damage":23.0,"enemies":"3 Sentries","floor":8.0,"turns":6.0},{"damage":23,"enemies":"Lots of Slimes","floor":11,"turns":4},{"damage":31,"enemies":"Lagavulin","floor":12,"turns":7},{"damage":26,"enemies":"Exordium Thugs","floor":14,"turns":5},{"damage":40,"enemies":"Hexaghost","floor":16,"turns":9}],"seed_played":"-6032244082820789129","potions_obtained":[{"floor":1.0,"key":"BloodPotion"},{"floor":3.0,"key":"FearPotion"},{"floor":8.0,"key":"Regen Potion"},{"floor":12,"key":"SteroidPotion"}],"is_trial":false,"path_per_floor":["M","M","M","T","M","E","R","E","T","R","M","E","$","M","R","B"],"character_chosen":"IRONCLAD","items_purchased":["Evolve","Blood Vial"],"campfire_rested":1,"item_purchase_floors":[13,13],"current_hp_per_floor":[73,75,67,67,73,54,54,37,37,37,37,12,27,14,36,0,0],"gold":22,"neow_bonus":"RANDOM_COMMON_RELIC","is_daily":false,"chose_seed":false,"campfire_upgraded":2,"win_rate":0.0,"timestamp":1614117876,"path_taken":["M","M","M","?","M","E","R","E","T","R","?","E","$","M","R","BOSS"],"items_purchased_type":["Card","Relic"],"build_version":"2020-12-22","purchased_purges":0,"victory":false,"max_hp_per_floor":[75,75,75,75,75,75,75,75,75,75,75,75,75,75,75,75,75],"card_choices":[{"not_picked":["True Grit","Warcry"],"picked":"Whirlwind","floor":1.0},{"not_picked":["Shrug It Off","True Grit"],"picked":"Twin Strike","floor":2.0},{"not_picked":["Anger","Cleave"],"picked":"True Grit","floor":3.0},{"not_picked":["Sentinel","Havoc"],"picked":"Fiend Fire","floor":5.0},{"not_picked":["Second Wind","Sword Boomerang"],"picked":"Limit Break","floor":6.0},{"not_picked":["Armaments","Wild Strike"],"picked":"True Grit","floor":8.0},{"not_picked":["Sentinel","Flex"],"picked":"Anger","floor":11},{"not_picked":["Sword Boomerang","Clash","Rupture"],"picked":"SKIP","floor":12},{"not_picked":["Rage","Shockwave"],"picked":"Clothesline","floor":14},{"not_picked":["Havoc","Sword Boomerang"],"picked":"Headbutt","floor":15}],"player_experience":402697,"relics_obtained":[{"floor":4.0,"key":"MealTicket"},{"floor":6.0,"key":"Whetstone"},{"floor":8.0,"key":"Toy Ornithopter"},{"floor":9.0,"key":"Kunai"},{"floor":12,"key":"Dream Catcher"}],"event_choices":[],"is_beta":false,"boss_relics":[],"items_purged_floors":[],"is_endless":false,"potions_floor_spawned":[1,3,8,12],"killed_by":"Hexaghost","ascension_level":20}}