{"host":"syozzdlzcqop4jia","time":1614043548,"event":{"mods":["AchievementEnabler","BaseMod","Colored Map","Colored Powertips","Minty Spire (QoL Compilation)","Quick Restart"],"gold_per_floor":[119,132,82,82,31,31,9,20,20,34,34,46,62,78,78,183,183,203,221,146,31,31,31,65,65,65],"floor_reached":25,"language":"ENG","playtime":1358,"items_purged":[],"score":234,"play_id":"7a22a934-db2a-4daf-8f9a-2276c517573f","local_time":"20210223022548","is_ascension_mode":true,"campfire_choices":[{"floor":6,"key":"RECALL"},{"floor":15,"key":"REST"},{"floor":23,"key":"REST"}],"circlet_count":0,"master_deck":["Strike_B","Strike_B","Strike_B","Defend_B","Defend_B","Defend_B","Zap","Dualcast","Swift Strike","Ball Lightning","Go for the Eyes","Cold Snap","Conserve Battery","Ball Lightning","Fission","Thunder Strike","Capacitor+1","Loop","Lockon","Lockon+1"],"relics":["Cracked Core","Velvet Choker","Nilry\u0027s Codex","Peace Pipe"],"acts_visited":["Exordium","TheCity"],"potions_floor_usage":[15,24,25,25],"damage_taken":[{"damage":2,"enemies":"Jaw Worm","floor":1,"turns":3},{"damage":0,"enemies":"2 Louse","floor":2,"turns":2},{"damage":0,"enemies":"Cultist","floor":8,"turns":2},{"damage":9,"enemies":"2 Fungi Beasts","floor":10,"turns":3},{"damage":8,"enemies":"3 Louse","floor":12,"turns":3},{"damage":0,"enemies":"Exordium Thugs","floor":13,"turns":3},{"damage":19,"enemies":"Exordium Wildlife","floor":14,"turns":3},{"damage":15,"enemies":"Slime Boss","floor":16,"turns":8},{"damage":6,"enemies":"Spheric Guardian","floor":18,"turns":3},{"damage":5,"enemies":"Chosen","floor":19,"turns":4},{"damage":58,"enemies":"Slavers","floor":24,"turns":5},{"damage":20,"enemies":"3 Cultists","floor":25,"turns":3}],"seed_played":"-2381110104056522481","potions_obtained":[{"floor":2,"key":"Explosive Potion"},{"floor":10,"key":"PowerPotion"},{"floor":12,"key":"LiquidMemories"},{"floor":14,"key":"Fruit Juice"},{"floor":16,"key":"LiquidMemories"}],"is_trial":false,"path_per_floor":["M","M","?","?","$","R","$","M","T","M","$","M","M","M","R","B",null,"M","M","?","$","?","R","E","M"],"character_chosen":"DEFECT","items_purchased":["Ball Lightning","Go for the Eyes","Loop","Lockon"],"campfire_rested":2,"item_purchase_floors":[5,7,21,21],"current_hp_per_floor":[73,73,73,73,73,73,73,73,73,64,64,56,56,37,66,51,80,74,69,69,69,53,77,19,0,0],"gold":65,"neow_bonus":"RANDOM_COLORLESS","is_daily":false,"chose_seed":false,"campfire_upgraded":0,"win_rate":0.0,"timestamp":1614043548,"path_taken":["M","M","?","?","$","R","$","M","T","?","$","M","M","M","R","BOSS","M","M","?","$","?","R","E","M"],"items_purchased_type":["Card","Card","Card","Card"],"build_version":"2020-12-22","purchased_purges":0,"victory":false,"max_hp_per_floor":[75,75,75,75,75,75,75,75,75,75,75,75,75,75,80,80,80,80,80,80,80,80,80,80,80,80],"card_choices":[{"not_picked":["Trip","Impatience"],"picked":"Swift Strike","floor":0},{"not_picked":["Coolheaded","Go for the Eyes","Consume"],"picked":"SKIP","floor":1},{"not_picked":["Undo","Beam Cell","Leap"],"picked":"SKIP","floor":2},{"not_picked":["Sweeping Beam","Barrage"],"picked":"Cold Snap","floor":8},{"not_picked":["Core Surge","Fusion"],"picked":"Conserve Battery","floor":10},{"not_picked":["Coolheaded","Chill"],"picked":"Ball Lightning","floor":12},{"not_picked":["Turbo","Rebound"],"picked":"Fission","floor":13},{"not_picked":["Leap","Stack","Sweeping Beam"],"picked":"SKIP","floor":14},{"not_picked":["Echo Form","Fission"],"picked":"Thunder Strike","floor":16},{"not_picked":["Static Discharge","Fusion+1"],"picked":"Capacitor+1","floor":18},{"not_picked":["Coolheaded+1","Compile Driver","Streamline"],"picked":"SKIP","floor":19},{"not_picked":["Coolheaded+1","Rip and Tear"],"picked":"Lockon+1","floor":24}],"player_experience":724419,"relics_obtained":[{"floor":22,"key":"Nilry\u0027s Codex"},{"floor":24,"key":"Peace Pipe"}],"event_choices":[{"cards_removed":["Defend_B"],"damage_healed":0,"gold_gain":0,"player_choice":"Card Removal","damage_taken":0,"max_hp_gain":0,"max_hp_loss":0,"event_name":"The Cleric","floor":3,"gold_loss":50},{"damage_healed":0,"gold_gain":0,"player_choice":"Ignored","damage_taken":0,"max_hp_gain":0,"max_hp_loss":0,"event_name":"Golden Idol","floor":4,"gold_loss":0},{"cards_removed":["Strike_B"],"damage_healed":0,"gold_gain":0,"player_choice":"Gave Gold","damage_taken":0,"max_hp_gain":0,"max_hp_loss":0,"event_name":"Beggar","floor":20,"gold_loss":75},{"damage_healed":0,"gold_gain":0,"player_choice":"Obtained Book","damage_taken":16,"max_hp_gain":0,"max_hp_loss":0,"event_name":"Cursed Tome","floor":22,"gold_loss":0}],"is_beta":false,"boss_relics":[{"not_picked":["Black Star","SacredBark"],"picked":"Velvet Choker"}],"items_purged_floors":[],"is_endless":false,"potions_floor_spawned":[2,10,12,14,16,18],"killed_by":"3 Cultists","ascension_level":2}}