{"host":"oq9vgnvl0fi8z8ha","time":1614061594,"event":{"mods":["Act Like it!","BaseMod","Block Reminder","Curses Come First","Evolution","Fox Events","Hallownest","Highlight Path","Minty Spire (QoL Compilation)","Relic Stats","Smile Girya","StSLib","The Blue Laboratory","The Bug Knight","Treasure Hunter","Unceasing Turn Reminder"],"gold_per_floor":[117,117,117,128,128,128,159,159,159,191,201,201,251,275,275,275,275],"floor_reached":16,"language":"ENG","playtime":1284,"items_purged":[],"score":127,"play_id":"e4e942c4-488b-406d-b1b2-80ceda787a17","local_time":"20210222232634","is_ascension_mode":true,"campfire_choices":[{"floor":6,"key":"RECALL"},{"floor":8,"key":"REST"},{"data":"Sucker Punch","floor":12,"key":"SMITH"},{"floor":15,"key":"REST"}],"circlet_count":0,"master_deck":["Strike_G","Strike_G","Strike_G","Strike_G","Defend_G","Defend_G","Defend_G","Defend_G","Defend_G","Survivor","Neutralize","Sucker Punch+1","Escape Plan","Dagger Spray","TH:ElvenBoots","Poisoned Stab","TH:ArmorSpikes","TH:ArmorSpikes","Caltrops","Bane","TH:ElvenBoots","Blur","Dagger Spray"],"relics":["EVO:Axolotl","Philosopher\u0027s Stone","Hallownest:DreamNailRelic","Blood Vial","Pocketwatch","CeramicFish"],"acts_visited":["Exordium"],"potions_floor_usage":[10,14,16],"damage_taken":[{"damage":0,"enemies":"Hallownest:monsterHuskWarrior","floor":1,"turns":4},{"damage":0,"enemies":"Hallownest:monsterHuskGuard","floor":4,"turns":5},{"damage":44,"enemies":"Hallownest:eliteCrystalGuardian","floor":7,"turns":11},{"damage":1,"enemies":"Hallownest:eliteVengeflyKing","floor":10,"turns":6},{"damage":2,"enemies":"2_ Uuma","floor":11,"turns":5},{"damage":9,"enemies":"Hallownest:eliteCrystalGuardian","floor":13,"turns":8},{"damage":9,"enemies":"Hallownest:1_Baldur_1_Crawlid_1_Warrior","floor":14,"turns":5},{"damage":53,"enemies":"Hallownest:BossHornet","floor":16,"turns":10}],"seed_played":"-6223117801793633623","potions_obtained":[{"floor":7,"key":"CunningPotion"},{"floor":10,"key":"blueLaboratory:ArtificerPotion"},{"floor":11,"key":"blueLaboratory:PhilterOfMotion"},{"floor":13,"key":"blueLaboratory:BottleOfRum"},{"floor":14,"key":"EssenceOfSteel"}],"is_trial":false,"path_per_floor":["M","?","?","M","?","R","E","R","T","E","M","R","E","M","R","B"],"character_chosen":"THE_SILENT","items_purchased":[],"campfire_rested":2,"item_purchase_floors":[],"current_hp_per_floor":[70,70,61,61,61,61,17,38,38,39,39,39,32,25,46,0,0],"gold":275,"neow_bonus":"BOSS_RELIC","is_daily":false,"chose_seed":false,"campfire_upgraded":1,"win_rate":0.0,"timestamp":1614061594,"path_taken":["M","?","?","M","?","R","E","R","T","E","?","R","E","M","R","BOSS"],"items_purchased_type":[],"build_version":"2020-12-22","purchased_purges":0,"victory":false,"max_hp_per_floor":[70,70,70,70,70,70,70,70,70,70,70,70,70,70,70,70,70],"relic_stats":{"Blood Vial":10,"counters":[8,54],"CeramicFish":27,"obtain_stats":[{"Blood Vial":7,"CeramicFish":13,"Philosopher\u0027s Stone":0,"Hallownest:DreamNailRelic":5,"EVO:Axolotl":0,"Ring of the Snake":0,"Pocketwatch":10},{"Blood Vial":3,"CeramicFish":6,"Philosopher\u0027s Stone":0,"Hallownest:DreamNailRelic":2,"EVO:Axolotl":0,"Ring of the Snake":0,"Pocketwatch":4},{"Blood Vial":20,"CeramicFish":39,"Philosopher\u0027s Stone":0,"Hallownest:DreamNailRelic":9,"EVO:Axolotl":0,"Ring of the Snake":0,"Pocketwatch":26}],"Pocketwatch":[21]},"card_choices":[{"not_picked":["Quick Slash","Backflip"],"picked":"Sucker Punch","floor":1},{"not_picked":["Prepared","Accuracy"],"picked":"Dagger Spray","floor":4},{"not_picked":["TH:DeckOfManyThings"],"picked":"TH:ElvenBoots","floor":7},{"not_picked":["Reflex","Acrobatics"],"picked":"Poisoned Stab","floor":7},{"not_picked":["TH:EnergyPotion"],"picked":"TH:ArmorSpikes","floor":9},{"not_picked":["TH:ElvenBoots"],"picked":"TH:ArmorSpikes","floor":10},{"not_picked":["Tools of the Trade","Outmaneuver"],"picked":"Caltrops","floor":10},{"not_picked":["Dodge and Roll","Backflip"],"picked":"Bane","floor":11},{"not_picked":["TH:Mimic"],"picked":"TH:ElvenBoots","floor":13},{"not_picked":["Dodge and Roll","Underhanded Strike"],"picked":"Blur","floor":13},{"not_picked":["Backstab","Sucker Punch"],"picked":"Dagger Spray","floor":14}],"player_experience":253679,"relics_obtained":[{"floor":7,"key":"Blood Vial"},{"floor":10,"key":"Pocketwatch"},{"floor":13,"key":"CeramicFish"}],"event_choices":[],"is_beta":false,"boss_relics":[],"items_purged_floors":[],"is_endless":false,"potions_floor_spawned":[7,10,11,13,14],"killed_by":"Hallownest:BossHornet","ascension_level":2}}