{"host":"bplbr8uekuotory4","time":1614070086,"event":{"mods":["Act Like it!","BaseMod","Custom Start","GungeonMod","Hermit","KinomotoSakuraMod(木之本樱)","Marisa（F雨　魔理沙）","Minty Spire (QoL Compilation)","Prisma Mod","Quick Restart","Reimu（博丽灵梦）","SOS（斯巴达之子）","Spicy Shops","StSLib","TestMod","The Blackbeard","The Cursed","The Mystic","The Saiyan","The Senshi","The Servant 0.9.4","Yuri Mod","[IsaacMod]以撒尖塔"],"gold_per_floor":[115,131,146,71,71,68,68],"floor_reached":6,"language":"ZHS","playtime":72,"items_purged":["Strike_G"],"score":70,"play_id":"54144b28-9b34-45b2-9d57-b8a4dcc43c77","local_time":"20210223164806","is_ascension_mode":true,"campfire_choices":[],"circlet_count":0,"master_deck":["AscendersBane","Strike_G","Strike_G","Strike_G","Strike_G","Defend_G","Defend_G","Defend_G","Defend_G","Defend_G","Survivor","Neutralize","Masterful Stab","Bane","Poor:ReiMu"],"relics":["Ring of the Snake","testmod-TestBox","HushsDoor","Damocles","testmod-Antiphasic","NeowsBlessing","testmod-Justice","TheBean","Blue Candle","YidongShenshe:ReiMu"],"acts_visited":["Exordium"],"potions_floor_usage":[],"damage_taken":[{"damage":0,"enemies":"Cultist","floor":1,"turns":1},{"damage":0,"enemies":"Jaw Worm","floor":2,"turns":1},{"damage":0,"enemies":"Small Slimes","floor":3,"turns":1},{"damage":2,"enemies":"Lagavulin","floor":6,"turns":2}],"seed_played":"-3134269416422685047","potions_obtained":[{"floor":2,"key":"Ancient Potion"}],"is_trial":false,"path_per_floor":["M","M","M","$","?","E"],"character_chosen":"THE_SILENT","items_purchased":[],"campfire_rested":0,"item_purchase_floors":[],"current_hp_per_floor":[59,59,59,59,59,57,57],"gold":68,"neow_bonus":"THREE_ENEMY_KILL","is_daily":false,"chose_seed":false,"campfire_upgraded":0,"win_rate":0.0,"timestamp":1614070086,"path_taken":["M","?","?","$","?","E"],"items_purchased_type":[],"build_version":"2020-12-22","purchased_purges":1,"victory":false,"max_hp_per_floor":[66,66,66,66,66,66,66],"card_choices":[{"not_picked":["Dodge and Roll","Doppelganger"],"picked":"Bomb","floor":1},{"not_picked":["Terror","Setup"],"picked":"Masterful Stab","floor":2},{"not_picked":["Cloak And Dagger","Eviscerate"],"picked":"Bane","floor":3}],"player_experience":1184973,"relics_obtained":[{"floor":1,"key":"testmod-Justice"},{"floor":2,"key":"TheBean"},{"floor":3,"key":"Blue Candle"}],"event_choices":[{"damage_healed":0,"gold_gain":0,"player_choice":"带走神社","damage_taken":0,"relics_obtained":["YidongShenshe:ReiMu"],"max_hp_gain":0,"max_hp_loss":0,"event_name":"yidonshenshe","floor":5,"gold_loss":0,"cards_obtained":["Poor:ReiMu"]}],"is_beta":false,"boss_relics":[],"items_purged_floors":[4],"is_endless":false,"potions_floor_spawned":[2],"killed_by":"Lagavulin","ascension_level":19}}