{"host":"jsd6g3c2vo13e69c","time":1614077827,"event":{"mods":["2.2 Compatiblity","Act Like it!","BaseMod","Better Altar","Better Match","Better Note","Better Sensory Stone","Better Third Choice","BetterRewards","Colored Map","Colored Powertips","Downfall","Friendly Minions","GifTheSpireLib","Googly Eyes","Gremlin Mod","Hermit","Hubris","Infinite Spire","Melee Mod","Minty Spire (QoL Compilation)","Permanent Neow","Quick Restart","Random Character Button","Replay The Spire","Shop Mod","Spire Arcade","StSLib","The Cursed","The Disciple","The Forsaken","thorton"],"gold_per_floor":[99,110,128,139,139,159,159,178,188,188,188,203,213,138,152,249,249,199,219,219,235,247,197,246,264,214,224,224,242,257,275,285,387,387,337,350,369,382,382,396,396,396,396,396],"floor_reached":42,"language":"ENG","playtime":2827,"items_purged":[],"score":479,"play_id":"d8ab31c4-d7b9-4668-a56a-38562d796bf7","local_time":"20210223055707","is_ascension_mode":false,"campfire_choices":[{"data":"Slimebound:Tackle","floor":1,"key":"SMITH"},{"data":"Slimebound:GoopTackle","floor":10,"key":"SMITH"},{"data":"Slimebound:PrepareCrush","floor":18,"key":"SMITH"},{"data":"Slimebound:Nibble","floor":23,"key":"SMITH"},{"data":"Slimebound:Prepare","floor":26,"key":"SMITH"}],"circlet_count":0,"master_deck":["Slimebound:Tackle+1","Slimebound:Split+1","Slimebound:CorrosiveSpit","Slimebound:Schlurp","Slimebound:ComboTackle","Slimebound:ViciousTackle","Slimebound:ComboTackle","hubris:DuctTapeCard","Slimebound:LeechLife","Slimebound:GoopTackle+1","hubris:Insight","Slimebound:LeechEnergy","Slimebound:RainOfGoop","Slimebound:Schlurp","Slimebound:PrepareCrush+1","Slimebound:SamplingLick","Pain","Slimebound:Nibble+1","Slimebound:Equalize+1","Slimebound:Schlurp","Slimebound:RainOfGoop+1","Slimebound:Dissolve","Slimebound:Prepare+1","Slimebound:SlimeTap","Slimebound:GoopSpray","Slimebound:Split","Slimebound:HauntingLick","Slimebound:ViciousTackle","Slimebound:RollThrough","Slimebound:LevelUp+1","Slimebound:Prepare","Slimebound:ForwardTackle","Slimebound:Schlurp","Slimebound:DisruptingSlam+1","Slimebound:LeechEnergy+1","Slimebound:MassFeed","Slimebound:GoopTackle","Slimebound:HauntingLick","Slimebound:SplitAcid","Slimebound:LevelUp","Slimebound:MegaLick","Slimebound:SamplingLick+1","Slimebound:SamplingLick+1","Slimebound:MegaLick","Slimebound:Schlurp+1","Slimebound:HauntingLick","Slimebound:LeadByExample+1","Slimebound:GoopSpray+1","Slimebound:ProtectTheBoss+1"],"relics":["Slimebound:AbsorbEndCombat","hubris:DuctTape","Slimebound:GreedOozeRelic","Replay:Grab Bag","ChewingGum","Slimebound:TarBlob","SlaversCollar","Prayer Wheel","theForsaken:Gavel","Pandora\u0027s Box","hubris:Towel","Nunchaku"],"acts_visited":["Exordium","TheCity","TheBeyond"],"potions_floor_usage":[6,12,15,16,30,31,42],"damage_taken":[{"damage":9,"enemies":"2 Louse","floor":2,"turns":3},{"damage":3,"enemies":"Cultist","floor":3,"turns":3},{"damage":8,"enemies":"Small Slimes","floor":4,"turns":3},{"damage":6,"enemies":"3 Louse","floor":6,"turns":3},{"damage":6,"enemies":"2 Fungi Beasts","floor":8,"turns":2},{"damage":23,"enemies":"Exordium Wildlife","floor":9,"turns":4},{"damage":16,"enemies":"Gremlin Gang","floor":12,"turns":5},{"damage":17,"enemies":"Lots of Slimes","floor":13,"turns":4},{"damage":15,"enemies":"Blue Slaver","floor":15,"turns":3},{"damage":21,"enemies":"IC_STATUS_ARCHETYPE","floor":16,"turns":6},{"damage":26,"enemies":"downfall:LooterAlt2","floor":19,"turns":3},{"damage":13,"enemies":"Shell Parasite","floor":21,"turns":3},{"damage":11,"enemies":"Centurion and Healer","floor":22,"turns":3},{"damage":0,"enemies":"Snake Plant","floor":25,"turns":2},{"damage":11,"enemies":"Sentry and Sphere","floor":27,"turns":3},{"damage":7,"enemies":"Cultist and Chosen","floor":29,"turns":3},{"damage":21,"enemies":"Chosen and Byrds","floor":30,"turns":4},{"damage":29,"enemies":"Snake Plant","floor":31,"turns":2},{"damage":26,"enemies":"Centurion and Healer","floor":32,"turns":5},{"damage":25,"enemies":"DF_ARCHETYPE_CLAW","floor":33,"turns":4},{"damage":10,"enemies":"3 Darklings","floor":36,"turns":2},{"damage":0,"enemies":"3 Shapes","floor":37,"turns":2},{"damage":5,"enemies":"Sphere and 2 Shapes","floor":38,"turns":3},{"damage":20,"enemies":"4 Shapes","floor":40,"turns":3},{"damage":30,"enemies":"infinitespire:Three Voidlings","floor":42,"turns":5},{"damage":83,"enemies":"Nightmare_Alpha","floor":42,"turns":8}],"seed_played":"-6698823520804677699","potions_obtained":[{"floor":2,"key":"sneckomod:MuddlingPotion"},{"floor":4,"key":"bronze:BurnAndBuffPotion"},{"floor":9,"key":"AttackPotion"},{"floor":13,"key":"Dexterity Potion"},{"floor":21,"key":"Ancient Potion"},{"floor":22,"key":"champ:CounterPotion"},{"floor":27,"key":"Dexterity Potion"},{"floor":30,"key":"ColorlessPotion"},{"floor":40,"key":"Explosive Potion"}],"is_trial":false,"path_per_floor":["R","M","M","M","?","M","T","M","M","R","?","M","M","?","M","B",null,"R","M","?","M","M","R","T","M","R","M","?","M","M","M","M","B",null,"R_BF","M","M","M","?","M","T","?"],"character_chosen":"SLIMEBOUND","items_purchased":[],"campfire_rested":0,"item_purchase_floors":[],"current_hp_per_floor":[71,64,65,61,61,61,61,57,46,46,46,36,21,21,6,5,71,71,49,49,48,57,57,57,71,71,66,66,70,70,42,71,50,71,71,71,77,74,74,62,62,0,0,0],"gold":396,"neow_bonus":"TEN_PERCENT_HP_BONUS","is_daily":false,"chose_seed":false,"campfire_upgraded":5,"win_rate":0.0,"timestamp":1614077827,"path_taken":["R","M","M","M","?","M","T","?","M","R","?","M","M","?","M","BOSS","R","M","?","M","M","R","T","M","R","M","?","M","M","?","M","BOSS","R_BF","M","?","M","?","M","T","?"],"items_purchased_type":[],"build_version":"2020-12-22","purchased_purges":0,"victory":false,"max_hp_per_floor":[71,71,71,71,71,71,71,71,71,71,71,71,71,71,71,71,71,71,71,71,71,71,71,71,71,71,71,71,71,71,71,71,71,71,71,71,77,77,77,77,77,77,77,77],"card_choices":[{"not_picked":["Slimebound:AcidTongue","Slimebound:LevelUp"],"picked":"Slimebound:Schlurp","floor":2},{"not_picked":["Slimebound:HauntingLick","Slimebound:SpikyOuterGoop"],"picked":"Slimebound:ComboTackle","floor":3},{"not_picked":["Slimebound:PressTheAttack","Slimebound:SpikyOuterGoop"],"picked":"Slimebound:ViciousTackle","floor":4},{"not_picked":["Slimebound:LivingWall","Slimebound:Repurpose"],"picked":"Slimebound:ComboTackle","floor":6},{"not_picked":["Slimebound:Prepare","Slimebound:ItLooksTasty"],"picked":"Slimebound:LeechLife","floor":8},{"not_picked":["Slimebound:Equalize","Slimebound:SlimeBrawl"],"picked":"Slimebound:GoopTackle","floor":9},{"not_picked":["Secret Technique","hubris:EnhanceAbility"],"picked":"hubris:Insight","floor":11},{"not_picked":["Slimebound:FinishingTackle","Slimebound:Repurpose"],"picked":"Slimebound:LeechEnergy","floor":12},{"not_picked":["Slimebound:GoopTackle","Slimebound:FormOfPuddle"],"picked":"Slimebound:RainOfGoop","floor":13},{"not_picked":["Slimebound:ComboTackle","Slimebound:LevelUp"],"picked":"Slimebound:Schlurp","floor":15},{"not_picked":["Slimebound:Overexert","Slimebound:MassRepurpose"],"picked":"Slimebound:PrepareCrush","floor":16},{"not_picked":["Slimebound:Equalize","Slimebound:SplitBruiser"],"picked":"Slimebound:SamplingLick","floor":19},{"not_picked":["Slimebound:Dissolve+1","Slimebound:SplitLeeching"],"picked":"Slimebound:Nibble","floor":21},{"not_picked":["Slimebound:SlimeSpikes","Slimebound:LeechEnergy+1"],"picked":"Slimebound:Equalize+1","floor":21},{"not_picked":["Slimebound:SplitLeeching","Slimebound:PressTheAttack"],"picked":"Slimebound:Schlurp","floor":22},{"not_picked":["Slimebound:LeechEnergy","Slimebound:SplitMire"],"picked":"Slimebound:RainOfGoop+1","floor":22},{"not_picked":["Slimebound:FormOfPuddle","Slimebound:AcidTongue"],"picked":"Slimebound:Dissolve","floor":25},{"not_picked":["Slimebound:SamplingLick","Slimebound:SlimeBrawl+1"],"picked":"Slimebound:Prepare","floor":25},{"not_picked":["Slimebound:LeechEnergy","Slimebound:RollThrough"],"picked":"Slimebound:SlimeTap","floor":27},{"not_picked":["Slimebound:DuplicatedForm","Slimebound:SplitMire"],"picked":"Slimebound:GoopSpray","floor":27},{"not_picked":["Slimebound:HauntingLick","Slimebound:Dissolve"],"picked":"Slimebound:RollThrough","floor":29},{"not_picked":["Slimebound:LivingWall","Slimebound:SplitMire"],"picked":"Slimebound:LevelUp+1","floor":29},{"not_picked":["Slimebound:SplitLeeching","Slimebound:Chomp"],"picked":"Slimebound:Prepare","floor":30},{"not_picked":["Slimebound:SlimeSpikes+1","Slimebound:SplitLeeching"],"picked":"Slimebound:ForwardTackle","floor":30},{"not_picked":["Slimebound:SplitBruiser","Slimebound:GoopTackle+1"],"picked":"Slimebound:Schlurp","floor":31},{"not_picked":["Slimebound:SplitBruiser+1","Slimebound:ItLooksTasty"],"picked":"Slimebound:DisruptingSlam+1","floor":31},{"not_picked":["Slimebound:SplitBruiser","Slimebound:WasteNot"],"picked":"Slimebound:LeechEnergy","floor":32},{"not_picked":["Slimebound:LeechingTouch","Slimebound:Repurpose","Slimebound:ComboTackle"],"picked":"SKIP","floor":32},{"not_picked":["Slimebound:DuplicatedForm","Slimebound:Teamwork"],"picked":"Slimebound:MassFeed","floor":33},{"not_picked":["Slimebound:HauntingLick","Slimebound:SplitLeeching+1"],"picked":"Slimebound:SamplingLick+1","floor":36},{"not_picked":["Slimebound:ComboTackle","Slimebound:SplitBruiser+1"],"picked":"Slimebound:SamplingLick+1","floor":36},{"not_picked":["Slimebound:Dissolve","Slimebound:ComboTackle"],"picked":"Slimebound:MegaLick","floor":37},{"not_picked":["Slimebound:LivingWall+1","Slimebound:SlimeBrawl+1"],"picked":"Slimebound:Schlurp+1","floor":37},{"not_picked":["Slimebound:RollThrough","Slimebound:SlimeBrawl+1"],"picked":"Slimebound:HauntingLick","floor":38},{"not_picked":["Slimebound:SplitBruiser+1","Slimebound:FirmFortitude"],"picked":"Slimebound:LeadByExample+1","floor":38},{"not_picked":["Slimebound:PressTheAttack","Slimebound:ItLooksTasty+1"],"picked":"Slimebound:GoopSpray+1","floor":40},{"not_picked":["Slimebound:Schlurp","Slimebound:GoopTackle"],"picked":"Slimebound:ProtectTheBoss+1","floor":40}],"player_experience":407428,"relics_obtained":[{"floor":7,"key":"hubris:DuctTape"},{"floor":24,"key":"theForsaken:Gavel"},{"floor":41,"key":"Nunchaku"}],"event_choices":[{"damage_healed":0,"gold_gain":1,"player_choice":"1","damage_taken":0,"max_hp_gain":0,"max_hp_loss":0,"event_name":"betterStone:BetterStone","floor":11,"gold_loss":0}],"is_beta":false,"boss_relics":[{"not_picked":["hubris:TerracottaHorce","Snecko Eye"],"picked":"Replay:Grab Bag"},{"not_picked":["infinitespire:Cupcake","bronze:MakeshiftBattery"],"picked":"ChewingGum"},{"not_picked":["Velvet Choker","Coffee Dripper"],"picked":"Slimebound:TarBlob"},{"not_picked":["hubris:HollowSoul","ReplayTheSpireMod:SealedPack"],"picked":"SlaversCollar"},{"not_picked":["Replay:Ancient Bell","Runic Pyramid"],"picked":"Pandora\u0027s Box"}],"items_purged_floors":[],"is_endless":false,"potions_floor_spawned":[2,4,9,13,21,22,27,29,30,40],"killed_by":"Nightmare_Alpha","ascension_level":0}}