{"host":"f76kcizrccta30ww","time":1614065521,"event":{"mods":["Act Like it!","Aspiration","BaseMod","Gensokyo","Marisa£®ÏF”Í°°ƒß¿Ì…≥£©","Minty Spire (QoL Compilation)","Pale of the Ancients","Replay The Spire","Shop Mod","StSLib","TestMod"],"gold_per_floor":[113,130,130,144,173,209,209,225,274,233,154,172,191,212,212,323,323,347,439,439,460,202,206,206],"floor_reached":23,"language":"ZHS","playtime":1313,"items_purged":[],"score":282,"play_id":"96082d09-ccc0-4ddd-bb32-ef32e559d904","local_time":"20210223153201","is_ascension_mode":true,"campfire_choices":[{"data":"Calculated Gamble","floor":7,"key":"SMITH"},{"floor":15,"key":"REST"}],"circlet_count":0,"master_deck":["Strike_G","Strike_G","Strike_G","Strike_G","Strike_G","Defend_G","Defend_G","Defend_G","Defend_G","Survivor","Neutralize","Dagger Spray","Blade Dance","Crippling Poison","Dagger Spray","Calculated Gamble+1","Underhanded Strike","Deadly Poison","Outmaneuver","Blade Dance","A Thousand Cuts","Flying Knee","Dagger Throw+1","Backflip+1","Tactician+1","Dagger Spray","testmod-Librarian","Flying Knee"],"relics":["Ring of the Snake","testmod-TestBox","testmod-TheFather","NeowsBlessing","Regal Pillow","Bronze Scales","testmod-HeartOfDaVinci","Black Star","PrismaticShard","MerchantsRug","TwistedFunnel"],"acts_visited":["Exordium","TheCity"],"potions_floor_usage":[13,16,21],"damage_taken":[{"damage":0,"enemies":"Jaw Worm","floor":1,"turns":1},{"damage":0,"enemies":"Small Slimes","floor":2,"turns":1},{"damage":0,"enemies":"Cultist","floor":4,"turns":1},{"damage":14,"enemies":"Large Slime","floor":5,"turns":4},{"damage":32,"enemies":"Gremlin Nob","floor":6,"turns":5},{"damage":8,"enemies":"Looter","floor":8,"turns":2},{"damage":0,"enemies":"Blue Slaver","floor":12,"turns":2},{"damage":0,"enemies":"2 Fungi Beasts","floor":13,"turns":1},{"damage":7,"enemies":"Exordium Wildlife","floor":14,"turns":2},{"damage":0,"enemies":"Slime Boss","floor":16,"turns":5},{"damage":0,"enemies":"3 Byrds","floor":18,"turns":2},{"damage":3,"enemies":"2 Thieves","floor":21,"turns":2},{"damage":44,"enemies":"Book of Stabbing","floor":23,"turns":3}],"seed_played":"-6743512093860547436","potions_obtained":[{"floor":4,"key":"Adrenaline Potion"},{"floor":8,"key":"Energy Potion"},{"floor":12,"key":"Adrenaline Potion"},{"floor":14,"key":"PowerPotion"},{"floor":16,"key":"Ancient Potion"},{"floor":21,"key":"Dexterity Potion"}],"is_trial":false,"path_per_floor":["M","M","?","M","M","E","R","M","T","?","?","M","M","M","R","B",null,"M","?","?","M","$","E"],"character_chosen":"THE_SILENT","items_purchased":["MerchantsRug","TwistedFunnel","Flying Knee"],"campfire_rested":1,"item_purchase_floors":[22,22,22],"current_hp_per_floor":[70,70,63,63,49,17,17,9,9,9,9,9,9,2,38,38,70,70,53,45,42,42,0,0],"gold":206,"neow_bonus":"THREE_ENEMY_KILL","is_daily":false,"chose_seed":false,"campfire_upgraded":1,"win_rate":0.0,"timestamp":1614065521,"path_taken":["M","M","?","M","M","E","R","M","T","?","?","?","M","M","R","BOSS","M","?","?","M","$","E"],"items_purchased_type":["Relic","Relic","Card"],"build_version":"2020-12-22","purchased_purges":0,"victory":false,"max_hp_per_floor":[70,70,70,70,70,70,70,70,70,70,70,70,70,70,70,70,70,70,70,70,70,70,70,70],"card_choices":[{"not_picked":["ReplayTheSpireMod:Speed Training","Underhanded Strike"],"picked":"Dagger Spray","floor":1},{"not_picked":["Sucker Punch","Dash"],"picked":"Blade Dance","floor":2},{"not_picked":["Blade Dance","Leg Sweep"],"picked":"Crippling Poison","floor":4},{"not_picked":["Cloak And Dagger","Accuracy"],"picked":"Dagger Spray","floor":5},{"not_picked":["Accuracy","Predator"],"picked":"Calculated Gamble","floor":6},{"not_picked":["ReplayTheSpireMod:Exploit Weakness","Sucker Punch"],"picked":"Underhanded Strike","floor":8},{"not_picked":["ReplayTheSpireMod:Exploit Weakness","Fluid Movement"],"picked":"Deadly Poison","floor":12},{"not_picked":["Draining Mist","Skewer"],"picked":"Outmaneuver","floor":13},{"not_picked":["Deflect","ReplayTheSpireMod:Necrosis"],"picked":"Blade Dance","floor":14},{"not_picked":["Corpse Explosion","ReplayTheSpireMod:From All Sides"],"picked":"A Thousand Cuts","floor":16},{"not_picked":["ReplayTheSpireMod:The Works","Caltrops"],"picked":"Flying Knee","floor":18},{"not_picked":["Deadly Poison+1","Bane"],"picked":"Dagger Throw+1","floor":19},{"not_picked":["Infinite Blades","Flying Knee"],"picked":"Backflip+1","floor":19},{"not_picked":["Bane","Underhanded Strike"],"picked":"Tactician+1","floor":19},{"not_picked":["Leg Sweep","Reflex+1"],"picked":"Dagger Spray","floor":20},{"not_picked":["Trip","Beam Cell"],"picked":"testmod-Librarian","floor":21}],"player_experience":55790,"relics_obtained":[{"floor":6,"key":"Regal Pillow"},{"floor":9,"key":"Bronze Scales"},{"floor":20,"key":"PrismaticShard"}],"event_choices":[{"cards_removed":["Defend_G"],"damage_healed":0,"gold_gain":0,"player_choice":"Card Removal","damage_taken":7,"max_hp_gain":0,"max_hp_loss":0,"event_name":"Golden Wing","floor":3,"gold_loss":0},{"damage_healed":0,"gold_gain":0,"player_choice":"Left Gold","damage_taken":0,"max_hp_gain":0,"max_hp_loss":0,"event_name":"World of Goop","floor":10,"gold_loss":41},{"damage_healed":0,"gold_gain":0,"player_choice":"Paid Gold","damage_taken":0,"relics_obtained":["testmod-HeartOfDaVinci"],"max_hp_gain":0,"max_hp_loss":0,"event_name":"WeMeetAgain","floor":11,"gold_loss":79}],"is_beta":false,"boss_relics":[{"not_picked":["Replay:Bronze Core","aspiration:RunicSpoon"],"picked":"Black Star"}],"items_purged_floors":[],"is_endless":false,"potions_floor_spawned":[4,8,12,14,16,21],"killed_by":"Book of Stabbing","ascension_level":3}}