{"host":"s8caws4n06h39s1x","time":1614114670,"event":{"mods":["BaseMod","Colored Powertips","Highlight Path","Minty Spire (QoL Compilation)","Quick Restart"],"gold_per_floor":[144,189,189,36,81,81,81,171,183,285,387,399,486,44,44,344,344,389,434,479,179,244,334,334,424,424,424,194,239,239,329,329,629,629,674,674,674,719,340,430,520,970,995,1095,1095,1140,767,857,857,857],"floor_reached":51,"language":"ENG","playtime":3067,"items_purged":[],"score":982,"play_id":"c15abb1e-0d0e-45b4-bf6c-3f4976ee0685","local_time":"20210223221110","daily_mods":["Draft","Flight","Midas"],"is_ascension_mode":false,"campfire_choices":[{"floor":6,"key":"REST"},{"floor":15,"key":"REST"},{"floor":24,"key":"REST"},{"floor":30,"key":"REST"},{"floor":32,"key":"REST"},{"floor":45,"key":"REST"},{"floor":49,"key":"REST"}],"circlet_count":0,"master_deck":["Entrench+1","True Grit","Body Slam","Flame Barrier","Shockwave","Wild Strike","Infernal Blade","Body Slam","True Grit","Reckless Charge","Body Slam","Anger","Iron Wave","Battle Trance","True Grit","Anger","Armaments","Juggernaut+1","True Grit","Shrug It Off","Flame Barrier","Feel No Pain","Flame Barrier+1","Mayhem","Berserk","Thunderclap+1","Evolve+1","Intimidate+1","Iron Wave+1","Feel No Pain","Anger+1","Fire Breathing+1","Demon Form","Power Through+1","Good Instincts+1","Warcry+1","Fire Breathing","True Grit+1","Feel No Pain","Parasite","Ghostly Armor+1","Metallicize","Shrug It Off+1"],"relics":["Burning Blood","MawBank","Centennial Puzzle","InkBottle","Molten Egg 2","Paper Frog","Sozu","Toolbox","Happy Flower","Calipers","Akabeko","Toxic Egg 2","Brimstone","Bird Faced Urn","Black Star","FossilizedHelix","Dream Catcher","War Paint","Singing Bowl","Red Skull","Old Coin","Anchor","Charon\u0027s Ashes","Ice Cream","Orichalcum"],"acts_visited":["Exordium","TheCity","TheBeyond"],"potions_floor_usage":[25,25,33],"damage_taken":[{"damage":0,"enemies":"Jaw Worm","floor":1,"turns":3},{"damage":0,"enemies":"Cultist","floor":2,"turns":3},{"damage":0,"enemies":"2 Louse","floor":5,"turns":3},{"damage":19,"enemies":"Gremlin Nob","floor":8,"turns":5},{"damage":17,"enemies":"3 Sentries","floor":10,"turns":7},{"damage":2,"enemies":"Lagavulin","floor":11,"turns":7},{"damage":16,"enemies":"Hexaghost","floor":16,"turns":9},{"damage":3,"enemies":"Chosen","floor":18,"turns":4},{"damage":7,"enemies":"Shell Parasite","floor":19,"turns":5},{"damage":0,"enemies":"Centurion and Healer","floor":20,"turns":6},{"damage":4,"enemies":"Shelled Parasite and Fungi","floor":22,"turns":4},{"damage":50,"enemies":"Gremlin Leader","floor":23,"turns":8},{"damage":49,"enemies":"Slavers","floor":25,"turns":3},{"damage":6,"enemies":"Snake Plant","floor":29,"turns":3},{"damage":12,"enemies":"Book of Stabbing","floor":31,"turns":4},{"damage":24,"enemies":"Collector","floor":33,"turns":5},{"damage":11,"enemies":"Orb Walker","floor":35,"turns":3},{"damage":0,"enemies":"3 Darklings","floor":38,"turns":3},{"damage":10,"enemies":"Reptomancer","floor":40,"turns":6},{"damage":25,"enemies":"Nemesis","floor":41,"turns":5},{"damage":2,"enemies":"Mind Bloom Boss Battle","floor":42,"turns":6},{"damage":0,"enemies":"Writhing Mass","floor":46,"turns":5},{"damage":0,"enemies":"Giant Head","floor":48,"turns":6},{"damage":73,"enemies":"Awakened One","floor":50,"turns":9}],"seed_played":"-7386017133472573341","potions_obtained":[{"floor":1,"key":"DistilledChaos"},{"floor":2,"key":"Dexterity Potion"},{"floor":10,"key":"LiquidBronze"}],"is_trial":false,"path_per_floor":["M","M","?","$","M","R","?","E","T","E","E","?","?","$","R","B",null,"M","M","M","$","M","E","R","E","T","?","$","M","R","E","R","B",null,"M","?","?","M","$","E","E","?","T","?","R","M","$","E","R","B",null],"character_chosen":"IRONCLAD","items_purchased":["Juggernaut","Paper Frog","Flame Barrier","Mayhem","Toolbox","Happy Flower","Brimstone","Feel No Pain","FossilizedHelix","Fire Breathing","Charon\u0027s Ashes","Metallicize"],"campfire_rested":7,"item_purchase_floors":[4,14,14,14,21,21,28,28,39,39,47,47],"current_hp_per_floor":[80,80,80,80,80,80,80,67,67,56,60,60,49,49,73,63,80,80,79,80,80,80,36,60,17,17,17,17,17,41,35,59,57,80,75,75,75,80,80,80,75,84,84,84,84,84,84,84,86,33],"gold":857,"neow_bonus":"","is_daily":true,"chose_seed":false,"campfire_upgraded":0,"win_rate":0.0,"timestamp":1614114670,"path_taken":["M","M","?","$","?","R","?","E","T","E","E","?","?","?","R","BOSS","M","M","M","$","M","E","R","E","T","?","$","M","R","E","R","BOSS","M","?","?","?","$","E","E","?","T","?","R","?","$","E","R","BOSS"],"items_purchased_type":["Card","Relic","Card","Card","Relic","Relic","Relic","Card","Relic","Card","Relic","Card"],"build_version":"2020-12-22","purchased_purges":0,"victory":true,"max_hp_per_floor":[80,80,80,80,80,80,80,80,80,80,80,80,80,80,80,80,80,80,80,80,80,80,80,80,80,80,80,80,80,80,80,80,80,80,80,80,80,80,80,80,82,84,84,84,84,84,84,84,86,86],"card_choices":[{"not_picked":["Thunderclap","Spot Weakness"],"picked":"Entrench","floor":0},{"not_picked":["Battle Trance","Evolve"],"picked":"True Grit","floor":0},{"not_picked":["Armaments","Iron Wave"],"picked":"Body Slam","floor":0},{"not_picked":["Searing Blow","Shrug It Off"],"picked":"Flame Barrier","floor":0},{"not_picked":["Flex","Heavy Blade"],"picked":"Shockwave","floor":0},{"not_picked":["Clash","Heavy Blade"],"picked":"Wild Strike","floor":0},{"not_picked":["Flex","Thunderclap"],"picked":"Infernal Blade","floor":0},{"not_picked":["Heavy Blade","Iron Wave"],"picked":"Body Slam","floor":0},{"not_picked":["Pommel Strike","Rampage"],"picked":"True Grit","floor":0},{"not_picked":["Pummel","Headbutt"],"picked":"Reckless Charge","floor":0},{"not_picked":["Flex","Cleave"],"picked":"Body Slam","floor":0},{"not_picked":["Perfected Strike","Heavy Blade"],"picked":"Anger","floor":0},{"not_picked":["Heavy Blade","Warcry"],"picked":"Iron Wave","floor":0},{"not_picked":["Uppercut","Pommel Strike"],"picked":"Battle Trance","floor":0},{"not_picked":["Perfected Strike","Headbutt"],"picked":"True Grit","floor":0},{"not_picked":["Heavy Blade","Sword Boomerang"],"picked":"Anger","floor":1},{"not_picked":["Entrench","Shrug It Off"],"picked":"Armaments","floor":2},{"not_picked":["Flex","Battle Trance"],"picked":"True Grit","floor":5},{"not_picked":["Spot Weakness","Perfected Strike"],"picked":"Shrug It Off","floor":8},{"not_picked":["Intimidate","Evolve"],"picked":"Flame Barrier","floor":10},{"not_picked":["Fire Breathing","Headbutt+1"],"picked":"Feel No Pain","floor":11},{"not_picked":["Offering","Exhume"],"picked":"Berserk","floor":16},{"not_picked":["Heavy Blade+1","Dropkick+1"],"picked":"Thunderclap+1","floor":18},{"not_picked":["Sword Boomerang+1","Havoc"],"picked":"Evolve+1","floor":19},{"not_picked":["Pommel Strike+1","Pummel+1"],"picked":"Intimidate+1","floor":20},{"not_picked":["Armaments","Burning Pact"],"picked":"Iron Wave+1","floor":22},{"not_picked":["Reaper+1","Thunderclap+1","Sword Boomerang+1"],"picked":"SKIP","floor":23},{"not_picked":["Clash+1","Thunderclap+1","Seeing Red"],"picked":"SKIP","floor":25},{"not_picked":["Perfected Strike+1","Thunderclap+1"],"picked":"Anger+1","floor":29},{"not_picked":["Rage+1","Rupture"],"picked":"Fire Breathing+1","floor":31},{"not_picked":["Fiend Fire+1","Feed+1"],"picked":"Demon Form","floor":33},{"not_picked":["Thunderclap+1","True Grit+1"],"picked":"Power Through+1","floor":35},{"not_picked":["Madness+1","Master of Strategy+1"],"picked":"Good Instincts+1","floor":36},{"not_picked":["Pommel Strike+1","Heavy Blade+1"],"picked":"Warcry+1","floor":38},{"not_picked":["Thunderclap+1","Blood for Blood+1"],"picked":"True Grit+1","floor":40},{"not_picked":["Berserk","Headbutt+1","Pommel Strike+1"],"picked":"Singing Bowl","floor":41},{"not_picked":["Sword Boomerang+1","Heavy Blade+1","Perfected Strike+1"],"picked":"Singing Bowl","floor":42},{"not_picked":["Pommel Strike+1","Twin Strike+1"],"picked":"Feel No Pain","floor":45},{"not_picked":["Wild Strike+1","Immolate+1"],"picked":"Ghostly Armor+1","floor":46},{"not_picked":["Blood for Blood+1","Demon Form"],"picked":"Shrug It Off+1","floor":48},{"not_picked":["Heavy Blade+1","Cleave+1","Twin Strike+1"],"picked":"Singing Bowl","floor":49}],"player_experience":504186,"relics_obtained":[{"floor":8,"key":"MawBank"},{"floor":9,"key":"Centennial Puzzle"},{"floor":10,"key":"InkBottle"},{"floor":11,"key":"Molten Egg 2"},{"floor":23,"key":"Calipers"},{"floor":25,"key":"Akabeko"},{"floor":26,"key":"Toxic Egg 2"},{"floor":31,"key":"Bird Faced Urn"},{"floor":40,"key":"Dream Catcher"},{"floor":40,"key":"War Paint"},{"floor":41,"key":"Singing Bowl"},{"floor":41,"key":"Red Skull"},{"floor":42,"key":"Old Coin"},{"floor":43,"key":"Anchor"},{"floor":48,"key":"Ice Cream"},{"floor":48,"key":"Orichalcum"}],"event_choices":[{"damage_healed":0,"gold_gain":0,"player_choice":"Bought 0 Potions","damage_taken":0,"max_hp_gain":0,"max_hp_loss":0,"event_name":"The Woman in Blue","floor":3,"gold_loss":0},{"damage_healed":0,"gold_gain":0,"player_choice":"Leave","damage_taken":0,"max_hp_gain":0,"max_hp_loss":0,"event_name":"The Cleric","floor":7,"gold_loss":0},{"damage_healed":0,"gold_gain":0,"player_choice":"Grow","damage_taken":0,"max_hp_gain":0,"max_hp_loss":0,"event_name":"Living Wall","floor":12,"gold_loss":0,"cards_upgraded":["Juggernaut"]},{"damage_healed":0,"gold_gain":75,"player_choice":"Gather Gold","damage_taken":11,"max_hp_gain":0,"max_hp_loss":0,"event_name":"World of Goop","floor":13,"gold_loss":0},{"damage_healed":0,"gold_gain":0,"player_choice":"Ignored","damage_taken":0,"max_hp_gain":0,"max_hp_loss":0,"event_name":"Ghosts","floor":27,"gold_loss":0},{"damage_healed":0,"gold_gain":0,"player_choice":"Memory 1","damage_taken":0,"max_hp_gain":0,"max_hp_loss":0,"event_name":"SensoryStone","floor":36,"gold_loss":0},{"damage_healed":0,"gold_gain":0,"player_choice":"Ignored","damage_taken":0,"max_hp_gain":0,"max_hp_loss":0,"event_name":"Purifier","floor":37,"gold_loss":0},{"damage_healed":0,"gold_gain":0,"player_choice":"Fight","damage_taken":0,"max_hp_gain":0,"max_hp_loss":0,"event_name":"MindBloom","floor":42,"gold_loss":0},{"damage_healed":0,"gold_gain":100,"player_choice":"Pray","damage_taken":0,"max_hp_gain":0,"max_hp_loss":0,"event_name":"Golden Shrine","floor":44,"gold_loss":0}],"is_beta":false,"boss_relics":[{"not_picked":["Snecko Eye","Astrolabe"],"picked":"Sozu"},{"not_picked":["SlaversCollar","Tiny House"],"picked":"Black Star"}],"items_purged_floors":[],"is_endless":false,"potions_floor_spawned":[1,2,10,18,20,29,33,35,42],"ascension_level":0}}