{"host":"kw3n9x3mpxk65n60","time":1614118863,"event":{"mods":["BaseMod","Colored Map","Colored Powertips","Downfall","GifTheSpireLib","Hubris","Minty Spire (QoL Compilation)","Replay The Spire","StSLib","The Jungle"],"gold_per_floor":[99,116,172,230,230,264,289,313,328,29,29,22,22,46,59,158,158,58,68,68,84,32,45,45,65,65,97,32,132,32,48,48,48,48],"floor_reached":32,"language":"ENG","playtime":3952,"items_purged":["Parasite","sneckomod:Defend"],"score":306,"play_id":"99515714-b146-40c8-8276-6a87f0a92d4c","local_time":"20210223142103","is_ascension_mode":false,"campfire_choices":[{"data":"sneckomod:Unknown","floor":1.0,"key":"SMITH"},{"data":"sneckomod:UnknownBoss","floor":11,"key":"SMITH"},{"data":"sneckomod:UnknownX","floor":13,"key":"SMITH"},{"floor":18,"key":"RECALL"},{"floor":30,"key":"REST"}],"circlet_count":0,"master_deck":["sneckomod:Strike","sneckomod:Strike","sneckomod:Strike","sneckomod:Defend","sneckomod:Defend","sneckomod:TailWhip","sneckomod:SnekBite+1","sneckomod:Unknown+1","sneckomod:Unknown","sneckomod:CheapStock+1","sneckomod:RainOfDice","sneckomod:SerpentIdol","sneckomod:IronFang","sneckomod:TrashToTreasure","sneckomod:SerpentIdol","sneckomod:DiceBlock","sneckomod:UnknownX+1","sneckomod:UnknownRarePower","sneckomod:SerpentMind","sneckomod:UnknownClassSLIMEBOUND+1","sneckomod:UnknownClassSLIMEBOUND+1","sneckomod:UnknownClassSLIMEBOUND+1","sneckomod:UnknownClassSLIMEBOUND+1","sneckomod:UnknownClassSLIMEBOUND+1","Slimebound:Recollect","sneckomod:UnknownClassTHE_BRONZE_AUTOMATON+1","Slimebound:SplitSpecialist","Slimebound:Equalize","sneckomod:UnknownDraw","Slimebound:Nibble","sneckomod:UnknownCommonAttack+1","sneckomod:UnknownCommonSkill+1","sneckomod:SoulExchange+1","Slimebound:RollThrough","expansioncontent:AwakenDeath+1","sneckomod:ImprovisedGuard","Slimebound:CorrosiveSpit","sneckomod:UnknownDraw+1","Slimebound:RejuvenatingLick","sneckomod:SnekBeam","Slimebound:RainOfGoop"],"relics":["sneckomod:SneckoSoul","Centennial Puzzle","Replay:WaspNest","ReplayFunnel","Tiny Chest","Lee\u0027s Waffle","ReplayTheSpireMod:CursedCoin","Smiling Mask","Replay:Grab Bag","Fusion Hammer","hubris:VirtuousBlindfold","sneckomod:SneckoBoss","downfall:HeartBlessingBlue","Gambling Chip","Gremlin Food","Torii","Replay:Bottled Eggs","downfall:HeartBlessingRed"],"acts_visited":["Exordium","TheCity"],"potions_floor_usage":[29],"damage_taken":[{"damage":0.0,"enemies":"Cultist","floor":2.0,"turns":1.0},{"damage":48,"enemies":"Lagavulin Event","floor":3,"turns":7},{"damage":23,"enemies":"3 Sentries","floor":6,"turns":6},{"damage":0,"enemies":"2 Louse","floor":9,"turns":2},{"damage":6,"enemies":"downfall:FleeingMerchant","floor":10,"turns":4},{"damage":5,"enemies":"downfall:FleeingMerchant","floor":12,"turns":4},{"damage":1,"enemies":"Small Slimes","floor":15,"turns":3},{"damage":17,"enemies":"WA_ARCHETYPE_RETAIN","floor":16,"turns":6},{"damage":12,"enemies":"Shell Parasite","floor":19,"turns":3},{"damage":4,"enemies":"Chosen","floor":21,"turns":5},{"damage":0,"enemies":"downfall:FleeingMerchant","floor":22,"turns":4},{"damage":6,"enemies":"Snecko","floor":23,"turns":2},{"damage":10,"enemies":"Cultist and Chosen","floor":25,"turns":7},{"damage":18,"enemies":"Gremlin Leader","floor":27,"turns":7},{"damage":30,"enemies":"downfall:FleeingMerchant","floor":28,"turns":4},{"damage":26,"enemies":"Colosseum Nobs","floor":29,"turns":4},{"damage":42,"enemies":"Snake Plant","floor":31,"turns":2},{"damage":12,"enemies":"Centurion and Healer","floor":32,"turns":1}],"seed_played":"6835891990148572011","potions_obtained":[{"floor":4,"key":"Weak Potion"},{"floor":6,"key":"Venom Potion"},{"floor":15,"key":"SteroidPotion"},{"floor":16,"key":"Dexterity Potion"},{"floor":19,"key":"sneckomod:MuddlingPotion"},{"floor":31,"key":"sneckomod:DiceRollPotion"}],"is_trial":false,"path_per_floor":["R","M","?","?","?","E","T","T","M","$","R","$","R","T","M","B",null,"R_BF","M","?","M","$","M","T","M","R","E","$","?","R","M","M"],"character_chosen":"THE_SNECKO","items_purchased":["Lee\u0027s Waffle","sneckomod:UnknownBoss","ReplayTheSpireMod:CursedCoin","sneckomod:UnknownX","sneckomod:UnknownCommonAttack+1"],"campfire_rested":1,"item_purchase_floors":[10,10,12,12,22],"current_hp_per_floor":[90,90,42,42,42,19,19,19,19,97,97,92,92,92,91,74,94,104,92,92,88,92,90,90,84,84,70,40,14,45,11,0,0,0],"gold":48,"neow_bonus":"UPGRADE_CARD","is_daily":false,"chose_seed":false,"campfire_upgraded":3,"win_rate":0.0,"timestamp":1614118863,"path_taken":["R","M","?","?","?","E","T","?","?","$","R","?","R","?","M","BOSS","R_BF","M","?","M","$","M","T","M","R","E","?","?","R","M","M"],"items_purchased_type":["Relic","Card","Relic","Card","Card"],"build_version":"2020-12-22","purchased_purges":2,"victory":false,"max_hp_per_floor":[90,90,90,90,90,90,90,90,90,97,97,94,94,94,94,94,94,104,104,104,104,104,104,104,104,104,104,104,104,104,104,104,104,104],"card_choices":[{"not_picked":["sneckomod:RainOfDice","sneckomod:MasterEye"],"picked":"sneckomod:CheapStock","floor":2},{"not_picked":["sneckomod:UnknownExhaust","sneckomod:UnknownClassTHE_BRONZE_AUTOMATON"],"picked":"sneckomod:RainOfDice","floor":3},{"not_picked":["sneckomod:Unknown1Cost","sneckomod:UnknownClassSLIMEBOUND"],"picked":"sneckomod:SerpentIdol","floor":4},{"not_picked":["sneckomod:UnknownWeak","sneckomod:UnknownStrike"],"picked":"sneckomod:IronFang","floor":6},{"not_picked":["sneckomod:Unknown2Cost","sneckomod:UnknownBlock"],"picked":"sneckomod:TrashToTreasure","floor":9},{"not_picked":["sneckomod:TrashToTreasure","sneckomod:MasterEye"],"picked":"sneckomod:SerpentIdol","floor":10},{"not_picked":["sneckomod:Unknown1Cost","sneckomod:IronFang"],"picked":"sneckomod:DiceBlock","floor":12},{"not_picked":["sneckomod:DiceCrush","sneckomod:UnknownClassGREEN"],"picked":"sneckomod:UnknownRarePower","floor":15},{"not_picked":["sneckomod:UnknownBoss","sneckomod:Unknown3Cost"],"picked":"sneckomod:SerpentMind","floor":16},{"not_picked":["Slimebound:PressTheAttack","Slimebound:BestDefense"],"picked":"Slimebound:Recollect","floor":19},{"not_picked":["sneckomod:QuickBite","sneckomod:UnknownUncommonPower"],"picked":"sneckomod:UnknownClassTHE_BRONZE_AUTOMATON+1","floor":19},{"not_picked":["Slimebound:ViciousTackle","Slimebound:GoopTackle"],"picked":"Slimebound:Equalize","floor":21},{"not_picked":["sneckomod:SnakeSap","sneckomod:RainOfDice"],"picked":"sneckomod:UnknownDraw","floor":21},{"not_picked":["Slimebound:Chomp","Slimebound:Split"],"picked":"Slimebound:Nibble","floor":22},{"not_picked":["sneckomod:IronFang","sneckomod:UnknownDraw","sneckomod:DiceCrush+1"],"picked":"SKIP","floor":22},{"not_picked":["sneckomod:DiceCrush","sneckomod:SnekBeam"],"picked":"sneckomod:UnknownCommonSkill+1","floor":23},{"not_picked":["sneckomod:QuickMove","sneckomod:MasterEye+1"],"picked":"sneckomod:SoulExchange","floor":25},{"not_picked":["Slimebound:TongueLash","Slimebound:WasteNot"],"picked":"Slimebound:RollThrough","floor":25},{"not_picked":["sneckomod:Unknown1Cost","sneckomod:MasterEye+1"],"picked":"sneckomod:ImprovisedGuard","floor":27},{"not_picked":["Slimebound:TagTeam","Slimebound:FinishingTackle"],"picked":"Slimebound:CorrosiveSpit","floor":27},{"not_picked":["sneckomod:DiceBlock","sneckomod:Unknown0Cost"],"picked":"sneckomod:UnknownDraw+1","floor":28},{"not_picked":["Slimebound:SlimeTap","Slimebound:ServeAndProtect"],"picked":"Slimebound:RejuvenatingLick","floor":28},{"not_picked":["sneckomod:WideSting","sneckomod:UnknownCommonAttack"],"picked":"sneckomod:SnekBeam","floor":29},{"not_picked":["Slimebound:Teamwork","Slimebound:SlimeTap"],"picked":"Slimebound:RainOfGoop","floor":31},{"not_picked":["sneckomod:UnknownDraw","sneckomod:RainOfDice","sneckomod:CheapStock"],"picked":"SKIP","floor":31}],"player_experience":332517,"relics_obtained":[{"floor":3,"key":"Centennial Puzzle"},{"floor":4,"key":"Replay:WaspNest"},{"floor":6,"key":"ReplayFunnel"},{"floor":7,"key":"Tiny Chest"},{"floor":14,"key":"Smiling Mask"},{"floor":24,"key":"Gambling Chip"},{"floor":27,"key":"Gremlin Food"},{"floor":29,"key":"Torii"},{"floor":29,"key":"Replay:Bottled Eggs"}],"event_choices":[{"damage_healed":0,"gold_gain":0,"player_choice":"Read","damage_taken":0,"max_hp_gain":0,"max_hp_loss":0,"event_name":"The Library","floor":20,"gold_loss":0,"cards_obtained":["Slimebound:SplitSpecialist"]}],"is_beta":false,"boss_relics":[{"not_picked":["Busted Crown","ChewingGum"],"picked":"Replay:Grab Bag"},{"not_picked":["Abe\u0027s Treasure","hubris:CrackedHourglass"],"picked":"Fusion Hammer"},{"not_picked":["Replay:Fungal Core","Cursed Key"],"picked":"hubris:VirtuousBlindfold"},{"not_picked":["Ring of Chaos","Empty Cage"],"picked":"sneckomod:SneckoBoss"}],"items_purged_floors":[12,28],"is_endless":false,"potions_floor_spawned":[6,15,16,19,21,27,31],"killed_by":"Centurion and Healer","ascension_level":0}}