{"host":"iv24d026eac8pm4e","time":1614099064,"event":{"mods":["BaseMod","Minty Spire (QoL Compilation)"],"gold_per_floor":[111,123,134,134,134,134,144,177,177,177,177],"floor_reached":10,"language":"ENG","playtime":199,"items_purged":[],"score":126,"play_id":"7f5894eb-65c1-4e77-8b9c-8f08c098ba64","local_time":"20210223085104","is_ascension_mode":true,"campfire_choices":[{"data":"Zap","floor":6,"key":"SMITH"}],"circlet_count":0,"master_deck":["AscendersBane","Strike_B","Strike_B","Strike_B","Strike_B","Defend_B","Defend_B","Defend_B","Defend_B","Zap+1","Dualcast+1","Barrage+1","Ball Lightning","Beam Cell","Lockon","Conserve Battery"],"relics":["Cracked Core","Dream Catcher","Pantograph"],"acts_visited":["Exordium"],"potions_floor_usage":[8,10],"damage_taken":[{"damage":3,"enemies":"Small Slimes","floor":1,"turns":4},{"damage":2,"enemies":"Jaw Worm","floor":2,"turns":3},{"damage":8,"enemies":"2 Louse","floor":3,"turns":3},{"damage":9,"enemies":"Red Slaver","floor":7,"turns":3},{"damage":20,"enemies":"Lagavulin","floor":8,"turns":5},{"damage":16,"enemies":"Gremlin Nob","floor":10,"turns":2}],"seed_played":"1389011590665875272","potions_obtained":[{"floor":2,"key":"FearPotion"},{"floor":7,"key":"GamblersBrew"}],"is_trial":false,"path_per_floor":["M","M","M","?","?","R","M","E","T","E"],"character_chosen":"DEFECT","items_purchased":[],"campfire_rested":0,"item_purchase_floors":[],"current_hp_per_floor":[68,66,58,35,40,40,31,11,11,0,0],"gold":177,"neow_bonus":"TEN_PERCENT_HP_BONUS","is_daily":false,"chose_seed":false,"campfire_upgraded":1,"win_rate":0.0,"timestamp":1614099064,"path_taken":["M","M","M","?","?","R","M","E","T","E"],"items_purchased_type":[],"build_version":"2020-12-22","purchased_purges":0,"victory":false,"max_hp_per_floor":[78,78,78,78,83,83,83,83,83,83,83],"card_choices":[{"not_picked":["Gash","Steam"],"picked":"Barrage","floor":1},{"not_picked":["Scrape","Rebound"],"picked":"Ball Lightning","floor":2},{"not_picked":["Compile Driver","Sweeping Beam"],"picked":"Beam Cell","floor":3},{"not_picked":["Steam Power","Beam Cell"],"picked":"Lockon","floor":7},{"not_picked":["White Noise","Streamline"],"picked":"Conserve Battery","floor":8}],"player_experience":2600752,"relics_obtained":[{"floor":8,"key":"Dream Catcher"},{"floor":9,"key":"Pantograph"}],"event_choices":[{"damage_healed":0,"gold_gain":0,"player_choice":"Entered Light","damage_taken":23,"max_hp_gain":0,"max_hp_loss":0,"event_name":"Shining Light","floor":4,"gold_loss":0,"cards_upgraded":["Dualcast","Barrage"]},{"damage_healed":0,"gold_gain":0,"player_choice":"Donut","damage_taken":0,"max_hp_gain":5,"max_hp_loss":0,"event_name":"Big Fish","floor":5,"gold_loss":0}],"is_beta":false,"boss_relics":[],"items_purged_floors":[],"is_endless":false,"potions_floor_spawned":[2,7],"killed_by":"Gremlin Nob","ascension_level":17}}