{"host":"ztme5fio60r7om62","time":1614058020,"event":{"mods":["BaseMod","Highlight Path","Minty Spire (QoL Compilation)","Permanent Neow","everything is the same but u backflip on backflip"],"gold_per_floor":[114,127,141,159,172,204,231,275,311,323,335,335],"floor_reached":11,"language":"KOR","playtime":397,"items_purged":[],"score":87,"play_id":"bd676f51-216f-475d-a4af-4f7887866333","local_time":"20210223142700","is_ascension_mode":false,"campfire_choices":[],"circlet_count":0,"master_deck":["Strike_R","Strike_R","Strike_R","Strike_R","Strike_R","Defend_R","Defend_R","Defend_R","Bash","Heavy Blade","Flex","Battle Trance","Brutality","Perfected Strike","Ghostly Armor","Combust","Shrug It Off"],"relics":["Burning Blood","Orichalcum","MawBank","Incense Burner","Pen Nib"],"acts_visited":["Exordium"],"potions_floor_usage":[5,6,11],"damage_taken":[{"damage":0,"enemies":"Cultist","floor":1,"turns":3},{"damage":5,"enemies":"Small Slimes","floor":2,"turns":3},{"damage":7,"enemies":"2 Louse","floor":3,"turns":2},{"damage":11,"enemies":"Gremlin Gang","floor":4,"turns":3},{"damage":11,"enemies":"Lots of Slimes","floor":5,"turns":5},{"damage":32,"enemies":"Gremlin Nob","floor":6,"turns":5},{"damage":5,"enemies":"Looter","floor":7,"turns":3},{"damage":27,"enemies":"Lagavulin","floor":8,"turns":5},{"damage":10,"enemies":"3 Sentries","floor":11,"turns":3}],"seed_played":"-8011068152012440744","potions_obtained":[{"floor":1,"key":"Dexterity Potion"},{"floor":3,"key":"Energy Potion"},{"floor":4,"key":"Block Potion"},{"floor":6,"key":"Explosive Potion"}],"is_trial":false,"path_per_floor":["M","M","M","M","M","E","M","E","T","?","E"],"character_chosen":"IRONCLAD","items_purchased":[],"campfire_rested":0,"item_purchase_floors":[],"current_hp_per_floor":[80,80,79,74,69,43,44,23,23,23,13,13],"gold":335,"neow_bonus":"RANDOM_COMMON_RELIC","is_daily":false,"chose_seed":false,"campfire_upgraded":0,"win_rate":0.0,"timestamp":1614058020,"path_taken":["M","M","?","M","M","E","M","E","T","?","E"],"items_purchased_type":[],"build_version":"2020-12-22","purchased_purges":0,"victory":false,"max_hp_per_floor":[80,80,80,80,80,80,80,80,80,80,80,80],"card_choices":[{"not_picked":["Evolve","Flame Barrier"],"picked":"Heavy Blade","floor":1},{"not_picked":["Carnage","Thunderclap"],"picked":"Flex","floor":2},{"not_picked":["Body Slam","Clothesline"],"picked":"Battle Trance","floor":3},{"not_picked":["Searing Blow","Clothesline"],"picked":"Brutality","floor":4},{"not_picked":["Iron Wave","Carnage"],"picked":"Perfected Strike","floor":5},{"not_picked":["Havoc","Warcry"],"picked":"Ghostly Armor","floor":6},{"not_picked":["Pummel","Shrug It Off"],"picked":"Combust","floor":7},{"not_picked":["Anger","Warcry"],"picked":"Shrug It Off","floor":8}],"player_experience":605338,"relics_obtained":[{"floor":6,"key":"MawBank"},{"floor":8,"key":"Incense Burner"},{"floor":9,"key":"Pen Nib"}],"event_choices":[{"cards_removed":["Defend_R"],"damage_healed":0,"gold_gain":0,"player_choice":"Purged","damage_taken":0,"max_hp_gain":0,"max_hp_loss":0,"event_name":"Purifier","floor":10,"gold_loss":0}],"is_beta":false,"boss_relics":[],"items_purged_floors":[],"is_endless":false,"potions_floor_spawned":[1,3,4,6],"killed_by":"3 Sentries","ascension_level":0}}