{"host":"wqwfknj40rilnol1","time":1614091960,"event":{"mods":["AchievementEnabler","Aspiration","BaseMod","BetterRewards","Block Reminder","Colored Map","Conspire","Highlight Path","Hubris","Minty Spire (QoL Compilation)","Permanent Neow","Quick Restart","Relic Stats","Replay The Spire","Shop Mod","StSLib","The Cursed"],"gold_per_floor":[114,114,114,114,114,144,158,1,1,1,1,13,13,13,13],"floor_reached":14,"language":"ENG","playtime":455,"items_purged":[],"score":86,"play_id":"7f08a3d5-5064-4f92-85a1-7ef79b9ff7b1","local_time":"20210223155240","is_ascension_mode":false,"campfire_choices":[{"data":"Midas Touch","floor":10,"key":"SMITH"}],"circlet_count":0,"master_deck":["Strike_P","Strike_P+1","Strike_P","Strike_P+1","Defend_P","Defend_P","Defend_P","Eruption","Vigilance","TalkToTheHand","Midas Touch+1"],"relics":["PureWater","hubris:Icosahedron","Ring of Panic","ReplayTheSpireMod:Ring of Exchange","MerchantsRug","Bottled Flame","hubris:EvacipatedBox"],"acts_visited":["Exordium"],"potions_floor_usage":[],"damage_taken":[{"damage":0,"enemies":"2 Louse","floor":1,"turns":2},{"damage":14,"enemies":"3 Sentries","floor":6,"turns":8},{"damage":0,"enemies":"Small Slimes","floor":7,"turns":2},{"damage":0,"enemies":"Cultist","floor":12,"turns":2},{"damage":19,"enemies":"Gremlin Nob","floor":14,"turns":4}],"seed_played":"-1197345572198170035","potions_obtained":[{"floor":1,"key":"BlessingOfTheForge"},{"floor":7,"key":"Elixir"}],"is_trial":false,"path_per_floor":["M","?","?","?","?","E","M","$","T","R","$","M","?","E"],"character_chosen":"WATCHER","items_purchased":["MerchantsRug","Midas Touch","hubris:EvacipatedBox"],"campfire_rested":0,"item_purchase_floors":[8,8,11],"current_hp_per_floor":[72,72,65,51,51,37,37,37,37,37,18,18,18,0,0],"gold":13,"neow_bonus":"NOSTALGIA","is_daily":false,"chose_seed":false,"campfire_upgraded":1,"win_rate":0.0,"timestamp":1614091960,"path_taken":["M","?","?","?","?","E","M","$","T","R","?","?","?","E"],"items_purchased_type":["Relic","Card","Relic"],"build_version":"2020-12-22","purchased_purges":0,"victory":false,"max_hp_per_floor":[72,72,72,72,72,72,72,72,72,72,72,72,72,72,72],"relic_stats":{"counters":[5,18],"obtain_stats":[{"ReplayTheSpireMod:Ring of Exchange":5,"MerchantsRug":8,"Bottled Flame":9,"hubris:Icosahedron":2,"aspiration:Nostalgia":0,"Onion Ring":6,"PureWater":0,"Ring of Panic":5,"Cracked Core":0,"hubris:EvacipatedBox":11},{"ReplayTheSpireMod:Ring of Exchange":1,"MerchantsRug":3,"Bottled Flame":3,"hubris:Icosahedron":1,"aspiration:Nostalgia":0,"Onion Ring":2,"PureWater":0,"Ring of Panic":1,"Cracked Core":0,"hubris:EvacipatedBox":3},{"ReplayTheSpireMod:Ring of Exchange":2,"MerchantsRug":12,"Bottled Flame":12,"hubris:Icosahedron":2,"aspiration:Nostalgia":0,"Onion Ring":10,"PureWater":0,"Ring of Panic":2,"Cracked Core":0,"hubris:EvacipatedBox":12}]},"card_choices":[{"not_picked":["Pray","Halt","SashWhip"],"picked":"SKIP","floor":1},{"not_picked":["FlurryOfBlows","Crescendo"],"picked":"TalkToTheHand","floor":6},{"not_picked":["FollowUp","FlurryOfBlows","Replay:BluntJabs"],"picked":"SKIP","floor":7},{"not_picked":["Replay:Battleflow","Worship","Nirvana"],"picked":"SKIP","floor":12}],"player_experience":309477,"relics_obtained":[{"floor":5,"key":"Ring of Panic"},{"floor":5,"key":"ReplayTheSpireMod:Ring of Exchange"},{"floor":6,"key":"Onion Ring"},{"floor":9,"key":"Bottled Flame"}],"event_choices":[{"cards_removed":["Defend_P"],"damage_healed":0,"gold_gain":0,"player_choice":"Card Removal","damage_taken":7,"max_hp_gain":0,"max_hp_loss":0,"event_name":"Golden Wing","floor":3,"gold_loss":0},{"damage_healed":0,"gold_gain":0,"player_choice":"Entered Light","damage_taken":14,"max_hp_gain":0,"max_hp_loss":0,"event_name":"Shining Light","floor":4,"gold_loss":0,"cards_upgraded":["Strike_P","Strike_P"]},{"cards_removed":["Looming Evil"],"damage_healed":0,"gold_gain":0,"player_choice":"Purged","damage_taken":0,"max_hp_gain":0,"max_hp_loss":0,"event_name":"Purifier","floor":13,"gold_loss":0}],"is_beta":false,"boss_relics":[],"items_purged_floors":[],"is_endless":false,"potions_floor_spawned":[1,7],"killed_by":"Gremlin Nob","ascension_level":0}}