{"host":"jsd6g3c2vo13e69c","time":1614061880,"event":{"mods":["2.2 Compatiblity","Act Like it!","BaseMod","Better Altar","Better Match","Better Note","Better Sensory Stone","Better Third Choice","BetterRewards","Colored Map","Colored Powertips","Downfall","Friendly Minions","GifTheSpireLib","Googly Eyes","Gremlin Mod","Hermit","Hubris","Infinite Spire","Melee Mod","Minty Spire (QoL Compilation)","Permanent Neow","Quick Restart","Random Character Button","Replay The Spire","Shop Mod","Spire Arcade","StSLib","The Cursed","The Disciple","The Forsaken","thorton"],"gold_per_floor":[110,1,16,16,35,35,104,104,131,131,131,205,8,8,8,197,197,277,332,124,159,219,219,234,234,234],"floor_reached":24,"language":"ENG","playtime":1120,"items_purged":["Normality","thethorton:Defend"],"score":186,"play_id":"d37072c8-e355-41e6-876d-46ddfca653b1","local_time":"20210223013120","is_ascension_mode":false,"campfire_choices":[{"data":"theForsaken:Smite","floor":6,"key":"SMITH"},{"floor":11,"key":"REST"},{"data":"hubris:InfiniteBlow+5","floor":15,"key":"SMITH"},{"data":"hubris:InfiniteBlow+6","floor":23,"key":"SMITH"}],"circlet_count":0,"master_deck":["thethorton:Strike","thethorton:Strike","thethorton:Strike","thethorton:Strike","thethorton:Defend","thethorton:Defend","thethorton:Heckle","thethorton:CreditCard","theForsaken:TheForsaken_Defend+1","theForsaken:Smite+1","thethorton:CallShop","thethorton:BattleTrash","thethorton:PowerUp+1","thethorton:LongTermPayoff","thethorton:CoinClash","thethorton:CoinShield","thethorton:AngerMoment","thethorton:CoinShield","thethorton:ThickSkin","Dark Shackles","hubris:InfiniteBlow+7","thethorton:EquivalentExchange","thethorton:LongTermPayoff","thethorton:BoardroomBlast+1","thethorton:WhirlingBriefcase","thethorton:OddChange","thethorton:TakeAccounts+1"],"relics":["thethorton:CouragePotion","Golden Idol","Replay:Bottled Snecko","Dream Catcher","Empty Cage"],"acts_visited":["Exordium","TheCity"],"potions_floor_usage":[21,22],"damage_taken":[{"damage":0,"enemies":"2 Louse","floor":1,"turns":2},{"damage":0,"enemies":"Small Slimes","floor":3,"turns":4},{"damage":6,"enemies":"Jaw Worm","floor":5,"turns":2},{"damage":4,"enemies":"3 Louse","floor":12,"turns":4},{"damage":24,"enemies":"Hexaghost","floor":16,"turns":12},{"damage":12,"enemies":"Spheric Guardian","floor":18,"turns":4},{"damage":32,"enemies":"3 Byrds","floor":19,"turns":6},{"damage":1,"enemies":"Snake Plant","floor":21,"turns":2},{"damage":2,"enemies":"Snecko","floor":22,"turns":4},{"damage":33,"enemies":"Book of Stabbing","floor":24,"turns":5}],"seed_played":"582954215811535569","potions_obtained":[{"floor":16,"key":"Ancient Potion"},{"floor":19,"key":"Block Potion"},{"floor":21,"key":"DistilledChaos"}],"is_trial":false,"path_per_floor":["M","$","M","?","M","R","?","?","T","?","R","M","$","?","R","B",null,"M","M","$","M","M","R","E"],"character_chosen":"THE_THORT","items_purchased":["thethorton:PowerUp+1","thethorton:LongTermPayoff","thethorton:ThickSkin","Dark Shackles","thethorton:BoardroomBlast+1","thethorton:WhirlingBriefcase"],"campfire_rested":1,"item_purchase_floors":[2,2,13,13,20,20],"current_hp_per_floor":[68,68,68,51,45,45,45,45,45,45,65,64,64,47,47,29,68,56,30,30,29,27,27,0,0,0],"gold":234,"neow_bonus":"THREE_RARE_CARDS","is_daily":false,"chose_seed":false,"campfire_upgraded":3,"win_rate":0.0,"timestamp":1614061880,"path_taken":["M","$","M","?","M","R","?","?","T","?","R","M","?","?","R","BOSS","M","M","?","M","M","R","E"],"items_purchased_type":["Card","Card","Card","Card","Card","Card"],"build_version":"2020-12-22","purchased_purges":2,"victory":false,"max_hp_per_floor":[68,68,68,68,68,68,68,68,68,68,68,68,68,68,68,68,68,68,68,68,68,68,68,68,68,68],"card_choices":[{"not_picked":["thethorton:TemporalBlast","thethorton:Fish"],"picked":"thethorton:CallShop","floor":0},{"not_picked":["thethorton:ShoutAndRun","thethorton:SnowDay"],"picked":"thethorton:BattleTrash","floor":1},{"not_picked":["thethorton:TakeAccounts","thethorton:DualBap"],"picked":"thethorton:CoinClash","floor":3},{"not_picked":["thethorton:FearfulRun","thethorton:ElbowSmash"],"picked":"thethorton:CoinShield","floor":5},{"not_picked":["thethorton:Hexaghostify","thethorton:GoldBuffer"],"picked":"thethorton:AngerMoment","floor":11},{"not_picked":["thethorton:Investment","thethorton:FearfulRun"],"picked":"thethorton:CoinShield","floor":12},{"not_picked":["infinitespire:Fortify","infinitespire:TheBestDefense"],"picked":"hubris:InfiniteBlow+5","floor":14},{"not_picked":["thethorton:Portfolio","thethorton:Demotion"],"picked":"thethorton:EquivalentExchange","floor":16},{"not_picked":["thethorton:ElbowSmash","thethorton:Distance+1","thethorton:Rebalance"],"picked":"SKIP","floor":18},{"not_picked":["thethorton:ShoutAndRun+1","thethorton:SicklyRun"],"picked":"thethorton:LongTermPayoff","floor":19},{"not_picked":["thethorton:ElbowSmash+1","thethorton:PocketChange"],"picked":"thethorton:OddChange","floor":21},{"not_picked":["thethorton:DownPayment+1","thethorton:BookBash"],"picked":"thethorton:TakeAccounts+1","floor":22}],"player_experience":403628,"relics_obtained":[{"floor":9,"key":"Dream Catcher"}],"event_choices":[{"damage_healed":0,"gold_gain":0,"player_choice":"Take Damage","damage_taken":17,"relics_obtained":["Golden Idol"],"max_hp_gain":0,"max_hp_loss":0,"event_name":"Golden Idol","floor":4,"gold_loss":0},{"damage_healed":0,"gold_gain":69,"player_choice":"Gained Gold","damage_taken":0,"max_hp_gain":0,"max_hp_loss":0,"event_name":"Golden Wing","floor":7,"gold_loss":0},{"damage_healed":0,"gold_gain":0,"player_choice":"Box","damage_taken":0,"relics_obtained":["Replay:Bottled Snecko"],"max_hp_gain":0,"max_hp_loss":0,"event_name":"Big Fish","floor":8,"gold_loss":0,"cards_obtained":["Regret"]}],"is_beta":false,"boss_relics":[{"not_picked":["Replay:Grab Bag","Runic Pyramid"],"picked":"Empty Cage"}],"items_purged_floors":[13,20],"is_endless":false,"potions_floor_spawned":[16,19,21],"killed_by":"Book of Stabbing","ascension_level":0}}