{"host":"6pic12dj9p7186mz","time":1614101348,"event":{"mods":["BaseMod","Minty Spire (QoL Compilation)","Permanent Neow","Relic Stats","StSLib"],"gold_per_floor":[366,366,196,206,222,252,252,284,284,295,322,337,337,353,353,453,453,453,453],"floor_reached":18,"language":"ENG","playtime":993,"items_purged":["Defend_R"],"score":218,"play_id":"ccedf191-3ea0-4b0d-9715-548689ac348a","local_time":"20210223112908","is_ascension_mode":true,"campfire_choices":[{"data":"Bash","floor":7,"key":"SMITH"},{"data":"True Grit","floor":15,"key":"SMITH"}],"circlet_count":0,"master_deck":["Strike_R","Strike_R","Strike_R","Strike_R","Defend_R","Defend_R+1","Defend_R+1","Bash+1","True Grit","Berserk","Shrug It Off","True Grit+1","Twin Strike","Cleave","Thunderclap","Evolve","Shrug It Off","Pommel Strike","Power Through","Barricade","CurseOfTheBell"],"relics":["Burning Blood","War Paint","Matryoshka","Regal Pillow","Nunchaku","Tiny Chest","Blood Vial","Calling Bell","Oddly Smooth Stone","InkBottle","Prayer Wheel"],"acts_visited":["Exordium","TheCity"],"potions_floor_usage":[14],"damage_taken":[{"damage":3,"enemies":"Small Slimes","floor":1,"turns":3},{"damage":7,"enemies":"Jaw Worm","floor":4,"turns":4},{"damage":1,"enemies":"Cultist","floor":5,"turns":4},{"damage":35,"enemies":"3 Sentries","floor":6,"turns":10},{"damage":16,"enemies":"Lagavulin","floor":8,"turns":8},{"damage":1,"enemies":"Blue Slaver","floor":10,"turns":4},{"damage":27,"enemies":"Gremlin Nob","floor":11,"turns":5},{"damage":3,"enemies":"Exordium Thugs","floor":12,"turns":4},{"damage":6,"enemies":"Lots of Slimes","floor":14,"turns":2},{"damage":20,"enemies":"The Guardian","floor":16,"turns":16},{"damage":0,"enemies":"3 Byrds","floor":18,"turns":1}],"seed_played":"-4624534746851713024","potions_obtained":[{"floor":4,"key":"ColorlessPotion"},{"floor":10,"key":"Energy Potion"},{"floor":16,"key":"Weak Potion"}],"is_trial":false,"path_per_floor":["M","?","$","M","M","E","R","E","T","M","E","M","?","M","R","B",null,"M"],"character_chosen":"IRONCLAD","items_purchased":["Shrug It Off","True Grit"],"campfire_rested":0,"item_purchase_floors":[3,3],"current_hp_per_floor":[72,72,72,71,72,43,43,33,33,38,17,20,20,22,22,10,72,72,72],"gold":453,"neow_bonus":"TWO_FIFTY_GOLD","is_daily":false,"chose_seed":false,"campfire_upgraded":2,"win_rate":0.0,"timestamp":1614101348,"path_taken":["M","?","$","M","M","E","R","E","T","M","E","M","?","M","R","BOSS","M"],"items_purchased_type":["Card","Card"],"build_version":"2020-12-22","purchased_purges":1,"victory":false,"max_hp_per_floor":[72,72,72,72,72,72,72,72,72,72,72,72,72,72,72,72,72,72,72],"relic_stats":{"Blood Vial":4,"Regal Pillow":0,"Nunchaku":[5],"counters":[11,61],"Tiny Chest":0,"Prayer Wheel":0,"War Paint":["Defend_R","Defend_R"],"obtain_stats":[{"Blood Vial":13,"Calling Bell":17,"Regal Pillow":9,"Nunchaku":9,"Matryoshka":8,"Oddly Smooth Stone":17,"Tiny Chest":11,"Prayer Wheel":17,"War Paint":6,"Burning Blood":0,"InkBottle":17},{"Blood Vial":8,"Calling Bell":10,"Regal Pillow":5,"Nunchaku":5,"Matryoshka":5,"Oddly Smooth Stone":10,"Tiny Chest":7,"Prayer Wheel":10,"War Paint":4,"Burning Blood":0,"InkBottle":10},{"Blood Vial":42,"Calling Bell":60,"Regal Pillow":29,"Nunchaku":29,"Matryoshka":29,"Oddly Smooth Stone":60,"Tiny Chest":38,"Prayer Wheel":60,"War Paint":21,"Burning Blood":0,"InkBottle":60}],"Burning Blood":53,"InkBottle":[0]},"card_choices":[{"not_picked":["Rage","Body Slam"],"picked":"True Grit","floor":1},{"not_picked":["Combust","Limit Break"],"picked":"Twin Strike","floor":4},{"not_picked":["Twin Strike","Dark Embrace"],"picked":"Cleave","floor":5},{"not_picked":["Combust","Sword Boomerang"],"picked":"Thunderclap","floor":6},{"not_picked":["True Grit","Dual Wield"],"picked":"Evolve","floor":8},{"not_picked":["Heavy Blade","Clash"],"picked":"Shrug It Off","floor":10},{"not_picked":["Cleave","Anger"],"picked":"Pommel Strike","floor":11},{"not_picked":["Rage","Wild Strike","Pommel Strike"],"picked":"SKIP","floor":12},{"not_picked":["Evolve","Armaments"],"picked":"Power Through","floor":14},{"not_picked":["Double Tap","Limit Break"],"picked":"Barricade","floor":16}],"player_experience":53261,"relics_obtained":[{"floor":6,"key":"War Paint"},{"floor":8,"key":"Matryoshka"},{"floor":9,"key":"Regal Pillow"},{"floor":9,"key":"Nunchaku"},{"floor":11,"key":"Tiny Chest"},{"floor":17,"key":"Oddly Smooth Stone"},{"floor":17,"key":"InkBottle"},{"floor":17,"key":"Prayer Wheel"}],"event_choices":[{"damage_healed":0,"gold_gain":0,"cards_transformed":["Strike_R"],"player_choice":"Change","damage_taken":0,"max_hp_gain":0,"max_hp_loss":0,"event_name":"Living Wall","floor":2,"gold_loss":0,"cards_obtained":["Berserk"]},{"damage_healed":0,"gold_gain":0,"player_choice":"Gave Potion","damage_taken":0,"relics_obtained":["Blood Vial"],"max_hp_gain":0,"max_hp_loss":0,"event_name":"WeMeetAgain","floor":13,"gold_loss":0}],"is_beta":false,"boss_relics":[{"not_picked":["Cursed Key","Pandora\u0027s Box"],"picked":"Calling Bell"}],"items_purged_floors":[3],"is_endless":false,"potions_floor_spawned":[4,10,16],"killed_by":"3 Byrds","ascension_level":4}}