{"host":"oigynbtg272c19pw","time":1614078233,"event":{"mods":["BaseMod","Colored Map","Minty Spire (QoL Compilation)","Relic Stats","Slay the Relics Exporter","StSLib"],"gold_per_floor":[116,18,28,44,63,91,91,91,91,111,111,131,146,160,160,233,233,246,272,286,302,302,302,302,302],"floor_reached":24,"playtime":1283,"items_purged":[],"score":429,"play_id":"b1e6c701-ac7c-458e-955b-67e6ca9efe64","local_time":"20210223120353","is_ascension_mode":true,"campfire_choices":[{"data":"Shockwave","floor":8.0,"key":"SMITH"},{"data":"Feed","floor":11.0,"key":"SMITH"},{"data":"Spot Weakness","floor":15.0,"key":"SMITH"},{"data":"True Grit","floor":23.0,"key":"SMITH"}],"circlet_count":0,"master_deck":["AscendersBane","Strike_R","Strike_R","Strike_R","Strike_R","Strike_R","Defend_R","Defend_R","Defend_R","Defend_R","Bash","Thunderclap","Feel No Pain","Cleave","Rampage","True Grit+1","Inflame","Seeing Red","Feed+1","Shockwave+1","Shrug It Off","Spot Weakness+1","Shrug It Off","Shrug It Off","Feed","Blood for Blood+1","Battle Trance","Burning Pact"],"relics":["Burning Blood","FossilizedHelix","Nunchaku","Mercury Hourglass","Runic Cube","Red Mask"],"acts_visited":["Exordium","TheCity"],"potions_floor_usage":[],"damage_taken":[{"damage":0.0,"enemies":"Jaw Worm","floor":1.0,"turns":2.0},{"damage":0.0,"enemies":"Cultist","floor":3.0,"turns":3.0},{"damage":0.0,"enemies":"Small Slimes","floor":4.0,"turns":4.0},{"damage":0.0,"enemies":"2 Fungi Beasts","floor":5.0,"turns":4.0},{"damage":10.0,"enemies":"3 Sentries","floor":6.0,"turns":6.0},{"damage":0.0,"enemies":"Lots of Slimes","floor":10.0,"turns":1.0},{"damage":10.0,"enemies":"Large Slime","floor":12.0,"turns":6.0},{"damage":2.0,"enemies":"Looter","floor":13.0,"turns":5.0},{"damage":5.0,"enemies":"Exordium Thugs","floor":14.0,"turns":4.0},{"damage":19.0,"enemies":"The Guardian","floor":16.0,"turns":13.0},{"damage":0.0,"enemies":"3 Byrds","floor":18.0,"turns":6.0},{"damage":25.0,"enemies":"Masked Bandits","floor":19.0,"turns":4.0},{"damage":13.0,"enemies":"2 Thieves","floor":20.0,"turns":4.0},{"damage":7.0,"enemies":"Chosen and Byrds","floor":21.0,"turns":7.0},{"damage":76,"enemies":"Book of Stabbing","floor":24,"turns":5}],"seed_played":"-4064585952036393392","potions_obtained":[{"floor":3.0,"key":"Fire Potion"},{"floor":4.0,"key":"Explosive Potion"},{"floor":14.0,"key":"Swift Potion"},{"floor":18.0,"key":"ElixirPotion"}],"is_trial":false,"path_per_floor":["M","$","M","M","M","E","?","R","T","M","R","M","M","M","R","B",null,"M","?","M","M","?","R","E"],"character_chosen":"IRONCLAD","items_purchased":["Feel No Pain","Cleave"],"campfire_rested":0,"item_purchase_floors":[2,2],"current_hp_per_floor":[68,68,68,68,68,64,64,64,64,68,68,68,72,76,76,63,73,79,67,67,70,70,70,0,0],"gold":302,"neow_bonus":"ONE_RARE_RELIC","is_daily":false,"chose_seed":false,"campfire_upgraded":4,"win_rate":0.0,"timestamp":1614078233,"path_taken":["M","$","M","M","M","E","?","R","T","M","R","M","M","?","R","BOSS","M","?","M","M","?","R","E"],"items_purchased_type":["Card","Card"],"build_version":"2020-12-13","purchased_purges":0,"victory":false,"max_hp_per_floor":[68,68,68,68,68,68,68,68,68,68,68,72,72,76,76,76,76,79,86,93,97,97,97,97,97],"relic_stats":{"Nunchaku":[5],"counters":[15,72],"obtain_stats":[{"Nunchaku":6,"Red Mask":19,"Burning Blood":0,"FossilizedHelix":0,"Mercury Hourglass":9,"Runic Cube":17},{"Nunchaku":5,"Red Mask":12,"Burning Blood":0,"FossilizedHelix":0,"Mercury Hourglass":5,"Runic Cube":10},{"Nunchaku":19,"Red Mask":56,"Burning Blood":0,"FossilizedHelix":0,"Mercury Hourglass":19,"Runic Cube":47}],"Burning Blood":54,"Mercury Hourglass":[247],"Runic Cube":[15]},"card_choices":[{"not_picked":["Fire Breathing","Heavy Blade"],"picked":"Thunderclap","floor":1.0},{"not_picked":["True Grit","Havoc"],"picked":"Rampage","floor":3.0},{"not_picked":["Havoc","Flex"],"picked":"True Grit","floor":4.0},{"not_picked":["Anger","Flex"],"picked":"Inflame","floor":5.0},{"not_picked":["Pommel Strike","Anger"],"picked":"Seeing Red","floor":6.0},{"not_picked":["Whirlwind","Body Slam"],"picked":"Shrug It Off","floor":10.0},{"not_picked":["Demon Form","Sword Boomerang"],"picked":"Spot Weakness","floor":12.0},{"not_picked":["Perfected Strike","Pommel Strike"],"picked":"Shrug It Off","floor":13.0},{"not_picked":["Dropkick","True Grit"],"picked":"Shrug It Off","floor":14.0},{"not_picked":["Demon Form","Juggernaut"],"picked":"Feed","floor":16.0},{"not_picked":["Combust","Thunderclap","Clash"],"picked":"SKIP","floor":18.0},{"not_picked":["Sentinel","Perfected Strike"],"picked":"Blood for Blood+1","floor":20.0},{"not_picked":["Flex","Heavy Blade+1"],"picked":"Battle Trance","floor":21.0}],"player_experience":1650623,"relics_obtained":[{"floor":6.0,"key":"Nunchaku"},{"floor":9.0,"key":"Mercury Hourglass"},{"floor":19.0,"key":"Red Mask"}],"event_choices":[{"damage_healed":0.0,"max_hp_gain":0.0,"max_hp_loss":0.0,"gold_gain":0.0,"event_name":"Match and Keep!","player_choice":"2 cards matched","floor":7.0,"gold_loss":0.0,"damage_taken":0.0,"cards_obtained":["Feed","Shockwave"]},{"damage_healed":0.0,"max_hp_gain":0.0,"max_hp_loss":0.0,"gold_gain":0.0,"event_name":"Match and Keep!","player_choice":"2 cards matched","floor":7.0,"gold_loss":0.0,"damage_taken":0.0,"cards_obtained":["Feed","Shockwave"]},{"damage_healed":0.0,"max_hp_gain":0.0,"max_hp_loss":0.0,"gold_gain":0.0,"event_name":"Match and Keep!","player_choice":"2 cards matched","floor":7.0,"gold_loss":0.0,"damage_taken":0.0,"cards_obtained":["Feed","Shockwave"]},{"damage_healed":0.0,"max_hp_gain":0.0,"max_hp_loss":0.0,"gold_gain":0.0,"event_name":"Masked Bandits","player_choice":"Fought Bandits","floor":19.0,"gold_loss":0.0,"damage_taken":0.0},{"damage_healed":0.0,"max_hp_gain":0.0,"max_hp_loss":0.0,"gold_gain":0.0,"event_name":"The Library","player_choice":"Read","floor":22.0,"gold_loss":0.0,"damage_taken":0.0,"cards_obtained":["Burning Pact"]}],"is_beta":false,"boss_relics":[{"not_picked":["Velvet Choker","Astrolabe"],"picked":"Runic Cube"}],"items_purged_floors":[],"is_endless":false,"potions_floor_spawned":[3,4,14,16,18],"killed_by":"Book of Stabbing","ascension_level":20}}