{"host":"Tuck","time":1614063613,"event":{"mods":["BaseMod","Minty Spire (QoL Compilation)","StSLib"],"gold_per_floor":[109,122,584,596,546,571,571,585,585,585,601,633,644,654,654,749,749,768,643,662,521,521,553,567,597,597,597,623,623,657,668,668,772,772,785,785,801,801,320,347,347,347,399,399,399,411,440,450,450,450,450,450,40,734,734],"floor_reached":56,"language":"ENG","playtime":9739,"items_purged":["Strike_B"],"score":1655,"play_id":"4814fbf7-cbe6-40ba-9b24-e014c22d7653","local_time":"20210223000013","is_ascension_mode":true,"campfire_choices":[{"data":"Electrodynamics","floor":10,"key":"SMITH"},{"data":"Hologram","floor":15,"key":"SMITH"},{"data":"Loop","floor":32,"key":"SMITH"},{"data":"Loop","floor":41,"key":"SMITH"},{"data":"Coolheaded","floor":44,"key":"SMITH"},{"floor":49,"key":"RECALL"},{"data":"Heatsinks","floor":52,"key":"SMITH"}],"circlet_count":0,"master_deck":["Dualcast","Coolheaded+1","Cold Snap+1","Hologram+1","Cold Snap+1","Electrodynamics+1","Skim+1","Ball Lightning+1","Coolheaded+1","Sunder+1","Go for the Eyes+1","Conserve Battery+1","Double Energy+1","Double Energy+1","Doom and Gloom+1","Go for the Eyes+1","Loop+1","Gash+1","Go for the Eyes+1","Coolheaded+1","Finesse+1","Heatsinks","Loop+1","Coolheaded+1","Amplify+1","Finesse+1","Panacea+1","Apotheosis+1","Echo Form","Gash+1","Capacitor","Heatsinks","Heatsinks","Capacitor","Machine Learning"],"relics":["Inserter","Toxic Egg 2","Molten Egg 2","Meat on the Bone","Pandora\u0027s Box","Pear","The Courier","Sundial","Tiny Chest","Ancient Tea Set","White Beast Statue","Coffee Dripper","Prayer Wheel","DataDisk","Bird Faced Urn","ClockworkSouvenir","Whetstone","Omamori","WarpedTongs","Lantern","Bag of Marbles","Bronze Scales","Toy Ornithopter","Sling","Art of War"],"acts_visited":["Exordium","TheCity","TheBeyond","TheEnding"],"potions_floor_usage":[55,55],"damage_taken":[{"damage":2,"enemies":"Small Slimes","floor":1,"turns":3},{"damage":0,"enemies":"Jaw Worm","floor":2,"turns":7},{"damage":0,"enemies":"2 Louse","floor":4,"turns":5},{"damage":37,"enemies":"Gremlin Nob","floor":6,"turns":7},{"damage":5,"enemies":"Gremlin Gang","floor":8,"turns":5},{"damage":0,"enemies":"Large Slime","floor":11,"turns":4},{"damage":5,"enemies":"Lagavulin","floor":12,"turns":6},{"damage":1,"enemies":"Looter","floor":13,"turns":3},{"damage":0,"enemies":"Red Slaver","floor":14,"turns":1},{"damage":14,"enemies":"Hexaghost","floor":16,"turns":11},{"damage":2,"enemies":"Chosen","floor":18,"turns":4},{"damage":0,"enemies":"3 Byrds","floor":20,"turns":2},{"damage":6,"enemies":"Gremlin Leader","floor":23,"turns":6},{"damage":0,"enemies":"Centurion and Healer","floor":24,"turns":3},{"damage":0,"enemies":"Book of Stabbing","floor":25,"turns":2},{"damage":0,"enemies":"Gremlin Leader","floor":28,"turns":3},{"damage":0,"enemies":"Book of Stabbing","floor":30,"turns":5},{"damage":0,"enemies":"Cultist and Chosen","floor":31,"turns":4},{"damage":0,"enemies":"Champ","floor":33,"turns":18},{"damage":0,"enemies":"3 Shapes","floor":35,"turns":4},{"damage":0,"enemies":"Orb Walker","floor":37,"turns":2},{"damage":0,"enemies":"Nemesis","floor":40,"turns":7},{"damage":0,"enemies":"Writhing Mass","floor":46,"turns":3},{"damage":0,"enemies":"Reptomancer","floor":47,"turns":6},{"damage":0,"enemies":"Transient","floor":48,"turns":5},{"damage":31,"enemies":"Time Eater","floor":50,"turns":8},{"damage":2,"enemies":"Shield and Spear","floor":54,"turns":8},{"damage":7,"enemies":"The Heart","floor":55,"turns":10}],"seed_played":"3727619121589539279","potions_obtained":[{"floor":4,"key":"Swift Potion"},{"floor":6,"key":"AttackPotion"},{"floor":8,"key":"SpeedPotion"},{"floor":23,"key":"CultistPotion"},{"floor":40,"key":"LiquidMemories"},{"floor":48,"key":"PotionOfCapacity"}],"is_trial":false,"path_per_floor":["M","M","$","M","?","E","T","M","T","R","M","E","M","M","R","B",null,"M","$","M","$","?","E","M","E","T","?","E","?","E","M","R","B",null,"M","?","M","T","$","E","R","?","T","R","?","M","E","M","R","B",null,"R","$","E","B",null],"character_chosen":"DEFECT","items_purchased":["Hologram","Heatsinks","Self Repair","Gash+1","Coolheaded+1","Finesse+1","DataDisk","Bird Faced Urn","ClockworkSouvenir","Static Discharge","Self Repair","Static Discharge","Static Discharge","Capacitor","Heatsinks","Heatsinks","Bag of Marbles","Bronze Scales","Toy Ornithopter","Capacitor","Machine Learning","Sling"],"campfire_rested":0,"item_purchase_floors":[3,3,19,19,21,21,39,39,39,53,53,53,53,53,53,53,53,53,53,53,53,53],"current_hp_per_floor":[73,73,73,73,73,36,36,31,31,31,31,26,37,49,49,47,75,73,73,73,73,83,84,84,85,85,85,85,85,85,85,85,85,85,85,85,85,85,85,85,85,75,75,75,75,85,85,85,85,79,85,85,85,85,83],"gold":734,"neow_bonus":"BOSS_RELIC","is_daily":false,"chose_seed":false,"campfire_upgraded":6,"win_rate":0.0,"timestamp":1614063613,"path_taken":["M","M","$","M","?","E","?","M","T","R","M","E","M","M","R","BOSS","M","$","M","$","?","E","?","E","T","?","E","?","E","M","R","BOSS","M","?","M","?","$","E","R","?","T","R","?","M","E","M","R","BOSS","R","$","E","BOSS"],"items_purchased_type":["Card","Card","Card","Card","Card","Card","Relic","Relic","Relic","Card","Card","Card","Card","Card","Card","Card","Relic","Relic","Relic","Card","Card","Relic"],"build_version":"2020-12-18","purchased_purges":1,"victory":true,"max_hp_per_floor":[75,75,75,75,75,75,75,75,75,75,75,75,75,75,75,75,75,75,75,75,75,85,85,85,85,85,85,85,85,85,85,85,85,85,85,85,85,85,85,85,85,85,85,85,85,85,85,85,85,85,85,85,85,85,85],"card_choices":[{"not_picked":["Conserve Battery","Rebound"],"picked":"Coolheaded","floor":1},{"not_picked":["Leap","Go for the Eyes"],"picked":"Cold Snap","floor":2},{"not_picked":["Chill","Conserve Battery"],"picked":"Cold Snap","floor":4},{"not_picked":["Leap+1","Doom and Gloom"],"picked":"Electrodynamics","floor":6},{"not_picked":["Stack+1","Gash"],"picked":"Skim+1","floor":8},{"not_picked":["Reprogram+1","Beam Cell+1"],"picked":"Ball Lightning+1","floor":11},{"not_picked":["Beam Cell+1","All For One+1"],"picked":"Coolheaded+1","floor":12},{"not_picked":["Leap+1","Turbo+1","Stack+1"],"picked":"SKIP","floor":13},{"not_picked":["Storm","Ball Lightning+1"],"picked":"Sunder+1","floor":14},{"not_picked":["Gash+1","Auto Shields+1"],"picked":"Loop","floor":18},{"not_picked":["Darkness+1","Barrage+1"],"picked":"Go for the Eyes+1","floor":20},{"not_picked":["Reinforced Body+1","Cold Snap+1","Go for the Eyes+1"],"picked":"SKIP","floor":23},{"not_picked":["Beam Cell+1","Chaos+1","Compile Driver+1"],"picked":"SKIP","floor":24},{"not_picked":["Static Discharge","Sweeping Beam+1"],"picked":"Heatsinks","floor":25},{"not_picked":["Conserve Battery+1","Force Field+1","Skim+1"],"picked":"SKIP","floor":28},{"not_picked":["Cold Snap+1","Hologram+1"],"picked":"Loop","floor":30},{"not_picked":["Electrodynamics","Stack+1"],"picked":"Coolheaded+1","floor":31},{"not_picked":["All For One+1","Hyperbeam+1"],"picked":"Amplify+1","floor":33},{"not_picked":["Sweeping Beam+1","Blizzard+1","Force Field+1"],"picked":"SKIP","floor":35},{"not_picked":["Rebound+1","Steam Power+1","Hologram+1"],"picked":"SKIP","floor":37},{"not_picked":["Coolheaded+1","Heatsinks","Ball Lightning+1"],"picked":"SKIP","floor":40},{"not_picked":["HandOfGreed+1","Impatience+1"],"picked":"Finesse+1","floor":42},{"not_picked":["Enlightenment+1","Finesse+1"],"picked":"Panacea+1","floor":42},{"not_picked":["Cold Snap+1","Static Discharge+1","Storm"],"picked":"SKIP","floor":46},{"not_picked":["Scrape+1","Turbo+1","Stack+1"],"picked":"SKIP","floor":46},{"not_picked":["Force Field+1","Sunder+1"],"picked":"Echo Form","floor":47},{"not_picked":["Hologram+1","Melter+1"],"picked":"Gash+1","floor":48},{"not_picked":["Redo+1","Reprogram+1","Cold Snap+1"],"picked":"SKIP","floor":48},{"not_picked":["Leap+1","Coolheaded+1","Darkness+1"],"picked":"SKIP","floor":54}],"player_experience":2501981,"relics_obtained":[{"floor":6,"key":"Toxic Egg 2"},{"floor":9,"key":"Molten Egg 2"},{"floor":12,"key":"Meat on the Bone"},{"floor":23,"key":"The Courier"},{"floor":25,"key":"Sundial"},{"floor":26,"key":"Tiny Chest"},{"floor":28,"key":"Ancient Tea Set"},{"floor":30,"key":"White Beast Statue"},{"floor":38,"key":"Prayer Wheel"},{"floor":40,"key":"Whetstone"},{"floor":43,"key":"Omamori"},{"floor":47,"key":"Lantern"},{"floor":54,"key":"Art of War"}],"event_choices":[{"cards_removed":["Strike_B"],"damage_healed":0,"gold_gain":0,"player_choice":"Card Removal","damage_taken":0,"max_hp_gain":0,"max_hp_loss":0,"event_name":"The Cleric","floor":5,"gold_loss":50},{"damage_healed":0,"gold_gain":0,"player_choice":"Gave Potion","damage_taken":0,"relics_obtained":["Pear"],"max_hp_gain":0,"max_hp_loss":0,"event_name":"WeMeetAgain","floor":22,"gold_loss":0},{"damage_healed":0,"gold_gain":0,"player_choice":"Ignored","damage_taken":0,"max_hp_gain":0,"max_hp_loss":0,"event_name":"Ghosts","floor":27,"gold_loss":0},{"damage_healed":0,"gold_gain":0,"player_choice":"Ignored","damage_taken":0,"max_hp_gain":0,"max_hp_loss":0,"event_name":"NoteForYourself","floor":29,"gold_loss":0},{"cards_removed":["Zap"],"damage_healed":0,"gold_gain":0,"player_choice":"Removed Skill","damage_taken":0,"max_hp_gain":0,"max_hp_loss":0,"event_name":"Falling","floor":36,"gold_loss":0},{"damage_healed":0,"gold_gain":0,"player_choice":"Memory 3","damage_taken":10,"max_hp_gain":0,"max_hp_loss":0,"event_name":"SensoryStone","floor":42,"gold_loss":0},{"damage_healed":0,"gold_gain":0,"player_choice":"Rummage","damage_taken":0,"relics_obtained":["WarpedTongs"],"max_hp_gain":0,"max_hp_loss":0,"event_name":"Accursed Blacksmith","floor":45,"gold_loss":0,"cards_obtained":["Pain"]}],"is_beta":true,"boss_relics":[{"not_picked":["SacredBark","Ectoplasm"],"picked":"Pandora\u0027s Box"},{"not_picked":["Philosopher\u0027s Stone","Astrolabe"],"picked":"Coffee Dripper"}],"items_purged_floors":[3],"is_endless":false,"potions_floor_spawned":[4,6,8,13,16,20,23,30,31,33,35,37,40,46,47,48,54],"ascension_level":1}}