{"host":"80x1ozqd5wpd4nvo","time":1614090269,"event":{"mods":["2.2 Compatiblity","Act Like it!","Aspiration","BaseMod","Better Altar","Better Match","Better Note","Better Sensory Stone","Better Skull","Better Third Choice","BetterRewards","Card Forge","Custom Start","DNKmod","Defuse TimeMaze Blight","Dota2Spire","Energized Spire","Friendly Minions","GifTheSpireLib","Hubris","Infinite Spire","Jedi Mod","Minty Spire (QoL Compilation)","MostiFishMod","Permanent Neow","Poor People Problems","Ruina","Shop Mod","Spicy Shops","StSLib","The Blue Laboratory","The Witch","??????REMEMod"],"gold_per_floor":[1212,1228,1228,1242,1259,1259,1294,1294,1294,1294,1328,1346,1361,1361,1361,1463,1463,1486,1386,1286,1286,1312,1312,1237,1258,1282,1282,1315,1338,1368,1389,1389,1497,1552,1572,1572,1596,1615,1615,1656,1681,1712,1712,1712,1636,1636,1701,1750,1750,1781],"floor_reached":51,"language":"ENG","playtime":2733,"items_purged":["Strike_Witch","Defend_Witch","Defend_Witch","Strike_Witch"],"score":973,"play_id":"f04135d9-2895-4d1f-a791-2f87d0cd9c0e","local_time":"20210223152429","is_ascension_mode":true,"campfire_choices":[{"data":"Trip","floor":6,"key":"SMITH"},{"data":"RoilingBarrier","floor":8,"key":"SMITH"},{"data":"SkullFlask","floor":10,"key":"SMITH"},{"floor":15,"key":"REST"},{"data":"DeliriumForm","floor":23,"key":"SMITH"},{"data":"TrollsBlood","floor":32,"key":"SMITH"},{"data":"hubris:DuctTapeCard","floor":44,"key":"SMITH"},{"data":"Boline","floor":46,"key":"SMITH"},{"data":"SummonRavenFamiliar","floor":49,"key":"SMITH"}],"circlet_count":0,"master_deck":["Strike_Witch","Defend_Witch","Defend_Witch","Hexguard","ZombieSpit+1","PlagueSpreader","SkullFlask+1","Schadenfreude","RoilingBarrier+1","NighInvulnerability","BoneCarving","CrystalResonance","SummonRatFamiliar","RiteOfWinter+1","DeliriumForm+1","hubris:Greed","BleedOut","ruina:GoldRush","ChosenOfTheMoon","REME_MawOfCthun","BloodSabbath+1","MercuryWand","Athame+1","Bewitch","TrollsBlood+1","Foresight+1","SkullFlask+1","RiteOfSpring","infinitespire:Gouge","infinitespire:SevenWalls","EvilEye","MostiFishMod:ButterFly+1","Boline+1","REME_MagicPocketWatch","Panache","hubris:DuctTapeCard+2","MostiFishMod:KingOfFree","SummonRavenFamiliar+1"],"relics":["BlackCat","Hammer of Thor","Seething Fire","Anvil of the Gods","REME_ComplimentaryCards","DaveBox","SynthV:TestCard","infinitespire:Midas Blood","SynthV:C4","DiscerningMonocle","REME_LowDesire","hubris:TenFootPole","aspiration:TomeofQuesting","jedi:heavyjacket","aspiration:Nostalgia","Ring of the Snake","Question Card","infinitespire:Beetle Shell","jedi:arcanewood","hubris:Icosahedron","aspiration:ChemicalBlood","Dota2Spire:LotusOrb","Civilization","WalkingCane","Blood Vial","Matryoshka","Tiny House","RhineCircuit","Dota2Spire:BladeMail","Happy Flower","Sundial","Orichalcum","jedi:bottledfury","Dota2Spire:HandOfMidas","hubris:DuctTape","Dota2Spire:Mjollnir","Mummified Hand","jedi:windupbox","MerchantsRug","infinitespire:Bottled Soul"],"acts_visited":["Exordium","Exordium","TheBeyond"],"potions_floor_usage":[7,11,11,12,22,22,28,30,33,33,34,37,41,47,50],"damage_taken":[{"damage":4,"enemies":"2 Louse","floor":1,"turns":3},{"damage":0,"enemies":"Cultist","floor":2,"turns":4},{"damage":0,"enemies":"Small Slimes","floor":4,"turns":3},{"damage":8,"enemies":"2 Fungi Beasts","floor":5,"turns":4},{"damage":17,"enemies":"Lagavulin","floor":7,"turns":8},{"damage":37,"enemies":"Gremlin Nob","floor":11,"turns":5},{"damage":8,"enemies":"3 Louse","floor":12,"turns":5},{"damage":0,"enemies":"Red Slaver","floor":13,"turns":3},{"damage":18,"enemies":"Slime Boss","floor":16,"turns":13},{"damage":14,"enemies":"ruina:2_Scarecrows","floor":18,"turns":5},{"damage":3,"enemies":"ruina:Nosferatu","floor":22,"turns":2},{"damage":0,"enemies":"ruina:KingOfGreed","floor":25,"turns":4},{"damage":0,"enemies":"ruina:RoadHome","floor":28,"turns":4},{"damage":0,"enemies":"ruina:Woodsman","floor":29,"turns":4},{"damage":0,"enemies":"ruina:ServantOfWrath","floor":30,"turns":4},{"damage":0,"enemies":"ruina:QueenOfHate","floor":31,"turns":5},{"damage":0,"enemies":"ruina:Ozma","floor":33,"turns":5},{"damage":1,"enemies":"Orb Walker","floor":35,"turns":7},{"damage":10,"enemies":"3 Shapes","floor":37,"turns":2},{"damage":0,"enemies":"3 Darklings","floor":38,"turns":3},{"damage":16,"enemies":"Nemesis","floor":40,"turns":7},{"damage":0,"enemies":"Writhing Mass","floor":41,"turns":6},{"damage":0,"enemies":"Giant Head","floor":42,"turns":1},{"damage":0,"enemies":"Nemesis","floor":47,"turns":5},{"damage":0,"enemies":"Spire Growth","floor":48,"turns":5},{"damage":0,"enemies":"Time Eater","floor":50,"turns":5}],"seed_played":"-8838698845678325784","potions_obtained":[{"floor":2,"key":"Dota2Spire:HealingSalve"},{"floor":5,"key":"jedi:tentaclejuice"},{"floor":7,"key":"REME_GoldPotion"},{"floor":11,"key":"Weak Potion"},{"floor":18,"key":"Swift Potion"},{"floor":28,"key":"Regen Potion"},{"floor":30,"key":"Dota2Spire:Clarity"},{"floor":34,"key":"Fruit Juice"},{"floor":37,"key":"REME_GoldPotion"},{"floor":41,"key":"SteroidPotion"},{"floor":42,"key":"blueLaboratory:LouseDecoction"}],"is_trial":false,"path_per_floor":["M","M","?","M","M","R","E","R","T","R","E","M","M","?","R","B",null,"M","$","?","?","M","R","?","M","T","$","E","M","E","M","R","B",null,"M","AVR","M","M","T","E","M","E","T","R","$","R","E","M","R","B",null],"character_chosen":"WITCH","items_purchased":["jedi:heavyjacket","ruina:GoldRush","aspiration:Nostalgia","Question Card","infinitespire:Beetle Shell","jedi:arcanewood","DistilledChaos","PowerPotion","Dota2Spire:LotusOrb","Civilization","LiquidBronze","WalkingCane","Dota2Spire:Mjollnir","Mummified Hand","jedi:windupbox","hubris:AstralHammer","MerchantsRug"],"campfire_rested":1,"item_purchase_floors":[19,19,19,19,19,19,19,19,27,27,27,27,45,45,45,45,45],"current_hp_per_floor":[96,96,100,100,92,92,75,75,75,75,41,33,33,33,63,45,100,86,86,86,86,83,83,83,83,83,83,84,88,106,110,110,115,125,129,129,125,136,136,142,150,155,155,155,155,155,160,165,165,170],"gold":1781,"neow_bonus":"TRANSFORM_CARD","is_daily":false,"chose_seed":false,"campfire_upgraded":8,"win_rate":0.0,"timestamp":1614090269,"path_taken":["M","M","?","M","?","R","E","R","T","R","E","M","M","?","R","BOSS","M","$","?","?","M","R","?","M","T","$","E","M","E","M","R","BOSS","M","AVR","M","M","?","E","M","E","T","R","$","R","E","M","R","BOSS"],"items_purchased_type":["Relic","Card","Relic","Relic","Relic","Relic","Potion","Potion","Relic","Relic","Potion","Relic","Relic","Relic","Relic","Relic","Relic"],"build_version":"2020-12-22","purchased_purges":4,"victory":true,"max_hp_per_floor":[100,100,100,100,100,100,100,100,100,100,100,100,100,100,100,100,100,100,100,100,100,100,100,100,100,100,100,101,103,106,110,110,115,125,130,130,135,140,140,145,150,155,155,155,155,155,160,165,165,170],"card_choices":[{"not_picked":["Broomstick","Pillage"],"picked":"SkullFlask","floor":1},{"not_picked":["BlackBolt","Atonement","GnarledBody","CorruptBlood"],"picked":"Schadenfreude","floor":2},{"not_picked":["Demonfyre","Bewitch","SoulBarrier","DarkProcession"],"picked":"RoilingBarrier","floor":4},{"not_picked":["BlackBolt","SummonBatFamiliar","Puncture","PlagueSpreader"],"picked":"NighInvulnerability","floor":5},{"not_picked":["KarmaDrain","GnarledBody","SkullFlask","BlackShield"],"picked":"BoneCarving","floor":7},{"not_picked":["Harmlessness","BlackBolt","CursedBlade","SaltCircle"],"picked":"CrystalResonance","floor":11},{"not_picked":["BoneCarving","StrangeBrew","Decrepify","GnarledBody"],"picked":"SummonRatFamiliar","floor":12},{"not_picked":["SkullFlask","SummonOwlFamiliar","BlackBolt","Atonement"],"picked":"RiteOfWinter","floor":13},{"not_picked":["EvilEye","RustWall","ChosenOfTheMoon","Twitch"],"picked":"DeliriumForm","floor":16},{"not_picked":["SaltCircle","SummonBatFamiliar","BlackBolt","CrystalResonance","REME_TheoryOfElimination+1"],"picked":"BleedOut","floor":18},{"not_picked":["UnluckySeven","SummonToadFamiliar","VileEgg","FatalRay","SummonRavenFamiliar","DoomBlade"],"picked":"ChosenOfTheMoon","floor":20},{"not_picked":["SaltCircle","KarmaDrain","BlackShield","FatalRay","Bewitch+1","NighInvulnerability"],"picked":"REME_MawOfCthun","floor":22},{"not_picked":["DoomBlade+1","IllusionOfStrength+1","EternalThirst","SummonRavenFamiliar+1","Twitch+1","Boline+1"],"picked":"BloodSabbath+1","floor":24},{"not_picked":["BlackBolt+1","Bewitch","BalefulWard","Schadenfreude","RiteOfAutumn","Mind Blast"],"picked":"MercuryWand","floor":25},{"not_picked":["DireShriek","SummonRatFamiliar+1","RiteOfSummer","NighInvulnerability","SummonOwlFamiliar","REME_HeartOfCthun"],"picked":"Athame+1","floor":28},{"not_picked":["MementoMori","IllOmen","BleedOut","MercuryWand","Demonfyre","REME_PuzzleBox"],"picked":"Bewitch","floor":29},{"not_picked":["SoulBarrier+1","Harmlessness","TwistedMind","RiteOfWinter+1","MercuryWand","Transmutation"],"picked":"TrollsBlood","floor":30},{"not_picked":["BoneCarving","RustWall","TwistedMind+1","Thundercloud","PainBolt+1","REME_BuildACard"],"picked":"Foresight+1","floor":31},{"not_picked":["DarkProcession","StrangeBrew","ChosenOfTheMoon","WalpurgisNight","Twitch","REME_ShortnessOfBreath"],"picked":"UnnaturalEnergy","floor":33},{"not_picked":["Harmlessness","Bewitch","IllOmen","KarmaDrain","GrimVengeance","MostiFishMod:StoryBook"],"picked":"SkullFlask+1","floor":34},{"not_picked":["Shrooms","TwistedMind","BlackShield+1","BleedOut+1","IllOmen","Good Instincts"],"picked":"RiteOfSpring","floor":35},{"not_picked":["WalpurgisNight","BleedOut","Broomstick","Demonfyre","Foresight","Deep Breath"],"picked":"EvilEye","floor":37},{"not_picked":["RoilingBarrier","BoneCarving","Shrooms+1","NighInvulnerability","Atonement+1","Thundercloud+1"],"picked":"MostiFishMod:ButterFly+1","floor":38},{"not_picked":["BlackShield","DoomBlade","RiteOfSpring","SaltCircle","MortusClaw","Deep Breath"],"picked":"Boline","floor":40},{"not_picked":["BleedOut","PlagueSpreader","Decrepify+1","RiteOfSummer","RoilingBarrier","MagicFang"],"picked":"REME_MagicPocketWatch","floor":41},{"not_picked":["Broomstick","RiteOfSummer","BlackBolt","TwistedMind","MortusClaw","KarmaDrain+1"],"picked":"Panache","floor":42},{"not_picked":["NighInvulnerability","IllusionOfStrength","SummonBatFamiliar+1","Decrepify","BlackBolt+1","GnarledBody"],"picked":"MostiFishMod:KingOfFree","floor":47},{"not_picked":["Foresight","SoulBarrier","GrimVengeance+1","StrangeBrew","BalefulWard","MostiFishMod:JungleRules"],"picked":"SummonRavenFamiliar","floor":48}],"player_experience":306278,"relics_obtained":[{"floor":1,"key":"SynthV:TestCard"},{"floor":7,"key":"infinitespire:Midas Blood"},{"floor":11,"key":"SynthV:C4"},{"floor":17,"key":"hubris:TenFootPole"},{"floor":17,"key":"aspiration:TomeofQuesting"},{"floor":26,"key":"aspiration:ChemicalBlood"},{"floor":28,"key":"Blood Vial"},{"floor":30,"key":"Matryoshka"},{"floor":39,"key":"Happy Flower"},{"floor":39,"key":"Sundial"},{"floor":40,"key":"Orichalcum"},{"floor":42,"key":"jedi:bottledfury"},{"floor":43,"key":"Dota2Spire:HandOfMidas"},{"floor":43,"key":"hubris:DuctTape"},{"floor":47,"key":"infinitespire:Bottled Soul"}],"event_choices":[{"damage_healed":0,"gold_gain":0,"player_choice":"Grow","damage_taken":0,"max_hp_gain":0,"max_hp_loss":0,"event_name":"Living Wall","floor":14,"gold_loss":0,"cards_upgraded":["RiteOfWinter"]},{"damage_healed":0,"gold_gain":0,"player_choice":"2","damage_taken":0,"max_hp_gain":0,"max_hp_loss":0,"event_name":"betterMatch:BetterMatch","floor":24,"gold_loss":0,"cards_obtained":["betterMatch:RareCard"]}],"is_beta":false,"boss_relics":[{"not_picked":["hubris:Stopwatch","SacredBark"],"picked":"REME_LowDesire"},{"not_picked":["Coffee Dripper","energizedSpire:SpiderWeb"],"picked":"Tiny House"}],"items_purged_floors":[19,19,45,45],"is_endless":false,"potions_floor_spawned":[2,5,7,11,18,28,30,31,37,41,42,47],"ascension_level":1}}