{"host":"zlolxa879v8f5dwy","time":1614093625,"event":{"mods":["AchievementEnabler","BaseMod","Downfall","Friendly Minions","Hermit","Hubris","Jorbs\u0027s Wanderer Trilogy","Kiyohime????","Koishi","Marisa????????","Minty Spire (QoL Compilation)","Remilia??????","StSLib","The Animator","The Cursed","The Disciple","The Hierophant","The Servant 0.9.4"],"gold_per_floor":[99,113,20,470,490,490,490,590,610,627,627,606,606,637,656,758,758,558,677,697,797,817,270,270,283,283,283,300,317,351,362,381,481,481,481],"floor_reached":33,"language":"ENG","playtime":2623,"items_purged":["downfall:Icky"],"score":306,"play_id":"75d24038-376e-4e5b-8d4e-78272a070111","local_time":"20210223162025","is_ascension_mode":false,"campfire_choices":[{"floor":1,"key":"RECALL"},{"floor":11,"key":"REST"},{"data":"1","floor":13,"key":"LIFT"},{"data":"champ:Duel","floor":18,"key":"SMITH"},{"floor":27,"key":"REST"}],"circlet_count":0,"master_deck":["champ:Strike","champ:Strike","champ:Strike","champ:Strike","champ:Defend","champ:Defend","champ:Defend","champ:Defend","champ:Execute","champ:Taunt","champ:Backstep","champ:FanOfKnives","champ:Duel+1","downfall:Icky","downfall:Icky","champ:Shatter","champ:GladiatorStyle","champ:HoldFirm","champ:ShieldWall","champ:ShieldWall","champ:PreemptiveStrike","champ:HeavySlash","champ:Circumvent","champ:StanceDance","champ:TornadoPunch+1","champ:FlashCut","expansioncontent:DashGenerateEvil","champ:SwordThrow","champ:DefensiveShout+1","champ:BringItOn","champ:FalseCounter+1","champ:Improvising","champ:SkillfulDodge"],"relics":["champ:ChampionCrownUpgraded","hubris:Icosahedron","Girya","champ:FightingForDummies","Pen Nib","downfall:HeartBlessingRed","downfall:HeartBlessingGreen","MealTicket","hubris:Towel","champ:DefensiveTrainingManual"],"acts_visited":["Exordium","TheCity"],"potions_floor_usage":[10,10,12,14,25,29,29,29,33,33,33],"damage_taken":[{"damage":11,"enemies":"Cultist","floor":2,"turns":4},{"damage":20,"enemies":"downfall:FleeingMerchant","floor":3,"turns":4},{"damage":11,"enemies":"2 Louse","floor":5,"turns":3},{"damage":22,"enemies":"Small Slimes","floor":9,"turns":4},{"damage":50,"enemies":"Gremlin Gang","floor":10,"turns":4},{"damage":22,"enemies":"3 Sentries","floor":12,"turns":6},{"damage":24,"enemies":"Gremlin Nob","floor":14,"turns":5},{"damage":20,"enemies":"Large Slime","floor":15,"turns":4},{"damage":60,"enemies":"DF_ARCHETYPE_STREAMLINE","floor":16,"turns":10},{"damage":13,"enemies":"downfall:LooterAlt2","floor":19,"turns":4},{"damage":11,"enemies":"Chosen","floor":20,"turns":5},{"damage":40,"enemies":"3 Cultists","floor":22,"turns":7},{"damage":20,"enemies":"downfall:FleeingMerchant","floor":23,"turns":4},{"damage":29,"enemies":"Snake Plant","floor":25,"turns":4},{"damage":26,"enemies":"Centurion and Healer","floor":28,"turns":5},{"damage":18,"enemies":"3 Cultists","floor":29,"turns":5},{"damage":27,"enemies":"Gremlin Leader","floor":30,"turns":8},{"damage":6,"enemies":"Snake Plant","floor":31,"turns":3},{"damage":0,"enemies":"Centurion and Healer","floor":32,"turns":3},{"damage":19,"enemies":"IC_MUSHROOM_ARCHETYPE","floor":33,"turns":8}],"seed_played":"2077665008202851380","potions_obtained":[{"floor":2,"key":"DuplicationPotion"},{"floor":5,"key":"hexamod:SoulburnPotion"},{"floor":9,"key":"LiquidBronze"},{"floor":10,"key":"FearPotion"},{"floor":22,"key":"Block Potion"},{"floor":25,"key":"SpeedPotion"},{"floor":28,"key":"EntropicBrew"},{"floor":31,"key":"BlessingOfTheForge"},{"floor":32,"key":"Block Potion"}],"is_trial":false,"path_per_floor":["R","M","$","?","M","?","T","?","M","M","R","E","R","E","M","B",null,"R","M","M","?","M","$","T","M","?","R","M","M","E","M","M","B"],"character_chosen":"THE_CHAMP","items_purchased":["champ:Duel","expansioncontent:DashGenerateEvil","MealTicket","champ:SwordThrow"],"campfire_rested":2,"item_purchase_floors":[3,23,23,23],"current_hp_per_floor":[99,98,98,98,92,92,92,92,90,50,79,77,77,63,43,1,99,99,96,90,90,70,70,70,41,41,70,49,36,19,18,18,0,0,0],"gold":481,"neow_bonus":"TEN_PERCENT_HP_BONUS","is_daily":false,"chose_seed":false,"campfire_upgraded":1,"win_rate":0.0,"timestamp":1614093625,"path_taken":["R","?","$","?","M","?","T","?","M","?","R","E","R","E","M","BOSS","R","M","M","?","M","$","T","?","?","R","M","M","E","M","M","BOSS"],"items_purchased_type":["Card","Card","Relic","Card"],"build_version":"2020-12-22","purchased_purges":1,"victory":false,"max_hp_per_floor":[99,99,99,99,99,99,99,99,99,99,99,99,99,99,99,99,99,99,99,99,99,99,99,99,99,99,99,99,99,99,99,99,99,99,99],"card_choices":[{"not_picked":["champ:SetATrap","champ:DefensiveShout"],"picked":"champ:Backstep","floor":2},{"not_picked":["champ:PreciseThrust","champ:GladiatorStyle"],"picked":"champ:FanOfKnives","floor":3},{"not_picked":["champ:Backstep","champ:Encircle"],"picked":"champ:Shatter","floor":5},{"not_picked":["champ:FocusedBerserking","champ:FaceSlap"],"picked":"champ:GladiatorStyle","floor":9},{"not_picked":["champ:Lariat","champ:Parry"],"picked":"champ:HoldFirm","floor":10},{"not_picked":["champ:FalseCounter","champ:FanOfKnives"],"picked":"champ:ShieldWall","floor":12},{"not_picked":["champ:FocusedDefense","champ:StanceDance"],"picked":"champ:ShieldWall","floor":14},{"not_picked":["champ:FaceSlap","champ:FancyFootwork"],"picked":"champ:PreemptiveStrike","floor":15},{"not_picked":["champ:DancingMaster","champ:ShieldThrow"],"picked":"champ:HeavySlash","floor":16},{"not_picked":["champ:EnGarde","champ:BladeFlurry"],"picked":"champ:Circumvent","floor":19},{"not_picked":["champ:PreemptiveStrike","champ:TornadoPunch"],"picked":"champ:StanceDance","floor":20},{"not_picked":["champ:EnGarde","champ:FalseCounter+1"],"picked":"champ:TornadoPunch+1","floor":22},{"not_picked":["champ:ArenaPreparation","champ:Duel+1"],"picked":"champ:FlashCut","floor":23},{"not_picked":["champ:DeathBlow","champ:StanceDance"],"picked":"champ:DefensiveShout+1","floor":25},{"not_picked":["champ:RecklessLeap","champ:StanceDance"],"picked":"champ:BringItOn","floor":28},{"not_picked":["champ:AdrenalArmor","champ:PreemptiveStrike+1"],"picked":"champ:FalseCounter+1","floor":29},{"not_picked":["champ:BladeFlurry","champ:Backstep"],"picked":"champ:Improvising","floor":30},{"not_picked":["champ:BladeFlurry+1","champ:Shatter"],"picked":"champ:SkillfulDodge","floor":31},{"not_picked":["champ:Haymaker","champ:SkillfulDodge","champ:StanceDance"],"picked":"SKIP","floor":32}],"player_experience":183511,"relics_obtained":[{"floor":7,"key":"Girya"},{"floor":12,"key":"champ:FightingForDummies"},{"floor":14,"key":"Pen Nib"},{"floor":30,"key":"champ:DefensiveTrainingManual"}],"event_choices":[],"is_beta":false,"boss_relics":[{"not_picked":["Runic Pyramid","Astrolabe"],"picked":"champ:ChampionCrownUpgraded"}],"items_purged_floors":[23],"is_endless":false,"potions_floor_spawned":[2,5,9,10,22,25,28,31,32],"killed_by":"IC_MUSHROOM_ARCHETYPE","ascension_level":0}}