{"host":"fbdlh90rovbiajun","time":1614057617,"event":{"mods":["AchievementEnabler","BaseMod","Colored Map","Keyboard Shortcuts","Minty Spire (QoL Compilation)","SuperFastMode"],"gold_per_floor":[118,43,43,60,60,60,95,95,95,108,108,127,145,145,145,245,245,260,175,125,139,153,153,103,103,103,121,136,136,167,180,180,277,277,292,242,260,270,290,315,265,298,349,349,380,380,393,411,411,411,411,411,57,89,89],"floor_reached":56,"language":"KOR","playtime":2009,"items_purged":["Regret","Strike_P","Defend_P","Defend_P","Strike_P","Judgement+1"],"score":1957,"play_id":"0eeaa694-def3-49fb-b12d-87a5216be740","local_time":"20210223142017","is_ascension_mode":true,"campfire_choices":[{"data":"Eruption","floor":6,"key":"SMITH"},{"data":"Judgement","floor":8,"key":"SMITH"},{"data":"MentalFortress","floor":11,"key":"SMITH"},{"data":"CrushJoints","floor":15,"key":"SMITH"},{"data":"InnerPeace","floor":23,"key":"SMITH"},{"data":"Halt","floor":29,"key":"SMITH"},{"floor":32,"key":"REST"},{"data":"1","floor":44,"key":"LIFT"},{"data":"2","floor":46,"key":"LIFT"},{"floor":49,"key":"RECALL"},{"data":"3","floor":52,"key":"LIFT"}],"circlet_count":0,"master_deck":["Eruption+1","Vigilance+1","CrushJoints+1","MentalFortress+1","InnerPeace+1","Halt+1","Adaptation+1"],"relics":["PureWater","Girya","Centennial Puzzle","Smiling Mask","Empty Cage","Happy Flower","WingedGreaves","White Beast Statue","Coffee Dripper","Juzu Bracelet","Yang","Shuriken","ClockworkSouvenir","Ginger"],"acts_visited":["Exordium","TheCity","TheBeyond","TheEnding"],"potions_floor_usage":[7,16,30,33,50,53,55,55],"damage_taken":[{"damage":0,"enemies":"Small Slimes","floor":1,"turns":2},{"damage":0,"enemies":"Cultist","floor":4,"turns":2},{"damage":24,"enemies":"Gremlin Nob","floor":7,"turns":3},{"damage":6,"enemies":"2 Louse","floor":10,"turns":2},{"damage":14,"enemies":"Gremlin Gang","floor":12,"turns":3},{"damage":1,"enemies":"Looter","floor":13,"turns":2},{"damage":13,"enemies":"Slime Boss","floor":16,"turns":8},{"damage":0,"enemies":"Spheric Guardian","floor":18,"turns":1},{"damage":19,"enemies":"3 Byrds","floor":21,"turns":4},{"damage":12,"enemies":"Snecko","floor":22,"turns":4},{"damage":0,"enemies":"Shelled Parasite and Fungi","floor":27,"turns":2},{"damage":0,"enemies":"Centurion and Healer","floor":28,"turns":2},{"damage":5,"enemies":"Slavers","floor":30,"turns":4},{"damage":19,"enemies":"Cultist and Chosen","floor":31,"turns":4},{"damage":0,"enemies":"Collector","floor":33,"turns":2},{"damage":0,"enemies":"3 Darklings","floor":35,"turns":2},{"damage":0,"enemies":"Orb Walker","floor":37,"turns":2},{"damage":11,"enemies":"Spire Growth","floor":38,"turns":3},{"damage":5,"enemies":"4 Shapes","floor":39,"turns":2},{"damage":0,"enemies":"Reptomancer","floor":40,"turns":3},{"damage":0,"enemies":"Giant Head","floor":42,"turns":2},{"damage":0,"enemies":"Nemesis","floor":45,"turns":3},{"damage":2,"enemies":"Writhing Mass","floor":47,"turns":2},{"damage":0,"enemies":"Spire Growth","floor":48,"turns":1},{"damage":0,"enemies":"Awakened One","floor":50,"turns":2},{"damage":0,"enemies":"Shield and Spear","floor":54,"turns":1},{"damage":5,"enemies":"The Heart","floor":55,"turns":3}],"seed_played":"303273172895789165","potions_obtained":[{"floor":1,"key":"Weak Potion"},{"floor":13,"key":"SkillPotion"},{"floor":16,"key":"SteroidPotion"},{"floor":22,"key":"ColorlessPotion"},{"floor":28,"key":"LiquidMemories"},{"floor":30,"key":"DistilledChaos"},{"floor":33,"key":"Swift Potion"},{"floor":35,"key":"LiquidMemories"},{"floor":38,"key":"StancePotion"},{"floor":47,"key":"GamblersBrew"},{"floor":54,"key":"Energy Potion"}],"is_trial":false,"path_per_floor":["M","$","?","M","$","R","E","R","T","M","R","M","M","?","R","B",null,"M","?","$","M","M","R","$","?","T","M","M","R","E","M","R","B",null,"M","$","M","M","M","E","$","E","T","R","E","R","M","M","R","B",null,"R","$","E","B",null],"character_chosen":"WATCHER","items_purchased":["Fruit Juice","ClockworkSouvenir","Dexterity Potion"],"campfire_rested":1,"item_purchase_floors":[53,53,53],"current_hp_per_floor":[65,65,65,65,65,65,41,41,41,35,35,21,20,20,20,7,56,56,56,56,37,25,25,25,25,25,25,25,25,20,1,22,22,60,60,60,60,49,44,44,44,44,44,44,44,44,42,42,42,42,65,65,70,70,65],"gold":89,"neow_bonus":"TRANSFORM_TWO_CARDS","is_daily":false,"chose_seed":false,"campfire_upgraded":6,"win_rate":0.0,"timestamp":1614057617,"path_taken":["M","$","?","M","$","R","E","R","T","M","R","M","?","?","R","BOSS","M","?","$","M","M","R","$","?","T","M","M","R","E","M","R","BOSS","M","?","M","M","M","E","$","E","T","R","E","R","M","M","R","BOSS","R","$","E","BOSS"],"items_purchased_type":["Potion","Relic","Potion"],"build_version":"2020-12-22","purchased_purges":6,"victory":true,"max_hp_per_floor":[72,72,72,72,72,72,72,72,72,72,72,72,72,72,72,72,72,72,72,72,72,72,72,72,72,72,72,72,72,72,72,72,72,72,72,72,72,72,72,72,72,72,72,72,72,72,72,72,72,72,72,72,77,77,77],"card_choices":[{"not_picked":["WindmillStrike","Protect"],"picked":"TalkToTheHand","floor":1},{"not_picked":["CarveReality","FollowUp"],"picked":"MentalFortress","floor":4},{"not_picked":["Evaluate","MentalFortress","Wireheading"],"picked":"SKIP","floor":7},{"not_picked":["Weave","SashWhip","FlurryOfBlows"],"picked":"SKIP","floor":10},{"not_picked":["EmptyMind","BowlingBash","JustLucky"],"picked":"SKIP","floor":12},{"not_picked":["BowlingBash","Crescendo"],"picked":"InnerPeace","floor":13},{"not_picked":["PathToVictory","Wallop+1","Meditate+1"],"picked":"SKIP","floor":18},{"not_picked":["Protect+1","CrushJoints+1"],"picked":"Halt","floor":21},{"not_picked":["WheelKick","CutThroughFate+1"],"picked":"Adaptation+1","floor":22},{"not_picked":["BowlingBash","EmptyFist","SashWhip"],"picked":"SKIP","floor":27},{"not_picked":["Collect","ConjureBlade","WaveOfTheHand"],"picked":"SKIP","floor":28},{"not_picked":["FlyingSleeves","PathToVictory","CutThroughFate+1"],"picked":"SKIP","floor":30},{"not_picked":["Sanctity","EmptyBody","BowlingBash"],"picked":"SKIP","floor":31},{"not_picked":["Crescendo","Meditate+1","BattleHymn"],"picked":"SKIP","floor":35},{"not_picked":["Indignation+1","Crescendo","EmptyFist"],"picked":"SKIP","floor":37},{"not_picked":["CutThroughFate","Protect+1","Evaluate"],"picked":"SKIP","floor":38},{"not_picked":["Crescendo","Meditate+1","CutThroughFate+1"],"picked":"SKIP","floor":39},{"not_picked":["EmptyBody","ReachHeaven","TalkToTheHand"],"picked":"SKIP","floor":40},{"not_picked":["EmptyBody","ReachHeaven","TalkToTheHand"],"picked":"SKIP","floor":40},{"not_picked":["EmptyBody","ReachHeaven","TalkToTheHand"],"picked":"SKIP","floor":40},{"not_picked":["ThirdEye","Nirvana+1","LessonLearned"],"picked":"SKIP","floor":42},{"not_picked":["FlyingSleeves","Vengeance+1","WheelKick"],"picked":"SKIP","floor":45},{"not_picked":["LikeWater+1","Vengeance+1","EmptyBody+1"],"picked":"SKIP","floor":47},{"not_picked":["Evaluate+1","JustLucky","FearNoEvil+1"],"picked":"SKIP","floor":48},{"not_picked":["JustLucky+1","ConjureBlade","ClearTheMind+1"],"picked":"SKIP","floor":54}],"player_experience":120566,"relics_obtained":[{"floor":7,"key":"Centennial Puzzle"},{"floor":9,"key":"Smiling Mask"},{"floor":26,"key":"WingedGreaves"},{"floor":30,"key":"White Beast Statue"},{"floor":40,"key":"Juzu Bracelet"},{"floor":42,"key":"Yang"},{"floor":45,"key":"Shuriken"},{"floor":54,"key":"Ginger"}],"event_choices":[{"cards_removed":["TalkToTheHand"],"damage_healed":0,"gold_gain":0,"player_choice":"Gave Card","damage_taken":0,"relics_obtained":["Girya"],"max_hp_gain":0,"max_hp_loss":0,"event_name":"WeMeetAgain","floor":3,"gold_loss":0},{"damage_healed":0,"gold_gain":0,"player_choice":"Upgraded","damage_taken":0,"max_hp_gain":0,"max_hp_loss":0,"event_name":"Upgrade Shrine","floor":14,"gold_loss":0,"cards_upgraded":["Vigilance"]},{"damage_healed":0,"gold_gain":0,"player_choice":"Obtained Relic","damage_taken":0,"relics_obtained":["Happy Flower"],"max_hp_gain":0,"max_hp_loss":0,"event_name":"Addict","floor":19,"gold_loss":85},{"damage_healed":0,"gold_gain":0,"player_choice":"Bought 0 Potions","damage_taken":0,"max_hp_gain":0,"max_hp_loss":0,"event_name":"The Woman in Blue","floor":25,"gold_loss":0}],"is_beta":false,"boss_relics":[{"not_picked":["Velvet Choker","VioletLotus"],"picked":"Empty Cage"},{"not_picked":["Pandora\u0027s Box","Fusion Hammer"],"picked":"Coffee Dripper"}],"items_purged_floors":[2,20,24,36,41,53],"is_endless":false,"potions_floor_spawned":[1,13,16,22,28,30,31,33,35,37,38,39,40,42,45,47,48,54],"ascension_level":6}}