{"host":"mp4nw1ahnxiisuiw","time":1614096961,"event":{"mods":["BaseMod","Block Reminder","Colored Map","Colored Powertips","Curses Come First","DeckTracker","Dio Mod","Koishi","Marisa????????","Minty Spire (QoL Compilation)","Quick Restart","Rare Cards Sparkle","Relic Sorter","Relic Stats","Remilia??????","Small Relic Pack","StSLib","Td1madao Mod"],"gold_per_floor":[111,111,123,141,141,141,174,174,174,203,213,213,241,256,256,256,256],"floor_reached":16,"language":"ENG","playtime":620,"items_purged":[],"score":120,"play_id":"8eaa37f3-ed23-4830-8624-85737704eeca","local_time":"20210223171601","is_ascension_mode":false,"campfire_choices":[{"data":"MasterSpark","floor":6,"key":"SMITH"},{"floor":12,"key":"REST"},{"floor":15,"key":"REST"}],"circlet_count":0,"master_deck":["Strike_MRS","Strike_MRS","Strike_MRS","Strike_MRS","Defend_MRS","Defend_MRS","Defend_MRS","Defend_MRS","MasterSpark+1","UpSweep","OrrerysSun","DoubleSpark","AlicesGift","DragonMeteor","LuminesStrike","PowerUp","IllusionStar","MeteoricShower","MagicAbsorber"],"relics":["MiniHakkero","NeowsBlessing","relicPack:OneForAll","White Beast Statue","Mummified Hand","Prayer Wheel","Peace Pipe"],"acts_visited":["Exordium"],"potions_floor_usage":[16],"damage_taken":[{"damage":0,"enemies":"Jaw Worm","floor":1,"turns":1},{"damage":0,"enemies":"Small Slimes","floor":3,"turns":1},{"damage":0,"enemies":"2 Louse","floor":4,"turns":1},{"damage":34,"enemies":"Lagavulin","floor":7,"turns":6},{"damage":14,"enemies":"Gremlin Nob","floor":10,"turns":4},{"damage":15,"enemies":"Gremlin Gang","floor":11,"turns":4},{"damage":26,"enemies":"Lagavulin","floor":13,"turns":4},{"damage":13,"enemies":"3 Louse","floor":14,"turns":3},{"damage":52,"enemies":"Hexaghost","floor":16,"turns":7}],"seed_played":"-3001102200526358051","potions_obtained":[{"floor":4,"key":"PowerPotion"},{"floor":10,"key":"FairyPotion"},{"floor":11,"key":"FearPotion"}],"is_trial":false,"path_per_floor":["M","?","M","M","?","R","E","?","T","E","M","R","E","M","R","B"],"character_chosen":"MARISA","items_purchased":[],"campfire_rested":2,"item_purchase_floors":[],"current_hp_per_floor":[75,80,80,80,80,80,46,46,46,32,17,41,15,2,26,0,0],"gold":256,"neow_bonus":"THREE_ENEMY_KILL","is_daily":false,"chose_seed":false,"campfire_upgraded":1,"win_rate":0.0,"timestamp":1614096961,"path_taken":["M","?","M","M","?","R","E","?","T","E","M","R","E","M","R","BOSS"],"items_purchased_type":[],"build_version":"2020-12-22","purchased_purges":0,"victory":false,"max_hp_per_floor":[75,80,80,80,80,80,80,80,80,80,80,80,80,80,80,80,80],"relic_stats":{"Peace Pipe":0,"counters":[9,31],"Mummified Hand":[4],"Prayer Wheel":2,"obtain_stats":[{"relicPack:OneForAll":5,"Peace Pipe":13,"NeowsBlessing":0,"Mummified Hand":9,"Prayer Wheel":10,"MiniHakkero":0,"White Beast Statue":7},{"relicPack:OneForAll":3,"Peace Pipe":7,"NeowsBlessing":0,"Mummified Hand":4,"Prayer Wheel":5,"MiniHakkero":0,"White Beast Statue":4},{"relicPack:OneForAll":3,"Peace Pipe":21,"NeowsBlessing":0,"Mummified Hand":9,"Prayer Wheel":13,"MiniHakkero":0,"White Beast Statue":9}]},"card_choices":[{"not_picked":["MysteriousBeam","Occultation"],"picked":"OrrerysSun","floor":1},{"not_picked":["GasGiant","GrandCross"],"picked":"DoubleSpark","floor":3},{"not_picked":["DC","AsteroidBelt"],"picked":"AlicesGift","floor":4},{"not_picked":["NonDirectionalLaser","WitchLeyline"],"picked":"DragonMeteor","floor":7},{"not_picked":["TreasureHunter","OneTimeOff"],"picked":"LuminesStrike","floor":10},{"not_picked":["WitchLeyline","Singularity"],"picked":"PowerUp","floor":11},{"not_picked":["Acceleration","PulseMagic","DeepEcoloBomb"],"picked":"SKIP","floor":11},{"not_picked":["LuminesStrike","EscapeVelocity"],"picked":"IllusionStar","floor":13},{"not_picked":["MachineGunSpark","OneTimeOff"],"picked":"MeteoricShower","floor":14},{"not_picked":["LuminesStrike","WitchOfGreed"],"picked":"MagicAbsorber","floor":14}],"player_experience":106582,"relics_obtained":[{"floor":7,"key":"White Beast Statue"},{"floor":9,"key":"Mummified Hand"},{"floor":10,"key":"Prayer Wheel"},{"floor":13,"key":"Peace Pipe"}],"event_choices":[{"damage_healed":0,"gold_gain":0,"player_choice":"Donut","damage_taken":0,"max_hp_gain":5,"max_hp_loss":0,"event_name":"Big Fish","floor":2,"gold_loss":0},{"damage_healed":0,"gold_gain":0,"player_choice":"Ignored","damage_taken":0,"max_hp_gain":0,"max_hp_loss":0,"event_name":"Shining Light","floor":8,"gold_loss":0}],"is_beta":false,"boss_relics":[],"items_purged_floors":[],"is_endless":false,"potions_floor_spawned":[4,10,11,13,14],"killed_by":"Hexaghost","ascension_level":0}}