{"host":"ilhhjx796p2x2wmd","time":1614061039,"event":{"mods":["AchievementEnabler","BaseMod","BetterRewards","Colored Map","Colored Powertips","DeckTracker","Highlight Path","Minty Spire (QoL Compilation)","Permanent Neow","Rare Cards Sparkle","Shop Mod"],"gold_per_floor":[11,30,49,49,68,85,102,128,128,162,1,19,29,63,63,63,63],"floor_reached":16,"language":"KOR","playtime":758,"items_purged":["Strike_G"],"score":211,"play_id":"c8546c6d-965c-4ea2-9d17-95215bb3c7ed","local_time":"20210223151719","is_ascension_mode":true,"campfire_choices":[{"floor":15,"key":"REST"}],"circlet_count":0,"master_deck":["Strike_G","Strike_G","Strike_G","Strike_G","Defend_G","Defend_G","Defend_G","Defend_G","Defend_G","Survivor","Neutralize","Master of Strategy","Cloak And Dagger","Calculated Gamble","Heel Hook","Dagger Spray","Backflip","Phantasmal Killer","Backstab","Prepared+1","Flash of Steel","Poisoned Stab","Deadly Poison+1"],"relics":["Ring of the Snake","Bottled Lightning","Toxic Egg 2","Strawberry","InkBottle"],"acts_visited":["Exordium"],"potions_floor_usage":[5,10,14,14],"damage_taken":[{"damage":0,"enemies":"2 Louse","floor":1,"turns":4},{"damage":4,"enemies":"Cultist","floor":2,"turns":4},{"damage":6,"enemies":"Small Slimes","floor":3,"turns":4},{"damage":5,"enemies":"Exordium Wildlife","floor":5,"turns":8},{"damage":14,"enemies":"3 Louse","floor":6,"turns":2},{"damage":2,"enemies":"2 Fungi Beasts","floor":7,"turns":4},{"damage":39,"enemies":"3 Sentries","floor":8,"turns":11},{"damage":18,"enemies":"Gremlin Nob","floor":10,"turns":3},{"damage":20,"enemies":"Exordium Thugs","floor":12,"turns":6},{"damage":3,"enemies":"Exordium Wildlife","floor":13,"turns":6},{"damage":0,"enemies":"3 Sentries","floor":14,"turns":4},{"damage":30,"enemies":"The Guardian","floor":16,"turns":10}],"seed_played":"7628560900249172376","potions_obtained":[{"floor":2,"key":"Swift Potion"},{"floor":3,"key":"Regen Potion"},{"floor":4,"key":"FairyPotion"},{"floor":4,"key":"Ancient Potion"},{"floor":8,"key":"CunningPotion"},{"floor":10,"key":"CultistPotion"},{"floor":13,"key":"ColorlessPotion"}],"is_trial":false,"path_per_floor":["M","M","M","?","M","M","M","E","T","E","$","M","M","E","R","B"],"character_chosen":"THE_SILENT","items_purchased":["Flash of Steel"],"campfire_rested":1,"item_purchase_floors":[11],"current_hp_per_floor":[63,59,53,53,63,49,47,8,8,28,28,8,5,5,28,0,0],"gold":63,"neow_bonus":"RANDOM_COLORLESS_2","is_daily":false,"chose_seed":false,"campfire_upgraded":0,"win_rate":0.0,"timestamp":1614061039,"path_taken":["M","M","M","?","M","?","M","E","T","E","$","M","M","E","R","BOSS"],"items_purchased_type":["Card"],"build_version":"2020-12-22","purchased_purges":1,"victory":false,"max_hp_per_floor":[70,70,70,70,70,70,70,70,70,77,77,77,77,77,77,77,77],"card_choices":[{"not_picked":["The Bomb","Transmutation"],"picked":"Master of Strategy","floor":0},{"not_picked":["PiercingWail","Dagger Spray"],"picked":"Cloak And Dagger","floor":1},{"not_picked":["Blade Dance","Sucker Punch"],"picked":"Calculated Gamble","floor":2},{"not_picked":["Riddle With Holes","Backflip"],"picked":"Heel Hook","floor":3},{"not_picked":["Backstab","Poisoned Stab"],"picked":"Dagger Spray","floor":5},{"not_picked":["Finisher","PiercingWail"],"picked":"Backflip","floor":6},{"not_picked":["Eviscerate","Predator"],"picked":"Phantasmal Killer","floor":7},{"not_picked":["Flying Knee","Caltrops"],"picked":"Backstab","floor":8},{"not_picked":["PiercingWail+1","Night Terror+1"],"picked":"Prepared+1","floor":10},{"not_picked":["Noxious Fumes","Distraction+1","Backstab"],"picked":"SKIP","floor":12},{"not_picked":["Reflex+1","Eviscerate"],"picked":"Poisoned Stab","floor":13},{"not_picked":["Corpse Explosion+1","Prepared+1"],"picked":"Deadly Poison+1","floor":14}],"player_experience":359119,"relics_obtained":[{"floor":8,"key":"Bottled Lightning"},{"floor":9,"key":"Toxic Egg 2"},{"floor":10,"key":"Strawberry"},{"floor":14,"key":"InkBottle"}],"event_choices":[{"damage_healed":0,"gold_gain":0,"player_choice":"Got Potions","damage_taken":0,"max_hp_gain":0,"max_hp_loss":0,"event_name":"Lab","floor":4,"gold_loss":0}],"is_beta":false,"boss_relics":[],"items_purged_floors":[11],"is_endless":false,"potions_floor_spawned":[2,3,8,10,13],"killed_by":"The Guardian","ascension_level":8}}