{"host":"sgot3i7m08vsvri4","time":1614072797,"event":{"mods":["AchievementEnabler","BaseMod","BetterRewards","Colorless Booster Pack","Custom Start","DNKmod","Downfall","Duelist Mod","Friendly Minions","GifTheSpireLib","Gremlin Skip","Grow up Mod","Hermit","Hubris","Infinite Spire","Mimic Mod","Minty Spire (QoL Compilation)","Relic Sorter","Remove Card Discount Mod","Replay The Spire","Shop Mod","StSLib","The Alterego","The Animator","The Construct","The Hierophant","The Necromancer","The Servant 0.9.4","Treasure Hunter","WarShipGirlsR/????R mod"],"gold_per_floor":[10019,10019,10035,10060,10060,10060,8925,8996,9077,9117,9117,8668,8706,8725,8725,8836,8836,8848,8848,8848,8870,8877,8877,8877,8904,8927,8904,8940,8029,8155,8155,8155,8240,8240,8262,8262,8335,8317,7604,7604,7632,7632,7655,7718,7755,7755,7742,7742,7742,7742],"floor_reached":51,"language":"ENG","playtime":3021,"items_purged":[],"score":869,"play_id":"09477d08-d428-4695-864c-738b4771eab4","local_time":"20210223033317","is_ascension_mode":false,"campfire_choices":[{"floor":6,"key":"RECALL"},{"data":"hierophant:Mercenaries","floor":11,"key":"SMITH"},{"data":"hierophant:ChurchCoffers","floor":15,"key":"SMITH"},{"data":"hierophant:Encroach","floor":23,"key":"SMITH"},{"data":"hierophant:DisplayOfPower","floor":32,"key":"SMITH"},{"data":"TH:TreasureMap","floor":40,"key":"SMITH"},{"data":"hierophant:Alms","floor":42,"key":"SMITH"},{"data":"ReplayTheSpireMod:Book of Names","floor":49,"key":"SMITH"}],"circlet_count":0,"master_deck":["hierophant:Strike_Hierophant","hierophant:Strike_Hierophant","hierophant:Strike_Hierophant","hierophant:Strike_Hierophant","hierophant:Punish","hierophant:Defend_Hierophant","hierophant:Defend_Hierophant","hierophant:Defend_Hierophant","hierophant:ChurchCoffers+1","hierophant:Encroach+1","hierophant:OrnateJavelin+1","hierophant:MorningPrayer","TH:TreasureMap+1","hierophant:Community+1","hierophant:HolyVerse","hierophant:SolarFlare","hierophant:Mercenaries+1","hierophant:Sermon","ReplayTheSpireMod:Trickstab","Thinking Ahead","TH:TreasureMap+1","TH:DeckOfManyThings","hierophant:FieryStrike","hierophant:Upheaval+1","hierophant:Upheaval","hierophant:ArchangelShield","hierophant:Encroach","hierophant:Shelter","hierophant:CoinFling+1","hierophant:Doubloon","TH:ArmorSpikes","hierophant:Alms+1","hierophant:Smite","hierophant:WrathOfGod","hierophant:DisplayOfPower+1","hierophant:MorningPrayer","hierophant:Patience","hierophant:ThreeLashes","downfall:Bewildered","hierophant:Remorse","hierophant:LocustPlague","hierophant:Glossolalia+1","hierophant:Determination","hierophant:PassingBell","hierophant:ThreeLashes","hierophant:Doubloon","hierophant:ThreeLashes","TH:CursedSword","hierophant:Zeal","TH:Mimic","hierophant:Invocation","hierophant:Doubloon","hierophant:Remorse","TH:CopperCoins","hierophant:Purify+1","hierophant:HammerAndAnvil","hierophant:OrnateJavelin","TH:Mimic","ReplayTheSpireMod:Trickstab","hierophant:OrnateBuckler+1","TH:Mimic","hierophant:Shelter","TH:ArmorSpikes","hierophant:Martyrdom","ReplayTheSpireMod:Book of Names+1","hierophant:FlamingChariot","Replay:Dark Deal","Panacea","ReplayTheSpireMod:Trickstab"],"relics":["hierophant:PropheticMaskRelic","NeowsBlessing","hubris:SlimyHat","Juzu Bracelet","Guide Book","MerchantsRug","Meat on the Bone","Calipers","Gremlin Horn","BargainBundle","Whetstone","hubris:BottledHeart","sneckomod:BabySnecko","infinitespire:Lucky Rock","Durian","infinitespire:EmpoweringShard","Mirror","Sling","Replay:Towering Pillar of Hats","hubris:TinFlute","Toy Ornithopter","Philosopher\u0027s Stone","TH:Strongbox","Replay:Ringing Soul","Lee\u0027s Waffle","Ancient Tea Set","Pocketwatch","Regal Pillow"],"acts_visited":["Exordium","TheCity","TheBeyond"],"potions_floor_usage":[16,16,28,33,33,33],"damage_taken":[{"damage":0,"enemies":"Small Slimes","floor":1,"turns":1},{"damage":0,"enemies":"Cultist","floor":3,"turns":1},{"damage":0,"enemies":"3 Sentries","floor":10,"turns":2},{"damage":6,"enemies":"Gremlin Nob","floor":13,"turns":4},{"damage":11,"enemies":"Jaw Worm","floor":14,"turns":2},{"damage":102,"enemies":"Hexaghost","floor":16,"turns":9},{"damage":0,"enemies":"Spheric Guardian","floor":18,"turns":2},{"damage":0,"enemies":"Chosen","floor":21,"turns":4},{"damage":0,"enemies":"Shelled Parasite and Fungi","floor":22,"turns":6},{"damage":0,"enemies":"Sentry and Sphere","floor":25,"turns":3},{"damage":0,"enemies":"Slavers","floor":27,"turns":6},{"damage":0,"enemies":"3 Cultists","floor":28,"turns":3},{"damage":0,"enemies":"Colosseum Slavers","floor":30,"turns":4},{"damage":0,"enemies":"Colosseum Nobs","floor":30,"turns":2},{"damage":0,"enemies":"Book of Stabbing","floor":31,"turns":4},{"damage":0,"enemies":"Automaton","floor":33,"turns":8},{"damage":0,"enemies":"3 Darklings","floor":35,"turns":4},{"damage":0,"enemies":"Orb Walker","floor":38,"turns":2},{"damage":0,"enemies":"Transient","floor":41,"turns":5},{"damage":0,"enemies":"2 Orb Walkers","floor":44,"turns":2},{"damage":0,"enemies":"Reptomancer","floor":45,"turns":3},{"damage":0,"enemies":"4 Shapes","floor":47,"turns":1},{"damage":0,"enemies":"infinitespire:MassOfShapes","floor":50,"turns":1}],"seed_played":"-8819688498173872245","potions_obtained":[{"floor":3,"key":"Adrenaline Potion"},{"floor":13,"key":"PowerPotion"},{"floor":14,"key":"Block Potion"},{"floor":21,"key":"SneckoOil"},{"floor":28,"key":"Block Potion"},{"floor":30,"key":"Explosive Potion"},{"floor":31,"key":"champ:CounterPotion"},{"floor":35,"key":"Weak Potion"},{"floor":47,"key":"sneckomod:MuddlingPotion"}],"is_trial":false,"path_per_floor":["M","?","M","T","?","R","$","?","T","E","R","$","E","M","R","B",null,"M","?","?","M","M","R","?","M","T","E","M","$","?","E","R","B",null,"M","?","T","M","$","R","M","R","T","?","E","?","M","?","R","B",null],"character_chosen":"HIEROPHANT","items_purchased":["hubris:SlimyHat","Juzu Bracelet","hierophant:Community","hierophant:HolyVerse","hierophant:SolarFlare","hierophant:Mercenaries","hierophant:Sermon","Guide Book","MerchantsRug","ReplayTheSpireMod:Trickstab","Thinking Ahead","Gremlin Horn","BargainBundle","hierophant:Upheaval","hierophant:ArchangelShield","hierophant:Encroach","hierophant:Shelter","hierophant:CoinFling","infinitespire:EmpoweringShard","Mirror","Sling","hierophant:Determination","hierophant:PassingBell","hierophant:ThreeLashes","hierophant:Doubloon","Replay:Ringing Soul","Lee\u0027s Waffle","hierophant:HammerAndAnvil","hierophant:OrnateJavelin","TH:Mimic","ReplayTheSpireMod:Trickstab"],"campfire_rested":0,"item_purchase_floors":[7,7,7,7,7,7,7,7,7,7,7,12,12,12,12,12,12,12,29,29,29,29,29,29,29,39,39,39,39,39,39],"current_hp_per_floor":[120,130,140,150,165,175,185,195,205,215,225,235,239,238,248,156,285,295,11,21,31,41,51,61,71,81,91,101,111,121,131,141,151,161,171,181,191,201,211,221,231,241,251,261,271,211,221,221,231,241],"gold":7742,"neow_bonus":"THREE_ENEMY_KILL","is_daily":false,"chose_seed":false,"campfire_upgraded":7,"win_rate":0.0,"timestamp":1614072797,"path_taken":["M","?","M","?","?","R","$","?","T","E","R","?","E","M","R","BOSS","M","?","?","M","M","R","?","M","T","E","M","$","?","E","R","BOSS","M","?","?","M","$","R","M","R","T","?","E","?","M","?","R","BOSS"],"items_purchased_type":["Relic","Relic","Card","Card","Card","Card","Card","Relic","Relic","Card","Card","Relic","Relic","Card","Card","Card","Card","Card","Relic","Relic","Relic","Card","Card","Card","Card","Relic","Relic","Card","Card","Card","Card"],"build_version":"2020-12-22","purchased_purges":0,"victory":true,"max_hp_per_floor":[120,130,140,150,165,175,185,195,205,215,225,235,245,255,265,275,285,295,11,21,31,41,51,61,71,81,91,101,111,121,131,141,151,161,171,181,191,201,211,221,231,241,251,261,271,281,291,301,311,321],"card_choices":[{"not_picked":["hierophant:CursedGold","hierophant:OrnateJavelin"],"picked":"hierophant:Encroach","floor":1},{"not_picked":["hierophant:Doubloon","hierophant:AuricShield"],"picked":"hierophant:MorningPrayer","floor":3},{"not_picked":["TH:CursedSword"],"picked":"TH:TreasureMap","floor":4},{"not_picked":["TH:PixieDust"],"picked":"TH:TreasureMap","floor":9},{"not_picked":["TH:CopperCoins"],"picked":"TH:DeckOfManyThings","floor":10},{"not_picked":["hierophant:FlamingChariot","hierophant:Upheaval"],"picked":"hierophant:FieryStrike","floor":10},{"not_picked":["TH:CopperCoins"],"picked":"TH:ArmorSpikes","floor":13},{"not_picked":["hierophant:Empathy","hierophant:Upheaval"],"picked":"hierophant:Alms","floor":13},{"not_picked":["hierophant:ArchangelShield","hierophant:SecretStash"],"picked":"hierophant:Smite","floor":14},{"not_picked":["hierophant:DeathKnell","hierophant:DivineIntervention"],"picked":"hierophant:WrathOfGod","floor":16},{"not_picked":["hierophant:Zeal","hierophant:ArchangelShield"],"picked":"hierophant:DisplayOfPower","floor":18},{"not_picked":["hierophant:SecretStash","hierophant:Shelter"],"picked":"hierophant:Patience","floor":21},{"not_picked":["hierophant:HolyVerse","hierophant:Doubloon"],"picked":"hierophant:ThreeLashes","floor":22},{"not_picked":["hierophant:HolyVerse","hierophant:Sermon"],"picked":"hierophant:Remorse","floor":25},{"not_picked":["TH:PixieDust","TH:CopperCoins"],"picked":"SKIP","floor":26},{"not_picked":["hierophant:Embezzle","hierophant:AuricForm"],"picked":"hierophant:LocustPlague","floor":27},{"not_picked":["TH:PixieDust","TH:CopperCoins"],"picked":"SKIP","floor":27},{"not_picked":["hierophant:MirrorShield+1","hierophant:Encroach+1"],"picked":"hierophant:Glossolalia+1","floor":28},{"not_picked":["hierophant:Embezzle","hierophant:Patience"],"picked":"hierophant:ThreeLashes","floor":30},{"not_picked":["TH:CopperCoins"],"picked":"TH:CursedSword","floor":31},{"not_picked":["hierophant:AuricShield+1","hierophant:PassingBell"],"picked":"hierophant:Zeal","floor":31},{"not_picked":["TH:TreasureMap"],"picked":"TH:Mimic","floor":33},{"not_picked":["hierophant:Cornucopia","hierophant:AuricForm"],"picked":"hierophant:Invocation","floor":33},{"not_picked":["hierophant:DisplayOfPower","hierophant:AuricBeam"],"picked":"hierophant:Remorse","floor":35},{"not_picked":["TH:ArmorSpikes"],"picked":"TH:CopperCoins","floor":37},{"not_picked":["hierophant:AuricBeam+1","hierophant:LocustPlague"],"picked":"hierophant:Purify+1","floor":38},{"not_picked":["hierophant:Encroach","hierophant:RecallFunds+1"],"picked":"hierophant:OrnateBuckler+1","floor":41},{"not_picked":["TH:ArmorSpikes"],"picked":"TH:Mimic","floor":43},{"not_picked":["hierophant:HolyVerse+1","hierophant:Encroach+1"],"picked":"hierophant:Shelter","floor":44},{"not_picked":["TH:BikiniMail"],"picked":"TH:ArmorSpikes","floor":45},{"not_picked":["hierophant:Shelter","hierophant:WrathOfGod"],"picked":"hierophant:Martyrdom","floor":45},{"not_picked":["hubris:Rewind","infinitespire:FinalStrike"],"picked":"ReplayTheSpireMod:Book of Names","floor":46},{"not_picked":["hierophant:Remorse","hierophant:Chorus+1"],"picked":"hierophant:FlamingChariot","floor":47},{"not_picked":["Replay:Sssssssssshield","HandOfGreed"],"picked":"Replay:Dark Deal","floor":48},{"not_picked":["Dark Shackles","Enlightenment"],"picked":"Panacea","floor":48},{"not_picked":["Replay:Parry","Good Instincts"],"picked":"ReplayTheSpireMod:Trickstab","floor":48}],"player_experience":200578,"relics_obtained":[{"floor":9,"key":"Meat on the Bone"},{"floor":10,"key":"Calipers"},{"floor":13,"key":"Whetstone"},{"floor":26,"key":"infinitespire:Lucky Rock"},{"floor":27,"key":"Durian"},{"floor":30,"key":"Replay:Towering Pillar of Hats"},{"floor":30,"key":"hubris:TinFlute"},{"floor":31,"key":"Toy Ornithopter"},{"floor":37,"key":"TH:Strongbox"},{"floor":43,"key":"Ancient Tea Set"},{"floor":44,"key":"Pocketwatch"},{"floor":45,"key":"Regal Pillow"}],"event_choices":[{"damage_healed":0,"gold_gain":0,"player_choice":"Donut","damage_taken":0,"max_hp_gain":5,"max_hp_loss":0,"event_name":"Big Fish","floor":5,"gold_loss":0},{"damage_healed":0,"gold_gain":71,"player_choice":"Gained Gold","damage_taken":0,"max_hp_gain":0,"max_hp_loss":0,"event_name":"Golden Wing","floor":8,"gold_loss":0},{"damage_healed":0,"gold_gain":0,"player_choice":"Copied","damage_taken":0,"max_hp_gain":0,"max_hp_loss":0,"event_name":"Duplicator","floor":20,"gold_loss":0,"cards_obtained":["hierophant:MorningPrayer"]},{"damage_healed":0,"gold_gain":0,"player_choice":"Fight","damage_taken":0,"max_hp_gain":0,"max_hp_loss":0,"event_name":"Colosseum","floor":30,"gold_loss":0},{"damage_healed":0,"gold_gain":0,"player_choice":"Fought Nobs","damage_taken":0,"max_hp_gain":0,"max_hp_loss":0,"event_name":"Colosseum","floor":30,"gold_loss":0},{"cards_removed":["hierophant:Doubloon"],"damage_healed":0,"gold_gain":0,"player_choice":"Removed Skill","damage_taken":0,"max_hp_gain":0,"max_hp_loss":0,"event_name":"Falling","floor":36,"gold_loss":0},{"damage_healed":0,"gold_gain":0,"player_choice":"Fight","damage_taken":0,"max_hp_gain":0,"max_hp_loss":0,"event_name":"Mysterious Sphere","floor":44,"gold_loss":0},{"damage_healed":0,"gold_gain":0,"player_choice":"Memory 3","damage_taken":10,"max_hp_gain":0,"max_hp_loss":0,"event_name":"SensoryStone","floor":48,"gold_loss":0}],"is_beta":false,"boss_relics":[{"not_picked":["Honey Jar","Ring of Chaos","Busted Crown"]},{"not_picked":["hubris:GrandSneckoEye","Velvet Choker"],"picked":"Philosopher\u0027s Stone"}],"items_purged_floors":[],"is_endless":false,"potions_floor_spawned":[3,13,14,21,28,30,30,31,35,47],"ascension_level":0}}