{"host":"birdoosa9v9yfc1w","time":1614045217,"event":{"mods":["2.2 Compatiblity","BaseMod","Bestiary","Bossed Relics","Colored Map","Colored Powertips","Dark Map","Halation","Highlight Path","Minty Spire (QoL Compilation)","Rare Cards Sparkle","Relic Filter","SacredBarkPlus","StSLib","The Jungle","Thrall Mod","Wide Potions"],"gold_per_floor":[115,115,115,115,139,139,173,187,210,249,263,263,263,277,277,403,403,417,50,93,55,55,91,91,124,124,124,124,49,49,72,72,203,203,217,217,235,235,568,580,609,634,634,661,671,671,697,710,710,710,710,710,52,81,133],"floor_reached":56,"language":"ENG","playtime":2168,"items_purged":["Strike_Thrall","Thecoin"],"score":1851,"play_id":"1c54a59a-0760-44a1-a136-5683f00af06e","local_time":"20210222205337","is_ascension_mode":true,"campfire_choices":[{"data":"Dunemaul","floor":6,"key":"SMITH"},{"data":"Flametonguetotem","floor":13,"key":"SMITH"},{"data":"Hex","floor":15,"key":"SMITH"},{"floor":24,"key":"REST"},{"floor":27,"key":"REST"},{"data":"Therunespear","floor":30,"key":"SMITH"},{"data":"Maelstromportal","floor":32,"key":"SMITH"},{"floor":46,"key":"RECALL"},{"data":"Shudderwock","floor":49,"key":"SMITH"},{"data":"Earthshock","floor":52,"key":"SMITH"}],"circlet_count":0,"master_deck":["Strike_Thrall+1","Strike_Thrall+1","Strike_Thrall+1","Defend_Thrall+1","Defend_Thrall+1","Defend_Thrall+1","Defend_Thrall+1","Defend_Thrall+1","Lightningbolt+1","Dunemaul+1","Flametonguetotem+1","Hex+1","Airelemental","Therunespear+1","Frostshock+1","Shudderwock+1","Airelemental","Zap","Maelstromportal+1","Hallazeal+1","Earthshock","Drakkaridefender","Earthshock+1","Thralldeathseer","Trip","Doomhammer"],"relics":["Totem","halation:PurpleSoulGem","Bag of Marbles","Omamori","Eternal Feather","halation:SmartPhone","Whetstone","Red Mask","Ginger","StrikeDummy","Ornamental Fan","Necronomicon","Lavashock","halation:StarCompass","Strawberry","halation:VictoryRuler","Mercury Hourglass","Bag of Preparation","Lantern","Pantograph","halation:IllGainedPizza"],"acts_visited":["Exordium","TheCity","TheBeyond","TheEnding"],"potions_floor_usage":[7,10,11,55,55],"damage_taken":[{"damage":9,"enemies":"2 Louse","floor":1,"turns":3},{"damage":0,"enemies":"Small Slimes","floor":5,"turns":3},{"damage":13,"enemies":"3 Sentries","floor":7,"turns":4},{"damage":0,"enemies":"Cultist","floor":8,"turns":2},{"damage":0,"enemies":"Lagavulin","floor":10,"turns":2},{"damage":16,"enemies":"Lots of Slimes","floor":11,"turns":5},{"damage":7,"enemies":"3 Louse","floor":14,"turns":3},{"damage":0,"enemies":"Slime Boss","floor":16,"turns":5},{"damage":12,"enemies":"3 Byrds","floor":18,"turns":4},{"damage":30,"enemies":"Masked Bandits","floor":20,"turns":4},{"damage":18,"enemies":"Gremlin Leader","floor":23,"turns":5},{"damage":30,"enemies":"Slavers","floor":25,"turns":5},{"damage":11,"enemies":"Spheric Guardian","floor":31,"turns":3},{"damage":11,"enemies":"Champ","floor":33,"turns":5},{"damage":4,"enemies":"3 Darklings","floor":35,"turns":5},{"damage":8,"enemies":"3 Shapes","floor":37,"turns":1},{"damage":18,"enemies":"Transient","floor":40,"turns":5},{"damage":39,"enemies":"Reptomancer","floor":41,"turns":5},{"damage":4,"enemies":"Giant Head","floor":44,"turns":4},{"damage":0,"enemies":"3 Darklings","floor":45,"turns":3},{"damage":0,"enemies":"Nemesis","floor":47,"turns":1},{"damage":0,"enemies":"Sphere and 2 Shapes","floor":48,"turns":2},{"damage":88,"enemies":"Donu and Deca","floor":50,"turns":6},{"damage":44,"enemies":"Shield and Spear","floor":54,"turns":4},{"damage":57,"enemies":"The Heart","floor":55,"turns":4}],"seed_played":"5979646685110014358","potions_obtained":[{"floor":1,"key":"Fire Potion"},{"floor":7,"key":"Fire Potion"},{"floor":10,"key":"LiquidMemories"},{"floor":14,"key":"BlessingOfTheForge"},{"floor":18,"key":"DistilledChaos"},{"floor":31,"key":"DuplicationPotion"}],"is_trial":false,"path_per_floor":["M","?","?","?","M","R","E","M","T","E","M","?","R","M","R","B",null,"M","$","?","$","?","E","R","E","T","R","?","?","R","M","R","B",null,"M","?","M","?","?","M","E","T","T","E","M","R","E","M","R","B",null,"R","$","E","B",null],"character_chosen":"THRALL","items_purchased":["Shudderwock","Whetstone","Airelemental","Lantern","Pantograph","Trip","Doomhammer"],"campfire_rested":2,"item_purchase_floors":[19,19,21,53,53,53,53],"current_hp_per_floor":[52,31,31,31,33,33,22,22,22,22,8,84,84,77,84,84,84,64,56,30,22,22,16,50,15,15,52,36,36,45,34,46,29,70,80,80,72,72,72,84,91,91,91,82,82,91,82,82,91,91,91,91,73,29,91],"gold":133,"neow_bonus":"TWENTY_PERCENT_HP_BONUS","is_daily":false,"chose_seed":false,"campfire_upgraded":7,"win_rate":0.0,"timestamp":1614045217,"path_taken":["M","?","?","?","?","R","E","M","T","E","?","?","R","M","R","BOSS","M","?","?","$","?","E","R","E","T","R","?","?","R","M","R","BOSS","M","?","?","?","?","M","E","?","T","E","?","R","E","M","R","BOSS","R","$","E","BOSS"],"items_purchased_type":["Card","Relic","Card","Relic","Relic","Card","Card"],"build_version":"2020-12-22","purchased_purges":2,"victory":true,"max_hp_per_floor":[84,84,84,84,84,84,84,84,84,84,84,84,84,84,84,84,84,84,84,84,84,84,84,84,84,84,84,84,84,84,84,84,84,84,84,84,84,84,84,84,91,91,91,91,91,91,91,91,91,91,91,91,91,91,91],"card_choices":[{"not_picked":["Likkim","Rockbiter"],"picked":"Dunemaul","floor":1},{"not_picked":["Elementaryreaction","Totemicsmash"],"picked":"Frostshock","floor":5},{"not_picked":["Crackle","Murksparkeel"],"picked":"Dunemaul","floor":7},{"not_picked":["Eureka","Jinyu","Healingrain"],"picked":"SKIP","floor":8},{"not_picked":["Farsight","Fireelemental"],"picked":"Flametonguetotem","floor":10},{"not_picked":["Forkedlightning","Fireguard"],"picked":"Hex","floor":11},{"not_picked":["Totemicsmash","Witchsapprentice"],"picked":"Airelemental","floor":14},{"not_picked":["Alakir","Thestormbringer"],"picked":"Therunespear","floor":16},{"not_picked":["Drakkaridefender","Fireelemental"],"picked":"Frostshock+1","floor":18},{"not_picked":["Forkedlightning","Doomhammer","Volcano+1"],"picked":"SKIP","floor":23},{"not_picked":["Reincarnate","Thecoin"],"picked":"Zap","floor":25},{"not_picked":["Flametonguetotem","Crackle"],"picked":"Maelstromportal","floor":31},{"not_picked":["Tunneltrogg","Eternalsentinel"],"picked":"Hallazeal","floor":33},{"not_picked":["Farsight","Thecoin+1"],"picked":"Earthshock","floor":35},{"not_picked":["Totemicsmash","Farsight+1","Zap+1"],"picked":"SKIP","floor":37},{"not_picked":["Dustdevil+1","Tidalsurge","Witchsapprentice+1"],"picked":"SKIP","floor":40},{"not_picked":["Thestormbringer","Spiritofthefrog","Forkedlightning"],"picked":"SKIP","floor":41},{"not_picked":["Spiritofthefrog","Farsight+1"],"picked":"Drakkaridefender","floor":44},{"not_picked":["Jadecheiftain+1","Lightningstorm+1"],"picked":"Earthshock","floor":45},{"not_picked":["Cryostasis+1","Tidalsurge"],"picked":"Thralldeathseer","floor":47},{"not_picked":["Fireguard+1","Witchsapprentice","Earthshock"],"picked":"SKIP","floor":48},{"not_picked":["Wartbringer","Snowfurygiant","Tidalsurge+1"],"picked":"SKIP","floor":54}],"player_experience":646301,"relics_obtained":[{"floor":7,"key":"Bag of Marbles"},{"floor":9,"key":"Omamori"},{"floor":10,"key":"Eternal Feather"},{"floor":20,"key":"Red Mask"},{"floor":23,"key":"Ginger"},{"floor":25,"key":"StrikeDummy"},{"floor":26,"key":"Ornamental Fan"},{"floor":28,"key":"Necronomicon"},{"floor":41,"key":"Strawberry"},{"floor":43,"key":"halation:VictoryRuler"},{"floor":44,"key":"Mercury Hourglass"},{"floor":47,"key":"Bag of Preparation"},{"floor":54,"key":"halation:IllGainedPizza"}],"event_choices":[{"damage_healed":0,"gold_gain":0,"player_choice":"Take Damage","damage_taken":21,"relics_obtained":["Golden Idol"],"max_hp_gain":0,"max_hp_loss":0,"event_name":"Golden Idol","floor":2,"gold_loss":0},{"cards_removed":["Strike_Thrall"],"damage_healed":0,"gold_gain":0,"player_choice":"Purged","damage_taken":0,"max_hp_gain":0,"max_hp_loss":0,"event_name":"Purifier","floor":4,"gold_loss":0},{"cards_removed":["Dunemaul"],"damage_healed":76,"gold_gain":0,"player_choice":"Offered Uncommon","damage_taken":0,"max_hp_gain":0,"max_hp_loss":0,"event_name":"Bonfire Elementals","floor":12,"gold_loss":0},{"damage_healed":0,"gold_gain":0,"player_choice":"Fought Bandits","damage_taken":0,"max_hp_gain":0,"max_hp_loss":0,"event_name":"Masked Bandits","floor":20,"gold_loss":0},{"damage_healed":0,"gold_gain":0,"player_choice":"Simplicity","damage_taken":0,"max_hp_gain":0,"max_hp_loss":0,"event_name":"Back to Basics","floor":22,"gold_loss":0,"cards_upgraded":["Strike_Thrall","Strike_Thrall","Defend_Thrall","Defend_Thrall","Defend_Thrall","Defend_Thrall","Defend_Thrall"]},{"damage_healed":0,"gold_gain":0,"player_choice":"Obtained Book","damage_taken":16,"max_hp_gain":0,"max_hp_loss":0,"event_name":"Cursed Tome","floor":28,"gold_loss":0},{"cards_removed":["Frostshock"],"damage_healed":0,"gold_gain":0,"player_choice":"Gave Gold","damage_taken":0,"max_hp_gain":0,"max_hp_loss":0,"event_name":"Beggar","floor":29,"gold_loss":75},{"damage_healed":0,"gold_gain":0,"player_choice":"Upgraded","damage_taken":0,"max_hp_gain":0,"max_hp_loss":0,"event_name":"Upgrade Shrine","floor":36,"gold_loss":0,"cards_upgraded":["Hallazeal"]},{"damage_healed":0,"gold_gain":333,"player_choice":"Gave Idol","damage_taken":0,"max_hp_gain":0,"max_hp_loss":0,"event_name":"The Moai Head","floor":39,"relics_lost":["Golden Idol"],"gold_loss":0}],"is_beta":false,"boss_relics":[{"not_picked":["SacredBark","Busted Crown"],"picked":"halation:SmartPhone"},{"not_picked":["Black Star","Calling Bell"],"picked":"Lavashock"}],"items_purged_floors":[19,53],"is_endless":false,"potions_floor_spawned":[1,7,10,14,18,31,37,40,44,45],"ascension_level":8}}