{"host":"3twtdwjpiqhvvn5s","time":1614124703,"event":{"mods":["AchievementEnabler","Act Like it!","Aspiration","BaseMod","BetterRewards","Colored Map","Colored Powertips","Downfall","Duelist Mod","Friendly Minions","GifTheSpireLib","Hermit","Hubris","Infinite Spire","Jorbs\u0027s Wanderer Trilogy","Koishi","KomeijiMod","Marisa????????","Minty Spire (QoL Compilation)","Quick Restart","Rare Cards Sparkle","Replay The Spire","Shop Mod","StSLib","Td1madao Mod","The Administrix","The Animator","The Bug Knight","The Caster","The Cursed","The Disciple","The Hierophant","The Necromancer","The Poker Player","The Runesmith","The Servant 0.9.4"],"gold_per_floor":[118,133,152,172,172,198,168,168,168,188,188,212,232,250,250,358,358,379,390,402,416,416,448,453,453],"floor_reached":24,"language":"ENG","playtime":4780,"items_purged":[],"score":206,"play_id":"cbfdc4fc-30b0-4d20-99c0-e9feea4ccec8","local_time":"20210223175823","daily_mods":["Blue Cards","Terminal"],"is_ascension_mode":false,"campfire_choices":[{"data":"Sunder","floor":8,"key":"SMITH"},{"data":"hermit:TakeAim","floor":15,"key":"SMITH"}],"circlet_count":0,"master_deck":["hermit:Strike_Hermit","hermit:Strike_Hermit","hermit:Strike_Hermit","hermit:Strike_Hermit","hermit:Defend_Hermit","hermit:Snapshot","hermit:Covet","hermit:ItchyTrigger","Steam","Sunder+1","hermit:Misfire","hermit:Scavenge","Beam Cell","hermit:Desperado","Pain","hubris:NaturalOne","hermit:TakeAim+1","hermit:EyeOfTheStorm","hermit:Roughhouse","hermit:EyeOfTheStorm","hermit:Virtue","hermit:Spite","hermit:Combo","J.A.X.","hermit:ShadowCloak"],"relics":["hermit:Momento","Ring of Chaos","hubris:Icosahedron","Ice Cream","infinitespire:WardingShard","WarpedTongs","Replay:Drink Me","Red Mask"],"acts_visited":["Exordium","TheCity"],"potions_floor_usage":[6,6,16,16,23,24],"damage_taken":[{"damage":2,"enemies":"2 Louse","floor":1,"turns":2},{"damage":0,"enemies":"Jaw Worm","floor":2,"turns":3},{"damage":0,"enemies":"Cultist","floor":3,"turns":3},{"damage":2,"enemies":"3 Louse","floor":4,"turns":4},{"damage":4,"enemies":"3 Sentries","floor":6,"turns":8},{"damage":3,"enemies":"2 Fungi Beasts","floor":7,"turns":4},{"damage":0,"enemies":"Looter","floor":10,"turns":3},{"damage":4,"enemies":"Red Slaver","floor":12,"turns":2},{"damage":0,"enemies":"Exordium Wildlife","floor":13,"turns":3},{"damage":15,"enemies":"Gremlin Gang","floor":14,"turns":6},{"damage":25,"enemies":"The Guardian","floor":16,"turns":11},{"damage":5,"enemies":"3 Byrds","floor":18,"turns":6},{"damage":0,"enemies":"Spheric Guardian","floor":19,"turns":4},{"damage":15,"enemies":"Centurion and Healer","floor":20,"turns":6},{"damage":6,"enemies":"Snecko","floor":21,"turns":4},{"damage":4,"enemies":"Masked Bandits","floor":23,"turns":4},{"damage":21,"enemies":"Shelled Parasite and Fungi","floor":24,"turns":2}],"seed_played":"5795379599607559314","potions_obtained":[{"floor":2,"key":"sneckomod:MuddlingPotion"},{"floor":3,"key":"Strength Potion"},{"floor":10,"key":"ExcitationPotion"},{"floor":12,"key":"Fire Potion"},{"floor":21,"key":"Weak Potion"},{"floor":23,"key":"LiquidBronze"}],"is_trial":true,"path_per_floor":["M","M","M","M","?","E","M","R","T","M","?","M","M","M","R","B",null,"M","M","M","M","?","?","M"],"character_chosen":"HERMIT","items_purchased":[],"campfire_rested":0,"item_purchase_floors":[],"current_hp_per_floor":[72,72,71,69,69,65,62,62,62,64,63,59,59,44,44,19,43,38,38,23,17,17,13,0,0],"gold":453,"neow_bonus":"","is_daily":false,"chose_seed":false,"campfire_upgraded":2,"win_rate":0.0,"timestamp":1614124703,"path_taken":["M","M","M","M","?","E","M","R","T","M","?","M","M","M","R","BOSS","M","M","M","M","?","?","M"],"items_purchased_type":[],"build_version":"2020-12-22","purchased_purges":0,"victory":false,"max_hp_per_floor":[73,72,71,70,69,68,67,66,65,64,63,62,61,60,59,58,43,42,41,40,39,38,37,37,37],"card_choices":[{"not_picked":["hermit:Vantage","ReplaySolidLightProjector"],"picked":"hermit:ItchyTrigger","floor":1},{"not_picked":["Leap","Doom and Gloom"],"picked":"Steam","floor":2},{"not_picked":["hermit:Glare","Blizzard"],"picked":"Sunder","floor":3},{"not_picked":["Ball Lightning","Barrage"],"picked":"hermit:Misfire","floor":4},{"not_picked":["Reprogram","hermit:WideOpen"],"picked":"hermit:Scavenge","floor":6},{"not_picked":["Reinforced Body","hermit:Midnight"],"picked":"Beam Cell","floor":7},{"not_picked":["hermit:FromBeyond","Hologram"],"picked":"hermit:Desperado","floor":10},{"not_picked":["Beam Cell","Coolheaded"],"picked":"hermit:TakeAim","floor":12},{"not_picked":["Reprogram","hermit:Manifest","hermit:Snipe"],"picked":"SKIP","floor":13},{"not_picked":["hermit:Glare","Compile Driver"],"picked":"hermit:EyeOfTheStorm","floor":14},{"not_picked":["hubris:SpecializedCircuitry","All For One"],"picked":"hermit:Roughhouse","floor":16},{"not_picked":["hermit:Virtue","hermit:Glare"],"picked":"hermit:EyeOfTheStorm","floor":18},{"not_picked":["hermit:TrackingShot+1","hermit:Ricochet"],"picked":"hermit:Virtue","floor":19},{"not_picked":["hermit:Snipe+1","hermit:Horror+1"],"picked":"hermit:Spite","floor":20},{"not_picked":["hermit:Headshot+1","hermit:Ricochet"],"picked":"hermit:Combo","floor":21},{"not_picked":["hermit:WideOpen","hermit:Magnum"],"picked":"hermit:ShadowCloak","floor":23}],"player_experience":3425316,"relics_obtained":[{"floor":6,"key":"Ice Cream"},{"floor":9,"key":"infinitespire:WardingShard"},{"floor":23,"key":"Red Mask"}],"event_choices":[{"damage_healed":0,"gold_gain":0,"player_choice":"Rummage","damage_taken":0,"relics_obtained":["WarpedTongs"],"max_hp_gain":0,"max_hp_loss":0,"event_name":"Accursed Blacksmith","floor":11,"gold_loss":0,"cards_obtained":["Pain"]},{"damage_healed":0,"gold_gain":0,"player_choice":"Obtain J.A.X.","damage_taken":0,"max_hp_gain":0,"max_hp_loss":0,"event_name":"Drug Dealer","floor":22,"gold_loss":0,"cards_obtained":["J.A.X."]},{"damage_healed":0,"gold_gain":0,"player_choice":"Fought Bandits","damage_taken":0,"max_hp_gain":0,"max_hp_loss":0,"event_name":"Masked Bandits","floor":23,"gold_loss":0}],"is_beta":false,"boss_relics":[{"not_picked":["Snecko Heart","hermit:ClaspedLocket"],"picked":"Replay:Drink Me"}],"items_purged_floors":[],"is_endless":false,"potions_floor_spawned":[2,3,10,12,21,23],"killed_by":"Shelled Parasite and Fungi","ascension_level":0}}