{"host":"s229x1smnerk6mew","time":1614079965,"event":{"mods":["BaseMod","Bestiary","Minty Spire (QoL Compilation)","Relic Stats"],"gold_per_floor":[17,29,43,58,84,84,100,130,153,181,181,198,198,212,212,212,212],"floor_reached":16,"language":"ENG","playtime":970,"items_purged":[],"score":228,"play_id":"f26ca5e4-878b-4693-9fca-40f086e0a1cd","local_time":"20210223223245","is_ascension_mode":true,"campfire_choices":[{"data":"Armaments","floor":6.0,"key":"SMITH"},{"data":"Battle Trance","floor":13,"key":"SMITH"},{"data":"Double Tap","floor":15,"key":"SMITH"}],"circlet_count":0,"master_deck":["AscendersBane","Strike_R","Strike_R","Strike_R","Defend_R","Defend_R","Defend_R","Defend_R","Bash","Headbutt","Double Tap+1","Hemokinesis","Armaments+1","Infernal Blade","Pommel Strike","Battle Trance+1","Brutality","Twin Strike"],"relics":["Burning Blood","Happy Flower","Tiny Chest","Shovel"],"acts_visited":["Exordium"],"potions_floor_usage":[12],"damage_taken":[{"damage":13.0,"enemies":"Cultist","floor":1.0,"turns":5.0},{"damage":10.0,"enemies":"2 Louse","floor":2.0,"turns":3.0},{"damage":8.0,"enemies":"Small Slimes","floor":3.0,"turns":4.0},{"damage":6.0,"enemies":"Looter","floor":4.0,"turns":2.0},{"damage":14.0,"enemies":"Exordium Wildlife","floor":7.0,"turns":4.0},{"damage":30.0,"enemies":"Lagavulin","floor":8.0,"turns":6.0},{"damage":9.0,"enemies":"Gremlin Nob","floor":10.0,"turns":3.0},{"damage":23,"enemies":"Gremlin Gang","floor":12,"turns":5},{"damage":0,"enemies":"Blue Slaver","floor":14,"turns":3},{"damage":19,"enemies":"Hexaghost","floor":16,"turns":7}],"seed_played":"504326448411146265","potions_obtained":[{"floor":4.0,"key":"Explosive Potion"},{"floor":10.0,"key":"Block Potion"},{"floor":14,"key":"Explosive Potion"}],"is_trial":false,"path_per_floor":["M","M","M","M","T","R","M","E","T","E","?","M","R","M","R","B"],"character_chosen":"IRONCLAD","items_purchased":[],"campfire_rested":0,"item_purchase_floors":[],"current_hp_per_floor":[61,57,55,55,55,55,47,23,23,20,25,8,8,14,14,0,0],"gold":212,"neow_bonus":"TRANSFORM_TWO_CARDS","is_daily":false,"chose_seed":false,"campfire_upgraded":3,"win_rate":0.0,"timestamp":1614079965,"path_taken":["M","?","M","M","?","R","M","E","T","E","?","M","R","M","R","BOSS"],"items_purchased_type":[],"build_version":"2020-12-22","purchased_purges":0,"victory":false,"max_hp_per_floor":[75,75,75,75,75,75,75,75,75,75,80,80,80,80,80,80,80],"relic_stats":{"Shovel":0,"Happy Flower":[6],"counters":[10,42],"Tiny Chest":0,"obtain_stats":[{"Shovel":10,"Happy Flower":8,"Tiny Chest":9,"Burning Blood":0},{"Shovel":7,"Happy Flower":6,"Tiny Chest":6,"Burning Blood":0},{"Shovel":27,"Happy Flower":24,"Tiny Chest":24,"Burning Blood":0}],"Burning Blood":54},"card_choices":[{"not_picked":["Heavy Blade","Perfected Strike","Sever Soul"],"picked":"SKIP","floor":1.0},{"not_picked":["Sentinel","True Grit"],"picked":"Hemokinesis","floor":2.0},{"not_picked":["Heavy Blade","Headbutt"],"picked":"Armaments","floor":3.0},{"not_picked":["Dual Wield","Power Through"],"picked":"Infernal Blade","floor":4.0},{"not_picked":["Flame Barrier","Heavy Blade"],"picked":"Pommel Strike","floor":7.0},{"not_picked":["Thunderclap","Perfected Strike"],"picked":"Battle Trance","floor":8.0},{"not_picked":["Anger","Body Slam"],"picked":"Brutality","floor":10.0},{"not_picked":["Flame Barrier","Sever Soul"],"picked":"Twin Strike","floor":12},{"not_picked":["Thunderclap","Clash","Wild Strike"],"picked":"SKIP","floor":14}],"player_experience":2096159,"relics_obtained":[{"floor":8.0,"key":"Happy Flower"},{"floor":9.0,"key":"Tiny Chest"},{"floor":10.0,"key":"Shovel"}],"event_choices":[{"damage_healed":0.0,"max_hp_gain":5.0,"max_hp_loss":0.0,"gold_gain":0.0,"event_name":"Big Fish","player_choice":"Donut","floor":11.0,"gold_loss":0.0,"damage_taken":0.0}],"is_beta":false,"boss_relics":[],"items_purged_floors":[],"is_endless":false,"potions_floor_spawned":[4,10,14],"killed_by":"Hexaghost","ascension_level":20}}