{"host":"1xo5g347e5o4auts","time":1614086893,"event":{"mods":["BaseMod","Minty Spire (QoL Compilation)","Permanent Neow","StSLib"],"gold_per_floor":[119,269,281,281,281,281,312,327,404,404,15,15,35,51,51,146,146,170,220,220,64,64,105,124,159,159,182,194,220,232,267,279,390,402,432,444,477,489,515,558,586,598,610,622,668,699,267,308,308,308,308,308,308,26,60,60],"floor_reached":57,"language":"ENG","playtime":2710,"items_purged":["Doubt","Pain","Bite"],"score":2906,"play_id":"66768438-59c2-404a-849c-c218c49af87b","local_time":"20210223152813","is_ascension_mode":true,"campfire_choices":[{"data":"Poisoned Stab","floor":6.0,"key":"SMITH"},{"data":"Footwork","floor":12.0,"key":"SMITH"},{"data":"Crippling Poison","floor":15.0,"key":"SMITH"},{"data":"Well Laid Plans","floor":28.0,"key":"SMITH"},{"data":"Crippling Poison","floor":30.0,"key":"SMITH"},{"data":"Night Terror","floor":32.0,"key":"SMITH"},{"floor":44.0,"key":"RECALL"},{"floor":49.0,"key":"REST"},{"floor":53.0,"key":"REST"}],"circlet_count":0,"master_deck":["AscendersBane","Defend_G","Defend_G","Defend_G","Defend_G","Defend_G","Survivor","Neutralize+1","Poisoned Stab+1","Blade Dance+1","Blade Dance","Footwork+1","Crippling Poison+1","Adrenaline","Dagger Throw","Night Terror+1","Well Laid Plans+1","Bite","Bite","Bite+1","Bite+1","Terror","Crippling Poison+1","Deadly Poison","Cloak And Dagger+1","After Image+1","Blade Dance+1","Adrenaline","Acrobatics+1","After Image","Acrobatics","Noxious Fumes","Panacea","Catalyst"],"relics":["Ring of the Snake","NeowsBlessing","Golden Idol","HornCleat","Art of War","Mummified Hand","SlaversCollar","Whetstone","Happy Flower","Shuriken","MawBank","Fusion Hammer","WarpedTongs","Ninja Scroll","Mercury Hourglass","Bronze Scales","Meat on the Bone","Centennial Puzzle","Paper Crane"],"acts_visited":["Exordium","TheCity","TheBeyond","TheEnding"],"potions_floor_usage":[56,56],"damage_taken":[{"damage":0.0,"enemies":"2 Louse","floor":1.0,"turns":1.0},{"damage":0.0,"enemies":"Small Slimes","floor":3.0,"turns":1.0},{"damage":0.0,"enemies":"Lagavulin","floor":7.0,"turns":1.0},{"damage":4.0,"enemies":"Jaw Worm","floor":8.0,"turns":2.0},{"damage":2.0,"enemies":"Exordium Thugs","floor":13.0,"turns":4.0},{"damage":12.0,"enemies":"Exordium Wildlife","floor":14.0,"turns":4.0},{"damage":7.0,"enemies":"The Guardian","floor":16.0,"turns":13.0},{"damage":4.0,"enemies":"Chosen","floor":18.0,"turns":5.0},{"damage":21.0,"enemies":"Gremlin Leader","floor":23.0,"turns":13.0},{"damage":11.0,"enemies":"Shell Parasite","floor":24.0,"turns":6.0},{"damage":12.0,"enemies":"Book of Stabbing","floor":25.0,"turns":6.0},{"damage":28.0,"enemies":"Sentry and Sphere","floor":29.0,"turns":6.0},{"damage":3.0,"enemies":"3 Cultists","floor":31.0,"turns":4.0},{"damage":18.0,"enemies":"Champ","floor":33.0,"turns":10.0},{"damage":0.0,"enemies":"Orb Walker","floor":35.0,"turns":4.0},{"damage":20.0,"enemies":"3 Darklings","floor":37.0,"turns":4.0},{"damage":16.0,"enemies":"Sphere and 2 Shapes","floor":39.0,"turns":9.0},{"damage":17.0,"enemies":"Giant Head","floor":40.0,"turns":5.0},{"damage":3.0,"enemies":"Maw","floor":41.0,"turns":5.0},{"damage":10.0,"enemies":"Nemesis","floor":45.0,"turns":5.0},{"damage":3.0,"enemies":"3 Darklings","floor":46.0,"turns":5.0},{"damage":0.0,"enemies":"Reptomancer","floor":48.0,"turns":4.0},{"damage":13.0,"enemies":"Awakened One","floor":50.0,"turns":9.0},{"damage":28.0,"enemies":"Donu and Deca","floor":51.0,"turns":8.0},{"damage":10.0,"enemies":"Shield and Spear","floor":55.0,"turns":7.0},{"damage":40,"enemies":"The Heart","floor":56,"turns":10}],"seed_played":"4224220668353335923","potions_obtained":[{"floor":13.0,"key":"FairyPotion"},{"floor":14.0,"key":"FairyPotion"},{"floor":16.0,"key":"GamblersBrew"},{"floor":23.0,"key":"LiquidMemories"},{"floor":35.0,"key":"Regen Potion"},{"floor":40.0,"key":"Swift Potion"}],"is_trial":false,"path_per_floor":["M","?","M","?","?","R","E","M","T","T","$","R","M","M","R","B",null,"M","?","?","$","?","E","M","E","T","T","R","M","R","M","R","B",null,"M","?","M","?","M","E","M","?","T","R","E","M","$","E","R","B","B",null,"R","$","E","B",null],"character_chosen":"THE_SILENT","items_purchased":["Mummified Hand","Footwork","Crippling Poison","Well Laid Plans","Noxious Fumes","Bronze Scales","Panacea","Centennial Puzzle"],"campfire_rested":2,"item_purchase_floors":[11,11,11,21,47,47,47,54],"current_hp_per_floor":[59,59,59,39,39,39,39,37,37,37,37,37,37,27,27,22,51,49,49,49,49,49,60,56,58,58,58,58,37,37,46,46,57,59,60,60,48,48,49,54,60,60,60,60,57,60,60,60,60,59,60,60,60,60,60,41],"gold":60,"neow_bonus":"THREE_ENEMY_KILL","is_daily":false,"chose_seed":false,"campfire_upgraded":6,"win_rate":0.0,"timestamp":1614086893,"path_taken":["M","?","M","?","?","R","E","?","T","?","?","R","M","M","R","BOSS","M","?","?","$","?","E","?","E","T","?","R","M","R","?","R","BOSS","M","?","?","?","?","E","M","?","T","R","E","?","$","E","R","BOSS","BOSS","R","$","E","BOSS"],"items_purchased_type":["Relic","Card","Card","Card","Card","Relic","Card","Relic"],"build_version":"2020-12-22","purchased_purges":3,"victory":true,"max_hp_per_floor":[66,66,66,66,60,60,60,60,60,60,60,60,60,60,60,60,60,60,60,60,60,60,60,60,60,60,60,60,60,60,60,60,60,60,60,60,60,60,60,60,60,60,60,60,60,60,60,60,60,60,60,60,60,60,60,60],"card_choices":[{"not_picked":["Dagger Throw","Acrobatics"],"picked":"Poisoned Stab","floor":1.0},{"not_picked":["Underhanded Strike","Dagger Spray"],"picked":"Blade Dance","floor":3.0},{"not_picked":["Eviscerate","Slice","Acrobatics"],"picked":"SKIP","floor":7.0},{"not_picked":["Prepared","Quick Slash"],"picked":"Blade Dance","floor":8.0},{"not_picked":["Acrobatics","Dagger Throw"],"picked":"Adrenaline","floor":13.0},{"not_picked":["Underhanded Strike","Cloak And Dagger"],"picked":"Dagger Throw","floor":14.0},{"not_picked":["Bullet Time","Unload"],"picked":"Night Terror","floor":16.0},{"not_picked":["Dagger Spray","Dagger Throw","Concentrate"],"picked":"SKIP","floor":18.0},{"not_picked":["Setup","Bane"],"picked":"Terror","floor":23.0},{"not_picked":["Dagger Spray","Reflex","Distraction"],"picked":"SKIP","floor":24.0},{"not_picked":["Flying Knee","Acrobatics"],"picked":"Crippling Poison","floor":25.0},{"not_picked":["Skewer","Outmaneuver"],"picked":"Deadly Poison","floor":29.0},{"not_picked":["Outmaneuver","Predator"],"picked":"Cloak And Dagger+1","floor":31.0},{"not_picked":["Tools of the Trade","Bullet Time"],"picked":"After Image","floor":33.0},{"not_picked":["Caltrops","Heel Hook","Poisoned Stab"],"picked":"SKIP","floor":35.0},{"not_picked":["Underhanded Strike","Dagger Spray"],"picked":"Blade Dance+1","floor":37.0},{"not_picked":["Flying Knee+1","Skewer"],"picked":"Acrobatics+1","floor":39.0},{"not_picked":["Quick Slash+1","Eviscerate","Poisoned Stab"],"picked":"SKIP","floor":40.0},{"not_picked":["Dagger Spray","Prepared","Infinite Blades"],"picked":"SKIP","floor":41.0},{"not_picked":["Crippling Poison","Prepared"],"picked":"After Image","floor":45.0},{"not_picked":["Expertise","Dagger Spray"],"picked":"Acrobatics","floor":46.0},{"not_picked":["Slice","Deadly Poison"],"picked":"Catalyst","floor":48.0},{"not_picked":["Blade Dance","Slice+1","Prepared"],"picked":"SKIP","floor":55.0}],"player_experience":1507687,"relics_obtained":[{"floor":7.0,"key":"Blood Vial"},{"floor":9.0,"key":"HornCleat"},{"floor":10.0,"key":"Art of War"},{"floor":23.0,"key":"Whetstone"},{"floor":25.0,"key":"Happy Flower"},{"floor":26.0,"key":"Shuriken"},{"floor":27.0,"key":"MawBank"},{"floor":40.0,"key":"Ninja Scroll"},{"floor":45.0,"key":"Mercury Hourglass"},{"floor":48.0,"key":"Meat on the Bone"},{"floor":55.0,"key":"Paper Crane"}],"event_choices":[{"damage_healed":0.0,"max_hp_gain":0.0,"max_hp_loss":0.0,"gold_gain":150.0,"event_name":"Liars Game","player_choice":"AGREE","floor":2.0,"gold_loss":0.0,"damage_taken":0.0,"cards_obtained":["Doubt"]},{"damage_healed":0.0,"max_hp_gain":0.0,"max_hp_loss":0.0,"gold_gain":0.0,"event_name":"Shining Light","player_choice":"Entered Light","floor":4.0,"gold_loss":0.0,"damage_taken":20.0,"cards_upgraded":["Blade Dance","Neutralize"]},{"damage_healed":0.0,"max_hp_gain":0.0,"max_hp_loss":6.0,"gold_gain":0.0,"event_name":"Golden Idol","player_choice":"Lose Max HP","floor":5.0,"gold_loss":0.0,"damage_taken":0.0,"relics_obtained":["Golden Idol"]},{"damage_healed":0.0,"max_hp_gain":0.0,"max_hp_loss":0.0,"gold_gain":50.0,"event_name":"Nest","player_choice":"Stole From Cult","floor":19.0,"gold_loss":0.0,"damage_taken":0.0},{"damage_healed":0.0,"max_hp_gain":0.0,"max_hp_loss":0.0,"gold_gain":0.0,"event_name":"Ghosts","player_choice":"Ignored","floor":20.0,"gold_loss":0.0,"damage_taken":0.0},{"damage_healed":0.0,"max_hp_gain":0.0,"max_hp_loss":0.0,"gold_gain":0.0,"event_name":"Vampires","player_choice":"Became a vampire (Vial)","floor":22.0,"relics_lost":["Blood Vial"],"gold_loss":0.0,"damage_taken":0.0,"cards_obtained":["Bite","Bite","Bite","Bite","Bite"]},{"damage_healed":0.0,"max_hp_gain":0.0,"max_hp_loss":0.0,"gold_gain":0.0,"event_name":"Accursed Blacksmith","player_choice":"Rummage","floor":36.0,"gold_loss":0.0,"damage_taken":0.0,"relics_obtained":["WarpedTongs"],"cards_obtained":["Pain"]},{"damage_healed":0.0,"max_hp_gain":0.0,"max_hp_loss":0.0,"gold_gain":0.0,"event_name":"Duplicator","player_choice":"Copied","floor":38.0,"gold_loss":0.0,"damage_taken":0.0,"cards_obtained":["Adrenaline"]},{"damage_healed":0.0,"max_hp_gain":0.0,"max_hp_loss":0.0,"gold_gain":0.0,"event_name":"Upgrade Shrine","player_choice":"Upgraded","floor":42.0,"gold_loss":0.0,"damage_taken":0.0,"cards_upgraded":["After Image"]}],"is_beta":false,"boss_relics":[{"not_picked":["Runic Dome","Black Star"],"picked":"SlaversCollar"},{"not_picked":["Tiny House","Sozu"],"picked":"Fusion Hammer"}],"items_purged_floors":[21,47,54],"is_endless":false,"potions_floor_spawned":[13,14,16,23,25,35,40,46,55],"ascension_level":20}}