{"host":"qrfkyfrpo74atslb","time":1614071348,"event":{"mods":["Bartender","BaseMod","Beaked The Cultist","CapriCore","Colored Map","Colored Powertips","Conspire","DeckTracker","Downfall","Hermit","Hubris","Koishi","LagranYue(???·?)","Marisa????????","Minty Spire (QoL Compilation)","Prisma Mod","Remilia??????","StSLib","The Alterego","The Cursed","The Immortal","The Mystic","The Necromancer","The Servant 0.9.4","The Wild Card","Yakumo Yukari mod","Yuyuko"],"gold_per_floor":[99,99,13,26,43,43,43,79,79,79,79],"floor_reached":9,"language":"ENG","playtime":401,"items_purged":[],"score":49,"play_id":"39d6ac20-1eb9-47a5-92bc-25f5f56fa4ab","local_time":"20210223220908","is_ascension_mode":false,"campfire_choices":[{"floor":1,"key":"RECALL"},{"data":"champ:Taunt","floor":6,"key":"SMITH"}],"circlet_count":0,"master_deck":["champ:Strike","champ:Strike","champ:Strike","champ:Strike","champ:Defend","champ:Defend","champ:Defend","champ:Defend","champ:Execute","champ:Taunt+1","champ:Taunt","champ:FlashCut","champ:IronFortress","champ:PreemptiveStrike","champ:TornadoPunch","champ:FocusedDefense"],"relics":["champ:ChampionCrown","LagranYue:RandomDrawCardRelic","Smiling Mask"],"acts_visited":["Exordium"],"potions_floor_usage":[9],"damage_taken":[{"damage":20,"enemies":"downfall:FleeingMerchant","floor":3,"turns":4},{"damage":28,"enemies":"Jaw Worm","floor":4,"turns":3},{"damage":29,"enemies":"Cultist","floor":5,"turns":5},{"damage":77,"enemies":"conspire:MimicChest","floor":8,"turns":8},{"damage":25,"enemies":"Lagavulin","floor":9,"turns":5}],"seed_played":"9169695862799156107","potions_obtained":[{"floor":5,"key":"Strength Potion"},{"floor":8,"key":"champ:CounterPotion"}],"is_trial":false,"path_per_floor":["R","?","$","M","M","R","T","?","E"],"character_chosen":"THE_CHAMP","items_purchased":["champ:IronFortress"],"campfire_rested":0,"item_purchase_floors":[3],"current_hp_per_floor":[99,99,99,91,87,87,87,25,0,0,0],"gold":79,"neow_bonus":"TEN_PERCENT_HP_BONUS","is_daily":false,"chose_seed":false,"campfire_upgraded":1,"win_rate":0.0,"timestamp":1614071348,"path_taken":["R","?","$","?","M","R","T","?","E"],"items_purchased_type":["Card"],"build_version":"2020-12-22","purchased_purges":0,"victory":false,"max_hp_per_floor":[99,99,99,99,99,99,99,99,99,99,99],"card_choices":[{"not_picked":["champ:PreciseThrust","champ:Haymaker"],"picked":"champ:FlashCut","floor":3},{"not_picked":["champ:PreciseThrust","champ:HeartStrike"],"picked":"champ:PreemptiveStrike","floor":4},{"not_picked":["champ:PreciseThrust","champ:Encircle"],"picked":"champ:TornadoPunch","floor":5},{"not_picked":["champ:RapidStrikes","champ:ShieldWall"],"picked":"champ:FocusedDefense","floor":8}],"player_experience":126082,"relics_obtained":[{"floor":8,"key":"Smiling Mask"}],"event_choices":[],"is_beta":false,"boss_relics":[],"items_purged_floors":[],"is_endless":false,"potions_floor_spawned":[5,8],"killed_by":"Lagavulin","ascension_level":0}}