{"host":"ox77rn1xcurm2t5a","time":1614114537,"event":{"mods":["2.2 Compatiblity","AchievementEnabler","Act Like it!","Aspiration","BaseMod","Best Route Mod","Better Match","Better Note","Better Sensory Stone","Block Reminder","Colored Map","Colored Powertips","Conjunction","Conspire","Custom Start","Energized Spire","GifTheSpireLib","Gold Saver","Gremlin Skip","Halation","Highlight Path","Hubris","Infinite Spire","Minty Spire (QoL Compilation)","Pale of the Ancients","Quick Restart","Reliquary","Replay The Spire","Reworked Bosses","ShortenTheSpire","Spire Exporter","StSLib","Stuff the Spire","Wandering Minibosses"],"gold_per_floor":[366,377,390,17,17,17,43,55,55,67,82,82,82,82],"floor_reached":13,"language":"ENG","playtime":321,"items_purged":["Defend_R"],"score":131,"play_id":"15adf8b4-033a-4956-a777-c86f5404d8f1","local_time":"20210223230857","is_ascension_mode":true,"campfire_choices":[{"floor":6,"key":"RECALL"},{"data":"Inflame","floor":12,"key":"SMITH"}],"circlet_count":0,"master_deck":["AscendersBane","Strike_R","Strike_R","Strike_R","Strike_R","Strike_R","Defend_R","Defend_R","Bash","Uppercut","Shrug It Off","Sword Boomerang","Cleave","Inflame+1","Twin Strike","Inflame","Shrug It Off","Pommel Strike","Cleave"],"relics":["Burning Blood","Juzu Bracelet","hubris:DeckOfHolding"],"acts_visited":["Exordium"],"potions_floor_usage":[2,8,11,13],"damage_taken":[{"damage":6,"enemies":"Cultist","floor":1,"turns":3},{"damage":1,"enemies":"2 Louse","floor":2,"turns":3},{"damage":18,"enemies":"Jaw Worm","floor":3,"turns":4},{"damage":39,"enemies":"3 Sentries","floor":7,"turns":7},{"damage":9,"enemies":"Red Slaver","floor":8,"turns":2},{"damage":20,"enemies":"Lots of Slimes","floor":10,"turns":2},{"damage":1,"enemies":"Blue Slaver","floor":11,"turns":4},{"damage":22,"enemies":"Replay:BlueRogue","floor":13,"turns":3}],"seed_played":"3639842979870305021","potions_obtained":[{"floor":1,"key":"Elixir"},{"floor":7,"key":"SkillPotion"},{"floor":10,"key":"Adrenaline Potion"},{"floor":11,"key":"Conjunction:LightningMarble"}],"is_trial":false,"path_per_floor":["M","M","M","$","?","R","E","M","T","M","M","R","E"],"character_chosen":"IRONCLAD","items_purchased":["Cleave","Inflame","Twin Strike","Juzu Bracelet"],"campfire_rested":0,"item_purchase_floors":[4,4,4,4],"current_hp_per_floor":[72,77,65,65,65,65,32,29,29,15,20,20,0,0],"gold":82,"neow_bonus":"RANDOM_EVENT","is_daily":false,"chose_seed":false,"campfire_upgraded":1,"win_rate":0.0,"timestamp":1614114537,"path_taken":["M","M","?","$","?","R","E","M","T","M","M","R","E"],"items_purchased_type":["Card","Card","Card","Relic"],"build_version":"2020-12-22","purchased_purges":1,"victory":false,"max_hp_per_floor":[80,80,80,80,80,80,80,80,80,80,80,80,80,80],"card_choices":[{"not_picked":["Replay:Undeath\u0027s Touch","Searing Blow"],"picked":"Uppercut","floor":1},{"not_picked":["Havoc","conspire:Charge"],"picked":"Shrug It Off","floor":2},{"not_picked":["StuffTheSpire:Incineration","StuffTheSpire:Slingshot"],"picked":"Sword Boomerang","floor":3},{"not_picked":["Body Slam","Barricade"],"picked":"Inflame","floor":7},{"not_picked":["ReplayTheSpireMod:Strike From Hell","Run Through"],"picked":"Shrug It Off","floor":8},{"not_picked":["Fire Breathing","ReplayTheSpireMod:Stacked"],"picked":"Pommel Strike","floor":10},{"not_picked":["Wild Strike","Replay:Undeath\u0027s Touch"],"picked":"Cleave","floor":11}],"player_experience":3235663,"relics_obtained":[{"floor":7,"key":"hubris:DeckOfHolding"}],"event_choices":[{"damage_healed":0,"gold_gain":0,"player_choice":"Ignored","damage_taken":0,"max_hp_gain":0,"max_hp_loss":0,"event_name":"Liars Game","floor":5,"gold_loss":0}],"is_beta":false,"boss_relics":[],"items_purged_floors":[4],"is_endless":false,"potions_floor_spawned":[1,7,10,11],"killed_by":"Replay:BlueRogue","ascension_level":10}}