{"host":"p15wz9ezm2y4vyo6","time":1614072824,"event":{"mods":["BaseMod","Better Third Choice","Colored Map","Colored Powertips","Custom Start","Defuse TimeMaze Blight","Disable Question Mark Monsters","Displayed Cursed Tome","Downfall","Friendly Minions","Hermit","Hubris","Infinite Spire","Minty Spire (QoL Compilation)","Quick Restart","Rare Cards Sparkle","Replay The Spire","StSLib","SuperFastMode","The Construct","The Servant 0.9.4"],"gold_per_floor":[113,113,113,132,82,109,109,120,200,200,214,230,241,3,3,104,104,116,106,21,21,21,21],"floor_reached":22,"language":"ENG","playtime":1005,"items_purged":[],"score":211,"play_id":"dfbf1901-9d43-4dde-ae64-df8d5f4f2701","local_time":"20210223093344","is_ascension_mode":false,"campfire_choices":[{"data":"construct:PowerUp","floor":7,"key":"SMITH"},{"data":"construct:ChargeShot","floor":15,"key":"SMITH"}],"circlet_count":0,"master_deck":["construct:Strike_Gold","construct:Strike_Gold","construct:Strike_Gold","construct:Strike_Gold","construct:Strike_Gold","construct:Defend_Gold","construct:Defend_Gold","construct:Defend_Gold","construct:Defend_Gold","construct:Defend_Gold","construct:AttackMode","construct:DefenseMode","construct:PowerUp+1","construct:ChargeShot+1","construct:SweepLaser+1"],"relics":["construct:ClockworkPhoenix","NeowsBlessing","Frozen Egg 2","infinitespire:Bottled Soul","hubris:PeanutButter","SlaversCollar","hubris:TinFlute","Nilry\u0027s Codex"],"acts_visited":["Exordium","TheCity"],"potions_floor_usage":[],"damage_taken":[{"damage":0.0,"enemies":"2 Louse","floor":1.0,"turns":1.0},{"damage":0,"enemies":"Cultist","floor":4,"turns":1},{"damage":0,"enemies":"3 Sentries","floor":6,"turns":1},{"damage":3,"enemies":"Small Slimes","floor":8,"turns":4},{"damage":9,"enemies":"3 Louse","floor":11,"turns":4},{"damage":2,"enemies":"Exordium Thugs","floor":12,"turns":5},{"damage":18,"enemies":"Lots of Slimes","floor":13,"turns":4},{"damage":10,"enemies":"The Guardian","floor":16,"turns":10},{"damage":26,"enemies":"3 Byrds","floor":18,"turns":7},{"damage":24,"enemies":"2 Thieves","floor":19,"turns":4},{"damage":19,"enemies":"Centurion and Healer","floor":22,"turns":6}],"seed_played":"2814543331969456040","potions_obtained":[{"floor":4,"key":"construct:MegaPotion"},{"floor":13,"key":"Block Potion"},{"floor":19,"key":"Weak Potion"}],"is_trial":false,"path_per_floor":["M","?","?","M","$","E","R","M","T","?","M","M","M","$","R","B",null,"M","M","?","?","M"],"character_chosen":"THE_CONSTRUCT_MOD","items_purchased":["construct:SweepLaser","hubris:PeanutButter"],"campfire_rested":0,"item_purchase_floors":[5,14],"current_hp_per_floor":[85,85,85,85,85,85,85,82,82,82,73,71,53,53,53,43,85,59,35,35,19,0,0],"gold":21,"neow_bonus":"THREE_ENEMY_KILL","is_daily":false,"chose_seed":false,"campfire_upgraded":2,"win_rate":0.0,"timestamp":1614072824,"path_taken":["M","?","?","M","$","E","R","M","T","?","M","M","M","$","R","BOSS","M","?","?","?","M"],"items_purchased_type":["Card","Relic"],"build_version":"2020-12-22","purchased_purges":0,"victory":false,"max_hp_per_floor":[85,85,85,85,85,85,85,85,85,85,85,85,85,85,85,85,85,85,85,85,85,85,85],"card_choices":[{"not_picked":["construct:ShiftStrike","construct:Boost"],"picked":"construct:PowerUp","floor":1.0},{"not_picked":["construct:BatteryAcid","construct:SaveState"],"picked":"construct:ChargeShot","floor":4},{"not_picked":["construct:FocusedBeam","construct:SuppressiveFire","construct:Accumulate"],"picked":"SKIP","floor":6},{"not_picked":["construct:FierceBash","construct:HastyRepair","construct:UnbalancingBlast"],"picked":"SKIP","floor":8},{"not_picked":["construct:SuppressiveFire","construct:BatteryAcid","construct:Disrupt"],"picked":"SKIP","floor":11},{"not_picked":["construct:SuppressiveFire","construct:Backfire","construct:VentSteam"],"picked":"SKIP","floor":12},{"not_picked":["construct:Versatility","construct:Disrupt","construct:Analyze"],"picked":"SKIP","floor":13},{"not_picked":["construct:GuardCore","construct:VentSteam","construct:Electrocute"],"picked":"SKIP","floor":18},{"not_picked":["construct:ShiftStrike","construct:Analyze+1","construct:Overcharge+1"],"picked":"SKIP","floor":19}],"player_experience":1114969,"relics_obtained":[{"floor":6,"key":"Frozen Egg 2"},{"floor":9,"key":"infinitespire:Bottled Soul"}],"event_choices":[{"damage_healed":0,"gold_gain":0,"player_choice":"Leave","damage_taken":0,"max_hp_gain":0,"max_hp_loss":0,"event_name":"The Cleric","floor":3,"gold_loss":0},{"damage_healed":0,"gold_gain":0,"player_choice":"Forge","damage_taken":0,"max_hp_gain":0,"max_hp_loss":0,"event_name":"Accursed Blacksmith","floor":10,"gold_loss":0,"cards_upgraded":["construct:SweepLaser"]},{"damage_healed":0,"gold_gain":0,"player_choice":"Obtained Relic","damage_taken":0,"relics_obtained":["hubris:TinFlute"],"max_hp_gain":0,"max_hp_loss":0,"event_name":"Addict","floor":20,"gold_loss":85},{"damage_healed":0,"gold_gain":0,"player_choice":"Obtained Book","damage_taken":16,"max_hp_gain":0,"max_hp_loss":0,"event_name":"Cursed Tome","floor":21,"gold_loss":0}],"is_beta":false,"boss_relics":[{"not_picked":["Kintsugi","Empty Cage"],"picked":"SlaversCollar"}],"items_purged_floors":[],"is_endless":false,"potions_floor_spawned":[4,13,19],"killed_by":"Centurion and Healer","ascension_level":0}}