{"host":"s41rn2jhghpwfrvz","time":1614118114,"event":{"mods":["BaseMod","Minty Spire (QoL Compilation)","Quick Restart","Relic Stats","SuperFastMode"],"gold_per_floor":[112,122,47,47,60,89,89,123,123,140,165,185,27,46,46,124,124,142,192,206,121,136,136,136,136,161,86,86,102,127,127,127],"floor_reached":31,"language":"ENG","playtime":833,"items_purged":["Writhe"],"score":550,"play_id":"9d2b6411-b79e-441b-b04a-832f67b0daf6","local_time":"20210224000834","daily_mods":["SealedDeck","Diverse","Elite Swarm"],"is_ascension_mode":true,"campfire_choices":[{"data":"Body Slam","floor":7,"key":"SMITH"},{"floor":15,"key":"RECALL"},{"data":"Offering","floor":23,"key":"SMITH"},{"data":"Pommel Strike","floor":25,"key":"SMITH"},{"data":"Coolheaded","floor":28,"key":"SMITH"}],"circlet_count":0,"master_deck":["AscendersBane","Ghostly Armor+1","Coolheaded+1","PiercingWail+1","BootSequence+1","Armaments+1","Body Slam+1","Prostrate+1","LessonLearned+1","Phantasmal Killer+1","Pommel Strike+1","Offering+1","Reinforced Body+1","Alpha+1","Bane+1"],"relics":["Burning Blood","PreservedInsect","StoneCalendar","Charon\u0027s Ashes","Medical Kit","Astrolabe","Mummified Hand","Magic Flower","Boot","Orichalcum"],"acts_visited":["Exordium","TheCity"],"potions_floor_usage":[],"damage_taken":[{"damage":4,"enemies":"Cultist","floor":1,"turns":4},{"damage":10,"enemies":"Small Slimes","floor":2,"turns":4},{"damage":0,"enemies":"Jaw Worm","floor":5,"turns":4},{"damage":22,"enemies":"Gremlin Nob","floor":6,"turns":4},{"damage":4,"enemies":"3 Sentries","floor":8,"turns":5},{"damage":7,"enemies":"Gremlin Gang","floor":10,"turns":4},{"damage":11,"enemies":"Lagavulin","floor":11,"turns":5},{"damage":0,"enemies":"Exordium Thugs","floor":12,"turns":3},{"damage":1,"enemies":"Looter","floor":14,"turns":3},{"damage":23,"enemies":"Slime Boss","floor":16,"turns":7},{"damage":6,"enemies":"Chosen","floor":18,"turns":3},{"damage":6,"enemies":"Shell Parasite","floor":20,"turns":2},{"damage":8,"enemies":"3 Cultists","floor":22,"turns":3},{"damage":16,"enemies":"Sentry and Sphere","floor":29,"turns":4},{"damage":52,"enemies":"Gremlin Leader","floor":30,"turns":5},{"damage":25,"enemies":"Shelled Parasite and Fungi","floor":31,"turns":5}],"seed_played":"4884586672879119986","potions_obtained":[{"floor":1,"key":"PowerPotion"},{"floor":6,"key":"LiquidBronze"}],"is_trial":true,"path_per_floor":["M","M","?","?","M","E","R","E","T","M","E","M","$","M","R","B",null,"M","?","M","?","M","R","?","R","T","$","R","M","E","M"],"character_chosen":"IRONCLAD","items_purchased":["Medical Kit"],"campfire_rested":0,"item_purchase_floors":[13],"current_hp_per_floor":[70,66,66,66,72,56,56,58,58,57,52,58,58,63,63,46,68,68,68,68,68,66,66,66,66,66,66,66,59,16,0,0],"gold":127,"neow_bonus":"","is_daily":false,"chose_seed":false,"campfire_upgraded":4,"win_rate":0.0,"timestamp":1614118114,"path_taken":["M","?","?","?","M","E","R","E","T","M","E","M","$","M","R","BOSS","M","?","M","?","M","R","?","R","T","$","R","M","E","M"],"items_purchased_type":["Relic"],"build_version":"2020-12-22","purchased_purges":1,"victory":false,"max_hp_per_floor":[75,75,75,75,75,75,75,75,75,75,75,75,75,75,75,75,75,75,75,75,75,75,75,75,75,75,75,75,75,75,75,75],"relic_stats":{"counters":[16,65],"Mummified Hand":[4],"Astrolabe":["Reinforced Body","Alpha","Bane"],"Magic Flower":[6],"StoneCalendar":[0],"PreservedInsect":110,"Charon\u0027s Ashes":[232],"Orichalcum":[6],"Medical Kit":[0],"Boot":[0],"obtain_stats":[{"Mummified Hand":21,"Astrolabe":17,"Magic Flower":24,"StoneCalendar":8,"PreservedInsect":6,"Charon\u0027s Ashes":11,"Orichalcum":30,"Medical Kit":13,"Boot":26,"Burning Blood":0},{"Mummified Hand":12,"Astrolabe":10,"Magic Flower":13,"StoneCalendar":5,"PreservedInsect":4,"Charon\u0027s Ashes":7,"Orichalcum":15,"Medical Kit":8,"Boot":13,"Burning Blood":0},{"Mummified Hand":48,"Astrolabe":43,"Magic Flower":51,"StoneCalendar":21,"PreservedInsect":16,"Charon\u0027s Ashes":30,"Orichalcum":60,"Medical Kit":33,"Boot":51,"Burning Blood":0}],"Burning Blood":96},"card_choices":[{"not_picked":["Hologram","Evaluate","CutThroughFate"],"picked":"SKIP","floor":1},{"not_picked":["Gash","Entrench"],"picked":"Prostrate","floor":2},{"not_picked":["Force Field","Crescendo","Deflect"],"picked":"SKIP","floor":5},{"not_picked":["Omniscience","Hyperbeam"],"picked":"LessonLearned","floor":6},{"not_picked":["Judgement","Fission"],"picked":"Phantasmal Killer","floor":8},{"not_picked":["Carnage","EmptyMind","Fire Breathing"],"picked":"SKIP","floor":10},{"not_picked":["Thunder Strike","Brilliance","Phantasmal Killer"],"picked":"SKIP","floor":11},{"not_picked":["Twin Strike","Sweeping Beam"],"picked":"Pommel Strike","floor":12},{"not_picked":["Sentinel","Noxious Fumes","Compile Driver"],"picked":"SKIP","floor":14},{"not_picked":["Establishment","Fission"],"picked":"Offering","floor":16},{"not_picked":["Heatsinks","Clothesline+1","Thunderclap"],"picked":"SKIP","floor":18},{"not_picked":["Dropkick","Footwork","True Grit"],"picked":"SKIP","floor":20},{"not_picked":["Stack","True Grit","SashWhip"],"picked":"SKIP","floor":22},{"not_picked":["Cold Snap","WaveOfTheHand","SashWhip"],"picked":"SKIP","floor":29},{"not_picked":["Exhume","Multi-Cast","Phantasmal Killer"],"picked":"SKIP","floor":30}],"player_experience":1998401,"relics_obtained":[{"floor":6,"key":"PreservedInsect"},{"floor":8,"key":"StoneCalendar"},{"floor":11,"key":"Charon\u0027s Ashes"},{"floor":26,"key":"Boot"},{"floor":30,"key":"Orichalcum"}],"event_choices":[{"cards_removed":["Setup"],"damage_healed":0,"gold_gain":0,"player_choice":"Card Removal","damage_taken":0,"max_hp_gain":0,"max_hp_loss":0,"event_name":"The Cleric","floor":3,"gold_loss":75},{"damage_healed":0,"gold_gain":0,"player_choice":"Grow","damage_taken":0,"max_hp_gain":0,"max_hp_loss":0,"event_name":"Living Wall","floor":4,"gold_loss":0,"cards_upgraded":["Armaments"]},{"damage_healed":0,"gold_gain":50,"player_choice":"Stole From Cult","damage_taken":0,"max_hp_gain":0,"max_hp_loss":0,"event_name":"Nest","floor":19,"gold_loss":0},{"damage_healed":0,"gold_gain":0,"player_choice":"Obtained Relic","damage_taken":0,"relics_obtained":["Mummified Hand"],"max_hp_gain":0,"max_hp_loss":0,"event_name":"Addict","floor":21,"gold_loss":85},{"damage_healed":0,"gold_gain":0,"player_choice":"Opened","damage_taken":0,"relics_obtained":["Magic Flower"],"max_hp_gain":0,"max_hp_loss":0,"event_name":"The Mausoleum","floor":24,"gold_loss":0,"cards_obtained":["Writhe"]}],"is_beta":false,"boss_relics":[{"not_picked":["Cursed Key","Velvet Choker"],"picked":"Astrolabe"}],"items_purged_floors":[27],"is_endless":false,"potions_floor_spawned":[1,6,8,10,12,18,30],"killed_by":"Shelled Parasite and Fungi","ascension_level":20}}