{"host":"6bfiq9sgomorosoy","time":1614058444,"event":{"mods":["2.2 Compatiblity","AchievementEnabler","BaseMod","Better Note","Better Third Choice","BetterRewards","Conspire","Downfall","Googly Eyes","Highlight Path","Hubris","Minty Spire (QoL Compilation)","Quick Restart","Rare Cards Sparkle","Reliquary","Replay The Spire","StSLib"],"gold_per_floor":[99,115,115,14,48,67,93,109,15,15,34,54,83,83,99,200,200,200,218,218,234,168,168,168,187,203,203,203,203],"floor_reached":27,"language":"ENG","playtime":1707,"items_purged":[],"score":240,"play_id":"05be3f05-20b1-4a74-ac69-f629011cbef7","local_time":"20210223183404","is_ascension_mode":false,"campfire_choices":[{"data":"Slimebound:Split","floor":1,"key":"SMITH"},{"data":"Slimebound:RainOfGoop","floor":10,"key":"SMITH"},{"data":"Slimebound:SlimeSlap","floor":18,"key":"SMITH"}],"circlet_count":0,"master_deck":["Slimebound:Strike_Slimebound","Slimebound:Tackle","Slimebound:Defend_Slimebound","Slimebound:Defend_Slimebound","Slimebound:Split+1","Slimebound:CorrosiveSpit","Slimebound:ItLooksTasty","Slimebound:SlimeSpikes","Slimebound:Equalize","Slimebound:GoopSpray","Slimebound:ProtectTheBoss","Slimebound:RejuvenatingLick","Slimebound:SpikyOuterGoop","Slimebound:RainOfGoop+1","Slimebound:HauntingLick","Slimebound:ViciousTackle","Slimebound:ComboTackle","Slimebound:TongueLash","Slimebound:Schlurp","Slimebound:AcidTongue","Slimebound:SlimeSlap+1","Slimebound:GoopSpray+1","Slimebound:Dissolve+1","Slimebound:Overexert+1","Slimebound:LeechEnergy","Slimebound:LeechingTouch+1","Slimebound:SplitAcid","Slimebound:PressTheAttack","Slimebound:MassRepurpose","Slimebound:Nibble"],"relics":["Slimebound:AbsorbEndCombat","Calipers","reliquary:GummyVitamins","Nloth\u0027s Gift","Replay:Ringing Soul"],"acts_visited":["Exordium","TheCity"],"potions_floor_usage":[16],"damage_taken":[{"damage":0,"enemies":"2 Louse","floor":2,"turns":3},{"damage":3,"enemies":"downfall:FleeingMerchant","floor":4,"turns":4},{"damage":5,"enemies":"conspire:MimicChest","floor":5,"turns":4},{"damage":4,"enemies":"Jaw Worm","floor":6,"turns":3},{"damage":0,"enemies":"Cultist","floor":8,"turns":4},{"damage":0,"enemies":"downfall:FleeingMerchant","floor":9,"turns":4},{"damage":11,"enemies":"Large Slime","floor":11,"turns":4},{"damage":3,"enemies":"2 Fungi Beasts","floor":12,"turns":2},{"damage":7,"enemies":"Gremlin Nob","floor":13,"turns":4},{"damage":3,"enemies":"Blue Slaver","floor":15,"turns":2},{"damage":30,"enemies":"WA_ARCHETYPE_RETAIN","floor":16,"turns":7},{"damage":12,"enemies":"downfall:LooterAlt2","floor":19,"turns":4},{"damage":35,"enemies":"conspire:FuzzyDice","floor":21,"turns":5},{"damage":19,"enemies":"downfall:FleeingMerchant","floor":22,"turns":4},{"damage":0,"enemies":"Chosen and Byrds","floor":25,"turns":3},{"damage":30,"enemies":"Snake Plant","floor":26,"turns":4},{"damage":41,"enemies":"3 Cultists","floor":27,"turns":4}],"seed_played":"4152232362487562603","potions_obtained":[{"floor":2,"key":"Dexterity Potion"},{"floor":5,"key":"LiquidMemories"},{"floor":6,"key":"sneckomod:MuddlingPotion"},{"floor":12,"key":"Elixir"},{"floor":15,"key":"Energy Potion"},{"floor":16,"key":"Strength Potion"}],"is_trial":false,"path_per_floor":["R","M","?","$","?","M","T","M","$","R","M","M","E","?","M","B",null,"R","M","?","M","$","?","T","M","M","M"],"character_chosen":"SLIMEBOUND","items_purchased":["Slimebound:GoopSpray","Slimebound:ProtectTheBoss","Slimebound:ViciousTackle","Slimebound:PressTheAttack"],"campfire_rested":0,"item_purchase_floors":[4,4,9,22],"current_hp_per_floor":[71,71,71,71,68,68,68,71,71,71,64,71,66,66,65,51,71,71,71,71,46,31,31,31,36,21,0,0,0],"gold":203,"neow_bonus":"TEN_PERCENT_HP_BONUS","is_daily":false,"chose_seed":false,"campfire_upgraded":3,"win_rate":0.0,"timestamp":1614058444,"path_taken":["R","M","?","?","?","M","T","M","$","R","M","M","E","?","M","BOSS","R","M","?","M","$","?","T","M","M","M"],"items_purchased_type":["Card","Card","Card","Card"],"build_version":"2020-12-22","purchased_purges":0,"victory":false,"max_hp_per_floor":[71,71,71,71,71,71,71,71,71,71,71,71,71,71,71,71,71,71,71,71,71,71,71,71,74,77,77,77,77],"card_choices":[{"not_picked":["Slimebound:Replication","Slimebound:LeechingTouch"],"picked":"Slimebound:ItLooksTasty","floor":2},{"not_picked":["Slimebound:SplitBruiser","Slimebound:ItLooksTasty"],"picked":"Slimebound:Equalize","floor":4},{"not_picked":["Slimebound:DisruptingSlam","Slimebound:MegaLick"],"picked":"Slimebound:RejuvenatingLick","floor":5},{"not_picked":["Slimebound:SamplingLick","Slimebound:RejuvenatingLick"],"picked":"Slimebound:SpikyOuterGoop","floor":6},{"not_picked":["Slimebound:TongueLash","Slimebound:ProtectTheBoss"],"picked":"Slimebound:RainOfGoop","floor":8},{"not_picked":["Slimebound:LivingWall","Slimebound:ItLooksTasty"],"picked":"Slimebound:HauntingLick","floor":9},{"not_picked":["Slimebound:Prepare","Slimebound:BestDefense"],"picked":"Slimebound:ComboTackle","floor":11},{"not_picked":["Slimebound:SpikyOuterGoop","Slimebound:Chomp"],"picked":"Slimebound:TongueLash","floor":12},{"not_picked":["Slimebound:SplitLeeching","Slimebound:MinionMaster"],"picked":"Slimebound:Schlurp","floor":13},{"not_picked":["Slimebound:GrowthPunch","Slimebound:ForwardTackle"],"picked":"Slimebound:AcidTongue","floor":15},{"not_picked":["Slimebound:FirmFortitude","Slimebound:OneTwoCombo"],"picked":"Slimebound:SlimeSlap","floor":16},{"not_picked":["Slimebound:Schlurp","Slimebound:ProtectTheBoss+1"],"picked":"Slimebound:LeechEnergy","floor":19},{"not_picked":["Slimebound:Grow","Slimebound:SplitBruiser"],"picked":"Slimebound:LeechingTouch+1","floor":21},{"not_picked":["Slimebound:LeechEnergy","Slimebound:GoopTackle"],"picked":"Slimebound:SplitAcid","floor":22},{"not_picked":["Slimebound:SplitMire","Slimebound:SplitAcid"],"picked":"Slimebound:MassRepurpose","floor":25},{"not_picked":["Slimebound:SplitMire","Slimebound:GrowthPunch"],"picked":"Slimebound:Nibble","floor":26}],"player_experience":149517,"relics_obtained":[{"floor":5,"key":"Calipers"},{"floor":13,"key":"reliquary:GummyVitamins"},{"floor":24,"key":"Replay:Ringing Soul"}],"event_choices":[],"is_beta":false,"boss_relics":[{"not_picked":["Replay:Bronze Core","Runic Dome"],"picked":"Astrolabe"}],"items_purged_floors":[],"is_endless":false,"potions_floor_spawned":[2,5,6,12,15,16,21,25],"killed_by":"3 Cultists","ascension_level":0}}