{"host":"w05x4i13f2m9joq1","time":1614048463,"event":{"mods":["100% Spire Juice","Act Like it!","BaseMod","Better Altar","Better Match","Better Note","Better Sensory Stone","Better Skull","Better Third Choice","BetterRewards","CapriCore","Colored Map","Colored Powertips","Defective Defect","Downfall","Duelist Mod","Gensokyo","GifTheSpireLib","Googly Eyes","Infinite Spire","Ironclad Rager","Lobotomy","LobotomyExtend","Marisa????????","Melee Mod","Minty Spire (QoL Compilation)","Morshu Shopkeeper - ENHANCED","MostiFishMod","Quick Restart","Rare Cards Sparkle","Reliquary","Replay The Spire","Ruina","Shop Mod","Spicy Shops","Spire Birthday Party","StSLib","The Animator","The IronCluck","Uncapped","everything is the same but u backflip on backflip","slay the spire mod where everything is the same but ironclad has a cowboy hat"],"gold_per_floor":[115,125,145,160,174,202,214,63,63,94,94,107,120,151,151,151,151],"floor_reached":16,"language":"ENG","playtime":895,"items_purged":[],"score":176,"play_id":"725535f9-ae09-458e-a974-844efe8bb87e","local_time":"20210222214743","is_ascension_mode":false,"campfire_choices":[{"floor":11,"key":"REST"},{"data":"Moonworks:Accelerator","floor":15,"key":"SMITH"}],"circlet_count":0,"master_deck":["Moonworks:Strike","Moonworks:Strike","Moonworks:Strike","Moonworks:Strike+1","Moonworks:Defend","Moonworks:Defend","Moonworks:Defend","Moonworks:Defend","Moonworks:Ambush+1","Moonworks:LongDistanceShot","Pot Of Greed","Moonworks:StarBlastingFuse","Moonworks:NicePresent","Pot Of Greed","Moonworks:NicePresent","Moonworks:BindingChains","Moonworks:NicePresent","Moonworks:Gamble","Moonworks:NicePresent","Moonworks:Accelerator+1"],"relics":["Moonworks:BrokenBomb","Moonworks:Homemark","DaveBox","BloodWine","Grinning Jar","SynthV:TestCard","LetterFromLob","Whetstone","Lantern","Bird Faced Urn","Kunai","Darkstone Periapt"],"acts_visited":["Exordium"],"potions_floor_usage":[6,10,10],"damage_taken":[{"damage":0,"enemies":"2 Louse","floor":1,"turns":1},{"damage":6,"enemies":"Cultist","floor":2,"turns":3},{"damage":9,"enemies":"infinitespire:Voidling","floor":3,"turns":3},{"damage":0,"enemies":"Looter","floor":4,"turns":2},{"damage":4,"enemies":"2 Fungi Beasts","floor":5,"turns":2},{"damage":23,"enemies":"Gremlin Nob","floor":6,"turns":4},{"damage":6,"enemies":"Exordium Wildlife","floor":7,"turns":2},{"damage":10,"enemies":"Lagavulin","floor":10,"turns":4},{"damage":11,"enemies":"Exordium Thugs","floor":12,"turns":3},{"damage":0,"enemies":"3 Louse","floor":13,"turns":2},{"damage":12,"enemies":"3 Sentries","floor":14,"turns":3},{"damage":999,"enemies":"Fading Forest","floor":16,"turns":3}],"seed_played":"2850564152395918260","potions_obtained":[{"floor":1,"key":"sneckomod:MuddlingPotion"},{"floor":2,"key":"hexamod:SoulburnPotion"},{"floor":7,"key":"Dexterity Potion"},{"floor":10,"key":"Strength Potion"},{"floor":14,"key":"Swift Potion"}],"is_trial":false,"path_per_floor":["M","M","M","M","M","E","M","$","T","E","R","M","M","E","R","B"],"character_chosen":"THE_STARBREAKER","items_purchased":["Lantern"],"campfire_rested":1,"item_purchase_floors":[8],"current_hp_per_floor":[60,54,45,54,50,27,26,26,26,16,34,32,32,20,20,0,0],"gold":151,"neow_bonus":"RANDOM_COMMON_RELIC","is_daily":false,"chose_seed":false,"campfire_upgraded":1,"win_rate":0.0,"timestamp":1614048463,"path_taken":["M","M","M","M","M","E","M","$","T","E","R","M","M","E","R","BOSS"],"items_purchased_type":["Card"],"build_version":"2020-12-22","purchased_purges":0,"victory":false,"max_hp_per_floor":[60,60,60,60,60,60,60,60,60,60,60,60,60,60,60,60,60],"card_choices":[{"not_picked":["Moonworks:SweetBattle","Moonworks:IndiscriminateFireSupport","Moonworks:SakisCookie"],"picked":"SKIP","floor":1},{"not_picked":["Moonworks:LulusLuckyEgg","Moonworks:CloudOfSeagulls","Moonworks:x16BigRocket","Moonworks:BigBangBell","Moonworks:DeployBits"],"picked":"SKIP","floor":2},{"not_picked":["Moonworks:DeployBits","Moonworks:SweetBattle","Moonworks:BigMagnum","Moonworks:EvilSpyWorkPreparation"],"picked":"Moonworks:StarBlastingFuse","floor":3},{"not_picked":["Moonworks:CastOff","Moonworks:CloudOfSeagulls","Moonworks:BackdoorTrade","Moonworks:BigMagnum"],"picked":"Moonworks:NicePresent","floor":4},{"not_picked":["Moonworks:IndiscriminateFireSupport","Moonworks:LulusLuckyEgg","Moonworks:DeployBits","Moonworks:Dinner"],"picked":"Moonworks:NicePresent","floor":5},{"not_picked":["Moonworks:SelfDestruct","Moonworks:IndiscriminateFireSupport","Moonworks:DeployBits","Moonworks:CloudOfSeagulls"],"picked":"Moonworks:BindingChains","floor":6},{"not_picked":["Moonworks:BigBangBell","Moonworks:IndiscriminateFireSupport","Moonworks:LulusLuckyEgg","Moonworks:JonathanRush"],"picked":"Moonworks:NicePresent","floor":7},{"not_picked":["Moonworks:BigMagnum","Moonworks:DeployBits","Moonworks:Assault","Moonworks:ExtendedPhotonRifle","Moonworks:ImmovableObject"],"picked":"SKIP","floor":10},{"not_picked":["Moonworks:DeployBits","Moonworks:ReproductionOfRecords","Moonworks:CloudOfSeagulls","Moonworks:BigMagnum"],"picked":"Moonworks:Gamble","floor":12},{"not_picked":["Moonworks:Heat300Percent","Moonworks:SealedMemories","Moonworks:LulusLuckyEgg","Moonworks:CloudOfSeagulls"],"picked":"Moonworks:NicePresent","floor":13},{"not_picked":["Moonworks:RedAndBlue","Moonworks:BackdoorTrade","Moonworks:AwakeningOfTalent","Moonworks:BigMagnum"],"picked":"Moonworks:Accelerator","floor":14}],"player_experience":224146,"relics_obtained":[{"floor":1,"key":"SynthV:TestCard"},{"floor":1,"key":"LetterFromLob"},{"floor":6,"key":"Whetstone"},{"floor":9,"key":"Bird Faced Urn"},{"floor":10,"key":"Kunai"},{"floor":14,"key":"Darkstone Periapt"}],"event_choices":[],"is_beta":false,"boss_relics":[],"items_purged_floors":[],"is_endless":false,"potions_floor_spawned":[1,2,7,10,14],"killed_by":"Fading Forest","ascension_level":0}}