{"host":"xgo7i0560n9mwvr8","time":1614054034,"event":{"mods":["BaseMod","Colored Map","Downfall","Minty Spire (QoL Compilation)","Permanent Neow","StSLib"],"gold_per_floor":[99,110,140,160,160,175,175,202,10,10,20,39,39,56,66,164,164,64,82,82,92,109,127,127,127,27,41,67,87,87,87,87],"floor_reached":30,"language":"ENG","playtime":1906,"items_purged":[],"score":281,"play_id":"ffc594ed-84ee-48f3-9f9c-283bb6cce5d8","local_time":"20210222232034","is_ascension_mode":false,"campfire_choices":[{"data":"champ:StrikeOfGenius","floor":1.0,"key":"SMITH"},{"floor":13.0,"key":"REST"},{"data":"champ:GladiatorForm","floor":18.0,"key":"SMITH"},{"floor":26,"key":"REST"}],"circlet_count":0,"master_deck":["champ:Defend","champ:Defend","champ:Defend","champ:Defend","champ:Execute","champ:Taunt","champ:StrikeOfGenius+1","champ:TornadoPunch","champ:BerserkersShout","champ:GutPunch","champ:FocusedDefense","champ:CrookedStrike","champ:SkillfulDodge","champ:UltimateStance+1","champ:DefensiveShout","champ:BladeFlurry","champ:FaceSlap","champ:GladiatorForm+1","champ:FaceSlap+1","champ:SetATrap+1","champ:CrownThrow+1","champ:TornadoPunch+1","champ:Haymaker+1","champ:TornadoPunch+1","champ:StanceDance","Bite","Bite","Bite","Bite","Bite","champ:FlashCut+1","champ:BerserkersShout+1"],"relics":["champ:ChampionCrown","Regal Pillow","Blue Candle","Ginger","Membership Card","Astrolabe","downfall:HeartBlessingBlue","Meat on the Bone","downfall:HeartBlessingGreen","PreservedInsect"],"acts_visited":["Exordium","TheCity"],"potions_floor_usage":[22,23,28,30,30],"damage_taken":[{"damage":25.0,"enemies":"Small Slimes","floor":2.0,"turns":4.0},{"damage":28.0,"enemies":"Jaw Worm","floor":4.0,"turns":4.0},{"damage":10.0,"enemies":"Cultist","floor":6.0,"turns":3.0},{"damage":39.0,"enemies":"Gremlin Nob","floor":8.0,"turns":4.0},{"damage":20.0,"enemies":"downfall:FleeingMerchant","floor":9.0,"turns":4.0},{"damage":19.0,"enemies":"Gremlin Gang","floor":11.0,"turns":4.0},{"damage":16.0,"enemies":"downfall:LooterAlt","floor":12.0,"turns":4.0},{"damage":22.0,"enemies":"2 Fungi Beasts","floor":14.0,"turns":4.0},{"damage":14.0,"enemies":"3 Louse","floor":15.0,"turns":3.0},{"damage":33.0,"enemies":"WA_ARCHETYPE_RETAIN","floor":16.0,"turns":4.0},{"damage":8.0,"enemies":"downfall:LooterAlt2","floor":19.0,"turns":4.0},{"damage":8.0,"enemies":"Chosen","floor":21.0,"turns":4.0},{"damage":35,"enemies":"Sentry and Sphere","floor":22,"turns":5},{"damage":78,"enemies":"Shelled Parasite and Fungi","floor":23,"turns":5},{"damage":33,"enemies":"Snecko","floor":27,"turns":5},{"damage":41,"enemies":"Slavers","floor":28,"turns":4},{"damage":21,"enemies":"Snake Plant","floor":29,"turns":3},{"damage":41,"enemies":"Shelled Parasite and Fungi","floor":30,"turns":5}],"seed_played":"4522181669047728229","potions_obtained":[{"floor":4.0,"key":"BlessingOfTheForge"},{"floor":6.0,"key":"DistilledChaos"},{"floor":12.0,"key":"GamblersBrew"},{"floor":15.0,"key":"GamblersBrew"},{"floor":19.0,"key":"DistilledChaos"},{"floor":21.0,"key":"champ:OpenerPotion"},{"floor":23,"key":"PowerPotion"},{"floor":29,"key":"Swift Potion"}],"is_trial":false,"path_per_floor":["R","M","?","M","?","M","T","E","$","?","M","M","R","M","M","B",null,"R","M","?","M","M","M","T","?","R","M","E","M","M"],"character_chosen":"THE_CHAMP","items_purchased":["Membership Card","champ:SkillfulDodge"],"campfire_rested":2,"item_purchase_floors":[9,9],"current_hp_per_floor":[90,85,85,77,72,72,72,48,48,53,39,33,76,59,55,42,95,105,97,97,89,74,26,26,26,62,47,26,34,0,0,0],"gold":87,"neow_bonus":"ONE_RANDOM_RARE_CARD","is_daily":false,"chose_seed":false,"campfire_upgraded":2,"win_rate":0.0,"timestamp":1614054034,"path_taken":["R","M","?","M","?","M","T","E","$","?","M","?","R","M","M","BOSS","R","M","?","?","?","M","T","?","R","M","E","M","M"],"items_purchased_type":["Relic","Card"],"build_version":"2020-12-22","purchased_purges":0,"victory":false,"max_hp_per_floor":[90,90,90,90,90,90,90,90,90,95,95,95,95,95,95,95,95,105,105,105,105,105,105,105,73,73,73,73,73,73,73,73],"card_choices":[{"not_picked":["champ:AdrenalArmor","champ:Shatter"],"picked":"champ:TornadoPunch","floor":2.0},{"not_picked":["champ:EnGarde","champ:BringItOn"],"picked":"champ:BerserkersShout","floor":4.0},{"not_picked":["champ:TornadoPunch","champ:PreemptiveStrike"],"picked":"champ:GutPunch","floor":6.0},{"not_picked":["champ:FlashCut","champ:GladiatorStyle"],"picked":"champ:FocusedDefense","floor":8.0},{"not_picked":["champ:TornadoPunch","champ:Shatter"],"picked":"champ:CrookedStrike","floor":9.0},{"not_picked":["champ:Backstep","champ:ArenaPreparation"],"picked":"champ:UltimateStance","floor":11.0},{"not_picked":["champ:CrookedStrike","champ:TornadoPunch"],"picked":"champ:DefensiveShout","floor":12.0},{"not_picked":["champ:PreciseThrust","champ:DefensiveShout"],"picked":"champ:BladeFlurry","floor":14.0},{"not_picked":["champ:DefensiveShout","champ:Circumvent"],"picked":"champ:FaceSlap","floor":15.0},{"not_picked":["champ:CheapShot","champ:SteelEdge"],"picked":"champ:GladiatorForm","floor":16.0},{"not_picked":["champ:CrownThrow","champ:PerfectedStrike"],"picked":"champ:TornadoPunch+1","floor":19.0},{"not_picked":["champ:Backstep","champ:EnragedBash"],"picked":"champ:Haymaker+1","floor":21.0},{"not_picked":["champ:RisingSlash","champ:Haymaker"],"picked":"champ:TornadoPunch+1","floor":22},{"not_picked":["champ:CrownThrow","champ:SwordThrow"],"picked":"champ:StanceDance","floor":23},{"not_picked":["champ:Shatter+1","champ:HeartStrike"],"picked":"champ:FlashCut+1","floor":27},{"not_picked":["champ:CrookedStrike","champ:DeathBlow"],"picked":"champ:BerserkersShout+1","floor":28},{"not_picked":["champ:FalseCounter","champ:FlashCut","champ:AdrenalArmor"],"picked":"SKIP","floor":29}],"player_experience":1084735,"relics_obtained":[{"floor":8.0,"key":"Ginger"},{"floor":24,"key":"Meat on the Bone"},{"floor":28,"key":"PreservedInsect"}],"event_choices":[{"damage_healed":0.0,"max_hp_gain":5.0,"max_hp_loss":0.0,"gold_gain":0.0,"event_name":"Big Fish","player_choice":"Donut","floor":10.0,"gold_loss":0.0,"damage_taken":0.0},{"damage_healed":0,"gold_gain":0,"player_choice":"Became a vampire","damage_taken":0,"max_hp_gain":0,"max_hp_loss":32,"event_name":"Vampires","floor":25,"gold_loss":0,"cards_obtained":["Bite","Bite","Bite","Bite","Bite"]}],"is_beta":false,"boss_relics":[{"not_picked":["Velvet Choker","Coffee Dripper"],"picked":"Astrolabe"}],"items_purged_floors":[],"is_endless":false,"potions_floor_spawned":[4,6,12,15,19,21,23,29],"killed_by":"Shelled Parasite and Fungi","ascension_level":0}}