{"host":"bplbr8uekuotory4","time":1614069927,"event":{"mods":["Act Like it!","BaseMod","Custom Start","GungeonMod","Hermit","KinomotoSakuraMod(ƒæ÷Æ±æ”£)","Marisa£®ÏF”Í°°ƒß¿Ì…≥£©","Minty Spire (QoL Compilation)","Prisma Mod","Quick Restart","Reimu£®≤©¿ˆ¡È√Œ£©","SOS£®Àπ∞Õ¥Ô÷Æ◊”£©","Spicy Shops","StSLib","TestMod","The Blackbeard","The Cursed","The Mystic","The Saiyan","The Senshi","The Servant 0.9.4","Yuri Mod","[IsaacMod]“‘»ˆº‚À˛"],"gold_per_floor":[114,128,128,141,103,136,136,174,174,193,235,242,53,113,113,120,120],"floor_reached":16,"language":"ZHS","playtime":280,"items_purged":["Strike_G","Defend_G"],"score":382,"play_id":"f3762fe2-a0f1-4f03-bf43-3e6847f79af3","local_time":"20210223164527","is_ascension_mode":true,"campfire_choices":[{"data":"Bouncing Flask","floor":7.0,"key":"SMITH"},{"data":"Poisoned Stab","floor":15.0,"key":"SMITH"}],"circlet_count":0,"master_deck":["AscendersBane","Strike_G","Strike_G","Strike_G","Strike_G","Defend_G","Defend_G","Defend_G","Defend_G","Survivor","Neutralize","Poisoned Stab+1","Bouncing Flask+1","Escape Plan"],"relics":["Ring of the Snake","testmod-TestBox","HushsDoor","SteamSale","testmod-HarvestTotem","NeowsBlessing","Golden Idol","Letter Opener","BelialBook","SalivaCoin","Ancient Tea Set","DemoMod:SerJunkan","DemoMod:GlassGuonStoneRelic","Paper Crane"],"acts_visited":["Exordium"],"potions_floor_usage":[16],"damage_taken":[{"damage":0.0,"enemies":"2 Louse","floor":1.0,"turns":1.0},{"damage":0.0,"enemies":"Jaw Worm","floor":2.0,"turns":1.0},{"damage":0.0,"enemies":"Cultist","floor":4.0,"turns":1.0},{"damage":0.0,"enemies":"Lagavulin","floor":6.0,"turns":2.0},{"damage":9.0,"enemies":"3 Sentries","floor":8.0,"turns":2.0},{"damage":0.0,"enemies":"2 Fungi Beasts","floor":10.0,"turns":3.0},{"damage":20.0,"enemies":"3 Louse","floor":11.0,"turns":4.0},{"damage":32.0,"enemies":"Lagavulin","floor":14.0,"turns":6.0},{"damage":15,"enemies":"Slime Boss","floor":16,"turns":3}],"seed_played":"7246117705907455306","potions_obtained":[{"floor":6.0,"key":"ColorlessPotion"},{"floor":8.0,"key":"testmod-SpacePotion"},{"floor":14.0,"key":"Explosive Potion"}],"is_trial":false,"path_per_floor":["M","M","?","M","$","E","R","E","T","M","M","?","$","E","R","B"],"character_chosen":"THE_SILENT","items_purchased":["DemoMod:SerJunkan"],"campfire_rested":0,"item_purchase_floors":[13],"current_hp_per_floor":[125,125,79,79,79,79,79,70,70,70,50,45,45,13,13,0,0],"gold":120,"neow_bonus":"THREE_ENEMY_KILL","is_daily":false,"chose_seed":false,"campfire_upgraded":2,"win_rate":0.0,"timestamp":1614069927,"path_taken":["M","M","?","M","$","E","R","E","T","?","M","?","$","E","R","BOSS"],"items_purchased_type":["Relic"],"build_version":"2020-12-22","purchased_purges":2,"victory":false,"max_hp_per_floor":[132,132,132,132,132,132,132,132,132,132,132,132,132,132,132,132,132],"card_choices":[{"not_picked":[],"picked":"ChaosCard","floor":0.0},{"not_picked":["Cloak And Dagger","Predator"],"picked":"Poisoned Stab","floor":1.0},{"not_picked":["Concentrate","Deadly Poison"],"picked":"Bomb","floor":2.0},{"not_picked":["Distraction","Leg Sweep"],"picked":"Bouncing Flask","floor":4.0},{"not_picked":["Unload","Deflect","Blur"],"picked":"SKIP","floor":6.0},{"not_picked":["Dagger Spray","Sucker Punch","Outmaneuver"],"picked":"SKIP","floor":8.0},{"not_picked":["Slice","Dash","Tactician"],"picked":"SKIP","floor":10.0},{"not_picked":["Endless Agony","Finisher"],"picked":"Escape Plan","floor":11.0},{"not_picked":["Predator","Poisoned Stab","All Out Attack"],"picked":"SKIP","floor":14.0}],"player_experience":1184973,"relics_obtained":[{"floor":6.0,"key":"Letter Opener"},{"floor":8.0,"key":"BelialBook"},{"floor":9.0,"key":"SalivaCoin"},{"floor":14.0,"key":"Paper Crane"}],"event_choices":[{"damage_healed":0.0,"max_hp_gain":0.0,"max_hp_loss":0.0,"gold_gain":0.0,"event_name":"Golden Idol","player_choice":"Take Damage","floor":3.0,"gold_loss":0.0,"damage_taken":46.0,"relics_obtained":["Golden Idol"]},{"damage_healed":0.0,"max_hp_gain":0.0,"max_hp_loss":0.0,"gold_gain":0.0,"event_name":"Scrap Ooze","player_choice":"Success","floor":12.0,"gold_loss":0.0,"damage_taken":5.0,"relics_obtained":["Ancient Tea Set"]}],"is_beta":false,"boss_relics":[],"items_purged_floors":[5,13],"is_endless":false,"potions_floor_spawned":[6,8,14],"killed_by":"Slime Boss","ascension_level":19}}