{"host":"w2kjv12xyhtt0cv2","time":1614096098,"event":{"mods":["10 clothes from DAL","100% Spire Juice","Act Like it!","BaseMod","Colored Map","Friendly Minions","Gensokyo","GifTheSpireLib","Highlight Path","Hubris","Library of Ruina","Minty Spire (QoL Compilation)","Quick Restart","Relic Stats","Reliquary","Replay The Spire","Ring Of Destiny","Robot Space Explorer","Shop Mod","Spicy Shops","StSLib","The Dragon Tamer","UnlockEverythingMod","Waifu the Spire","[IsaacMod]以撒尖塔","[功能]功能增强和修复MOD","【功能Mod】Neow奖励","【功能Mod】聪明的最终Boss","【遗物卡牌】REMEMod","没有小屋子和绿帽子啦"],"gold_per_floor":[215,13,13,31,45,78,78,103,103,103,103,128,20,47,47,150,150,161,186,236,251,2,30,30,65,65,152,7,7,58,58,58,202,202,213,80,80,5,84,123,345,375,444,444,469,501,535,562,562,569,569,569,172,233,233,163,192,760],"floor_reached":56,"language":"ZHS","playtime":5715,"items_purged":["RingOfDestiny:Strike_SU","RingOfDestiny:Strike_SU","RingOfDestiny:Strike_SU","RingOfDestiny:PowerOfGreed","RingOfDestiny:PowerOfEnvy","RingOfDestiny:DoomsdayStrike","RingOfDestiny:Defend_SU","Pride"],"score":1938,"play_id":"9ef1f2f2-5c38-4106-bd13-76f835f44c67","local_time":"20210224000138","is_ascension_mode":false,"campfire_choices":[{"data":"Mirror Shield","floor":7.0,"key":"SMITH"},{"data":"RingOfDestiny:MaskOfSuffering","floor":10.0,"key":"SMITH"},{"data":"RingOfDestiny:AngerSword","floor":15.0,"key":"SMITH"},{"data":"RingOfDestiny:FairDealing","floor":29.0,"key":"SMITH"},{"floor":32.0,"key":"DIG"},{"floor":44.0,"key":"DIG"},{"floor":49.0,"key":"RECALL"},{"data":"RingOfDestiny:MaliciousBarrier","floor":52.0,"key":"SMITH"},{"data":"RingOfDestiny:ScepterOfGluttony","floor":52,"key":"SMITH"}],"circlet_count":0,"master_deck":["RingOfDestiny:Defend_SU+1","RingOfDestiny:Defend_SU","RingOfDestiny:MaliciousBarrier+1","Mirror Shield+1","RingOfDestiny:TemptingFruits","RingOfDestiny:AngerSword+1","RingOfDestiny:CrownOfPride+1","RingOfDestiny:MaskOfSuffering+1","RingOfDestiny:Demonic+1","RingOfDestiny:SarcasticSword","RingOfDestiny:GripOfMaster","RingOfDestiny:FairDealing+1","RingOfDestiny:AbyssOfDesire+1","RingOfDestiny:DoomsdayMadness+1","RingOfDestiny:AbyssOfDesire+1","RingOfDestiny:ScepterOfGluttony+1","Mirror Shield+1","RingOfDestiny:TemptingFruits+1","RingOfDestiny:VoodooDoll+1","RingOfDestiny:AbyssOfDesire+1","Madness+1","RingOfDestiny:MaliciousConversion"],"relics":["RingOfDestiny:DemonicContract","REME_ComplimentaryCards","HushsDoor","SteamSale","Matryoshka","HornCleat","Replay:Rubber Ducky","reliquary:Stiletto","PokeGo","PageOfSingingMachine","Odd Mushroom","Bottled Lightning","Bottled Tornado","GuppysTail","Red Mask","PageOfMercenary","REME_CardOfGreed","Shovel","RingOfDestiny:RingOfSoul","reliquary:CitrusReamer","reliquary:PorcupineQuills","Durian","REME_ArchaeologicalTools","ReplayTheSpireMod:Ninjato","Gremlin Food","PageOfApocalypseBird","SalivaCoin","Blue Doll","PageOfWizard","Oddly Smooth Stone","Runic Pyramid","GuppysHead","GuppysPaw","DollysMirror","reliquary:Buckler","Singing Bowl","hubris:ToyBattleship","PageOfQueenBee","Orichalcum","PageOfLittleHelper","Bronze Scales","Void","War Paint","Membership Card","Bag of Preparation","Sling","Onion Ring","Strawberry","hubris:PeanutButter","Nunchaku"],"acts_visited":["RingOfDestiny:IdeologyCorridor","RingOfDestiny:KnowledgeHall","RingOfDestiny:WisdomThrone","RingOfDestiny:BlackNoah"],"potions_floor_usage":[],"damage_taken":[{"damage":1.0,"enemies":"Small Slimes","floor":1.0,"turns":5.0},{"damage":0.0,"enemies":"2 Louse","floor":4.0,"turns":2.0},{"damage":3.0,"enemies":"Blue Slaver","floor":5.0,"turns":3.0},{"damage":0.0,"enemies":"RingOfDestiny:TalkingChest","floor":6.0,"turns":4.0},{"damage":17.0,"enemies":"RingOfDestiny:ExtinctionMoon","floor":8.0,"turns":5.0},{"damage":0.0,"enemies":"The Mushroom Lair","floor":12.0,"turns":5.0},{"damage":0.0,"enemies":"RingOfDestiny:TheMonitor","floor":14.0,"turns":5.0},{"damage":0.0,"enemies":"RingOfDestiny:SpiderQueen","floor":16.0,"turns":15.0},{"damage":0.0,"enemies":"2 Thieves","floor":18.0,"turns":2.0},{"damage":0.0,"enemies":"Masked Bandits","floor":19.0,"turns":2.0},{"damage":0.0,"enemies":"Hiden Room Battle","floor":20.0,"turns":3.0},{"damage":0.0,"enemies":"Shell Parasite","floor":21.0,"turns":2.0},{"damage":0.0,"enemies":"Gremlin Leader","floor":23.0,"turns":3.0},{"damage":0.0,"enemies":"Slavers","floor":25.0,"turns":3.0},{"damage":0.0,"enemies":"Book of Stabbing","floor":27.0,"turns":3.0},{"damage":0.0,"enemies":"Slavers","floor":30.0,"turns":2.0},{"damage":0.0,"enemies":"Collector","floor":33.0,"turns":3.0},{"damage":0.0,"enemies":"Orb Walker","floor":35.0,"turns":1.0},{"damage":3.0,"enemies":"Giant Head","floor":40.0,"turns":3.0},{"damage":0.0,"enemies":"Reptomancer","floor":42.0,"turns":2.0},{"damage":2.0,"enemies":"3 Darklings","floor":45.0,"turns":1.0},{"damage":0.0,"enemies":"Giant Head","floor":46.0,"turns":3.0},{"damage":5.0,"enemies":"Spire Growth","floor":47.0,"turns":1.0},{"damage":2.0,"enemies":"Maw","floor":48.0,"turns":2.0},{"damage":3.0,"enemies":"Donu and Deca","floor":50.0,"turns":2.0},{"damage":5.0,"enemies":"RingOfDestiny:Fyra","floor":54.0,"turns":2.0},{"damage":0,"enemies":"Shield and Spear","floor":54,"turns":2},{"damage":156,"enemies":"Delirium","floor":55,"turns":23}],"seed_played":"-6908356057904994754","potions_obtained":[{"floor":4.0,"key":"Adrenaline Potion"},{"floor":6.0,"key":"AttackPotion"},{"floor":8.0,"key":"ColorlessPotion"},{"floor":18.0,"key":"FearPotion"},{"floor":20.0,"key":"DuplicationPotion"},{"floor":25.0,"key":"DuplicationPotion"},{"floor":33.0,"key":"EssenceOfSteel"}],"is_trial":false,"path_per_floor":["M","$","?","M","M","E","R","E","T","R","?","?","$","E","R","B",null,"M","?","?","M","$","E","?","E","T","E","$","R","E","T","R","B",null,"M","$","?","$","?","E","?","E","T","R","M","E","M","M","R","B",null,"R","$","E","R","$","E","B",null],"character_chosen":"Summoner","items_purchased":["RingOfDestiny:AngerSword","Matryoshka","Bottled Lightning","GuppysTail","RingOfDestiny:FairDealing","REME_CardOfGreed","Shovel","RingOfDestiny:RingOfSoul","reliquary:CitrusReamer","PageOfApocalypseBird","SalivaCoin","GuppysHead","GuppysPaw","DollysMirror","ForgetMeNow","PageOfLittleHelper","Madness+1","Bronze Scales","Void","Membership Card","Bag of Preparation","Sling","Onion Ring","Strawberry","hubris:PeanutButter","RingOfDestiny:MaliciousConversion"],"campfire_rested":0,"item_purchase_floors":[2,2,13,17,17,22,22,22,22,28,28,34,34,36,53,53,53,53,53,53,53,53,53,53,53,53],"current_hp_per_floor":[88,88,76,76,75,77,77,62,62,62,67,72,72,77,77,93,83,83,83,73,77,77,83,83,88,88,88,88,88,88,88,88,88,61,61,61,61,61,61,61,61,63,63,63,65,65,63,67,67,67,67,67,67,69,69,76,78,4],"gold":760,"neow_bonus":"HUNDRED_GOLD","is_daily":false,"chose_seed":false,"campfire_upgraded":6,"win_rate":0.0,"timestamp":1614096098,"path_taken":["M","$","?","M","?","E","R","E","T","R","?","?","$","E","R","BOSS","M","?","?","?","?","E","?","E","T","E","$","R","E","?","R","BOSS","M","$","?","$","?","E","?","E","T","R","?","E","?","M","R","BOSS","R","$","E","R","$","E","BOSS"],"items_purchased_type":["Card","Relic","Relic","Relic","Card","Relic","Relic","Relic","Relic","Relic","Relic","Relic","Relic","Relic","Relic","Relic","Card","Relic","Card","Relic","Relic","Relic","Relic","Relic","Relic","Card"],"build_version":"2020-12-22","purchased_purges":8,"victory":true,"max_hp_per_floor":[88,88,88,88,88,88,88,88,88,88,93,93,93,93,93,93,83,83,83,83,83,83,83,83,88,88,88,88,88,88,88,88,88,61,61,61,61,61,61,61,61,63,63,63,65,65,65,67,67,67,67,67,67,69,69,76,78,78],"relic_stats":{"Nunchaku":[6],"Shovel":2,"Singing Bowl":10,"counters":[28,109],"Bronze Scales":[99],"Bag of Preparation":[4],"Orichalcum":[0],"War Paint":["RingOfDestiny:Demonic","RingOfDestiny:Defend_SU"],"obtain_stats":[{"PageOfSingingMachine":9,"Bottled Tornado":14,"Sling":53,"HornCleat":3,"reliquary:CitrusReamer":22,"DollysMirror":36,"Strawberry":53,"RingOfDestiny:RingOfSoul":22,"PageOfWizard":31,"REME_ArchaeologicalTools":26,"PageOfApocalypseBird":28,"Void":53,"KeepersGift":0,"Oddly Smooth Stone":32,"War Paint":54,"RingOfDestiny:DemonicContract":0,"SteamSale":0,"reliquary:PorcupineQuills":23,"ForgetMeNow":53,"Bronze Scales":53,"Onion Ring":53,"hubris:PeanutButter":53,"hubris:ToyBattleship":42,"HushsDoor":0,"GuppysTail":17,"Singing Bowl":40,"GuppysPaw":34,"Blue Doll":30,"Bag of Preparation":53,"Replay:Rubber Ducky":6,"Nunchaku":54,"Matryoshka":2,"PokeGo":9,"PageOfMercenary":20,"Shovel":22,"PageOfQueenBee":44,"reliquary:Buckler":39,"Red Mask":19,"Runic Pyramid":34,"Gremlin Food":27,"ReplayTheSpireMod:Ninjato":26,"PageOfLittleHelper":53,"Odd Mushroom":12,"Orichalcum":46,"MagicMushroom":17,"reliquary:Stiletto":8,"Durian":25,"SalivaCoin":28,"Bottled Lightning":13,"REME_CardOfGreed":22,"GuppysHead":34,"Membership Card":53,"REME_ComplimentaryCards":0},{"PageOfSingingMachine":5,"Bottled Tornado":7,"Sling":26,"HornCleat":1,"reliquary:CitrusReamer":12,"DollysMirror":18,"Strawberry":26,"RingOfDestiny:RingOfSoul":12,"PageOfWizard":16,"REME_ArchaeologicalTools":14,"PageOfApocalypseBird":15,"Void":25,"KeepersGift":0,"Oddly Smooth Stone":16,"War Paint":26,"RingOfDestiny:DemonicContract":0,"SteamSale":0,"reliquary:PorcupineQuills":13,"ForgetMeNow":25,"Bronze Scales":25,"Onion Ring":26,"hubris:PeanutButter":26,"hubris:ToyBattleship":20,"HushsDoor":0,"GuppysTail":8,"Singing Bowl":19,"GuppysPaw":17,"Blue Doll":16,"Bag of Preparation":26,"Replay:Rubber Ducky":4,"Nunchaku":27,"Matryoshka":1,"PokeGo":5,"PageOfMercenary":11,"Shovel":12,"PageOfQueenBee":20,"reliquary:Buckler":18,"Red Mask":10,"Runic Pyramid":17,"Gremlin Food":15,"ReplayTheSpireMod:Ninjato":14,"PageOfLittleHelper":25,"Odd Mushroom":6,"Orichalcum":22,"MagicMushroom":8,"reliquary:Stiletto":5,"Durian":14,"SalivaCoin":15,"Bottled Lightning":6,"REME_CardOfGreed":12,"GuppysHead":17,"Membership Card":26,"REME_ComplimentaryCards":0},{"PageOfSingingMachine":19,"Bottled Tornado":29,"Sling":84,"HornCleat":5,"reliquary:CitrusReamer":53,"DollysMirror":68,"Strawberry":84,"RingOfDestiny:RingOfSoul":53,"PageOfWizard":64,"REME_ArchaeologicalTools":59,"PageOfApocalypseBird":62,"Void":82,"KeepersGift":0,"Oddly Smooth Stone":64,"War Paint":84,"RingOfDestiny:DemonicContract":0,"SteamSale":0,"reliquary:PorcupineQuills":56,"ForgetMeNow":82,"Bronze Scales":82,"Onion Ring":84,"hubris:PeanutButter":84,"hubris:ToyBattleship":73,"HushsDoor":0,"GuppysTail":44,"Singing Bowl":71,"GuppysPaw":67,"Blue Doll":64,"Bag of Preparation":84,"Replay:Rubber Ducky":14,"Nunchaku":86,"Matryoshka":5,"PokeGo":19,"PageOfMercenary":51,"Shovel":53,"PageOfQueenBee":73,"reliquary:Buckler":68,"Red Mask":48,"Runic Pyramid":67,"Gremlin Food":62,"ReplayTheSpireMod:Ninjato":59,"PageOfLittleHelper":82,"Odd Mushroom":24,"Orichalcum":77,"MagicMushroom":44,"reliquary:Stiletto":19,"Durian":59,"SalivaCoin":62,"Bottled Lightning":24,"REME_CardOfGreed":53,"GuppysHead":67,"Membership Card":84,"REME_ComplimentaryCards":0}]},"card_choices":[{"not_picked":[],"picked":"Bomb","floor":0.0},{"not_picked":["RingOfDestiny:MaliciousSuppress","RingOfDestiny:MaliciousBarrier"],"picked":"RingOfDestiny:TemptingFruits","floor":1.0},{"not_picked":["RingOfDestiny:MemoryBlade","RingOfDestiny:RingOfGreed","RingOfDestiny:SoulAccumulation"],"picked":"SKIP","floor":4.0},{"not_picked":["RingOfDestiny:DemonGovernor","RingOfDestiny:DoomsdayProtection"],"picked":"RingOfDestiny:CrownOfPride","floor":5.0},{"not_picked":["RingOfDestiny:DemonSkin","RingOfDestiny:RingOfGreed"],"picked":"RingOfDestiny:MaskOfSuffering","floor":6.0},{"not_picked":["RingOfDestiny:SummonOfDoomsday","RingOfDestiny:SoulAccumulation"],"picked":"RingOfDestiny:Demonic","floor":8.0},{"not_picked":["RingOfDestiny:EnvyNecklace","RingOfDestiny:GreedySummon"],"picked":"RingOfDestiny:SarcasticSword","floor":14.0},{"not_picked":["RingOfDestiny:DoomsdayBlade","RingOfDestiny:SummonOfDoomsday"],"picked":"RingOfDestiny:GripOfMaster","floor":16.0},{"not_picked":["RingOfDestiny:EndlessDesire","RingOfDestiny:MaliciousSuppress"],"picked":"RingOfDestiny:AbyssOfDesire","floor":18.0},{"not_picked":["RingOfDestiny:RingOfGreed","RingOfDestiny:GreedySummon"],"picked":"RingOfDestiny:DoomsdayMadness+1","floor":20.0},{"not_picked":["RingOfDestiny:CupOfDesire","RingOfDestiny:SoulDiversion","RingOfDestiny:EnvyNecklace"],"picked":"SKIP","floor":21.0},{"not_picked":["RingOfDestiny:MaliciousLeakage+1","RingOfDestiny:EndlessDesire","RingOfDestiny:PowerOfArrogance"],"picked":"SKIP","floor":23.0},{"not_picked":["RingOfDestiny:DoomsdayMadness","RingOfDestiny:PowerOfEnvy+1","RingOfDestiny:LazyCloak"],"picked":"SKIP","floor":25.0},{"not_picked":["RingOfDestiny:MaliciousErode","RingOfDestiny:SummonOfDoomsday"],"picked":"RingOfDestiny:AbyssOfDesire+1","floor":27.0},{"not_picked":["RingOfDestiny:TortureBlade","RingOfDestiny:MaliciousBlade","RingOfDestiny:MaliciousLeakage"],"picked":"SKIP","floor":30.0},{"not_picked":["RingOfDestiny:ConqueringBlade","RingOfDestiny:PowerOfWrath+1"],"picked":"RingOfDestiny:ScepterOfGluttony","floor":33.0},{"not_picked":["RingOfDestiny:TortureBlade","RingOfDestiny:PowerOfArrogance","RingOfDestiny:PowerOfEnvy+1"],"picked":"SKIP","floor":35.0},{"not_picked":["RingOfDestiny:SoulAccumulation+1","RingOfDestiny:PowerOfWrath+1"],"picked":"RingOfDestiny:TemptingFruits+1","floor":40.0},{"not_picked":["RingOfDestiny:MaliciousLeakage+1","RingOfDestiny:MaliciousErode","RingOfDestiny:DoomsdayMeteorite"],"picked":"Singing Bowl","floor":42.0},{"not_picked":["RingOfDestiny:DesireMastery+1","RingOfDestiny:RingOfGreed+1","RingOfDestiny:SoulAccumulation+1"],"picked":"Singing Bowl","floor":45.0},{"not_picked":["RingOfDestiny:MaliciousSword","RingOfDestiny:MaliciousErode+1"],"picked":"RingOfDestiny:VoodooDoll+1","floor":46.0},{"not_picked":["RingOfDestiny:CupOfDesire","RingOfDestiny:MaliciousBarrier"],"picked":"RingOfDestiny:AbyssOfDesire+1","floor":47.0},{"not_picked":["RingOfDestiny:MaliciousRelease","RingOfDestiny:MaliciousFang+1","RingOfDestiny:DoomsdayMeteorite+1"],"picked":"Singing Bowl","floor":48.0},{"not_picked":["RingOfDestiny:MaliciousRelease","RingOfDestiny:DoomsdayProtection+1","RingOfDestiny:DoomsdayMeteorite+1"],"picked":"Singing Bowl","floor":54.0},{"not_picked":["RingOfDestiny:TortureBlade+1","RingOfDestiny:DoomsdayStrike","RingOfDestiny:GreedySummon+1"],"picked":"Singing Bowl","floor":54}],"player_experience":12197,"relics_obtained":[{"floor":6.0,"key":"Replay:Rubber Ducky"},{"floor":8.0,"key":"reliquary:Stiletto"},{"floor":9.0,"key":"PokeGo"},{"floor":9.0,"key":"PageOfSingingMachine"},{"floor":12.0,"key":"Odd Mushroom"},{"floor":14.0,"key":"Bottled Tornado"},{"floor":19.0,"key":"Red Mask"},{"floor":20.0,"key":"PageOfMercenary"},{"floor":23.0,"key":"reliquary:PorcupineQuills"},{"floor":25.0,"key":"Durian"},{"floor":26.0,"key":"REME_ArchaeologicalTools"},{"floor":26.0,"key":"ReplayTheSpireMod:Ninjato"},{"floor":27.0,"key":"Gremlin Food"},{"floor":30.0,"key":"Blue Doll"},{"floor":31.0,"key":"PageOfWizard"},{"floor":32.0,"key":"Oddly Smooth Stone"},{"floor":39.0,"key":"reliquary:Buckler"},{"floor":40.0,"key":"Singing Bowl"},{"floor":42.0,"key":"hubris:ToyBattleship"},{"floor":44.0,"key":"PageOfQueenBee"},{"floor":46.0,"key":"Orichalcum"},{"floor":54.0,"key":"War Paint"},{"floor":54,"key":"Nunchaku"}],"event_choices":[{"damage_healed":0.0,"max_hp_gain":0.0,"max_hp_loss":0.0,"gold_gain":0.0,"event_name":"Scrap Ooze","player_choice":"Success","floor":3.0,"gold_loss":0.0,"damage_taken":12.0,"relics_obtained":["HornCleat"]},{"damage_healed":0.0,"max_hp_gain":5.0,"max_hp_loss":0.0,"gold_gain":0.0,"event_name":"Big Fish","player_choice":"Donut","floor":11.0,"gold_loss":0.0,"damage_taken":0.0},{"damage_healed":0.0,"max_hp_gain":0.0,"max_hp_loss":0.0,"gold_gain":0.0,"event_name":"Mushrooms","player_choice":"Fought Mushrooms","floor":12.0,"gold_loss":0.0,"damage_taken":0.0},{"damage_healed":0.0,"max_hp_gain":0.0,"max_hp_loss":0.0,"gold_gain":0.0,"event_name":"Masked Bandits","player_choice":"Fought Bandits","floor":19.0,"gold_loss":0.0,"damage_taken":0.0},{"damage_healed":0.0,"max_hp_gain":0.0,"max_hp_loss":0.0,"gold_gain":0.0,"event_name":"HidenRoomEvent","player_choice":"Fight","floor":20.0,"gold_loss":0.0,"damage_taken":0.0},{"damage_healed":0.0,"max_hp_gain":0.0,"max_hp_loss":0.0,"gold_gain":222.0,"event_name":"Tomb of Lord Red Mask","player_choice":"Wore Mask","floor":41.0,"gold_loss":0.0,"damage_taken":0.0}],"is_beta":false,"boss_relics":[{"not_picked":["Coffee Dripper","Replay:Bronze Core"],"picked":"MagicMushroom"},{"not_picked":[]},{"not_picked":["SlaversCollar","ChewingGum"],"picked":"Runic Pyramid"},{"not_picked":[]}],"items_purged_floors":[2,17,22,34,36,38,53,53],"is_endless":false,"potions_floor_spawned":[4,6,8,18,20,23,25,33,42,46,48,54],"ascension_level":0}}