{"host":"srk2drlvga69hbot","time":1614041047,"event":{"mods":["AchievementEnabler","BaseMod","Best Route Mod","Bestiary","Block Reminder","Colored Map","Colored Powertips","Curses Come First","Dark Map","DeckTracker","Downfall","Highlight Path","Minty Spire (QoL Compilation)","Quick Restart","Rare Cards Sparkle","Relic Stats","Slay-I","StSLib","SuperFastMode","Unceasing Turn Reminder"],"gold_per_floor":[12,12,12,28,43,43,43,43,68,68,68,43,63,78,78,150,150,164,164,164,184,184,184,109,109,109,123,123,123],"floor_reached":28,"language":"ZHS","playtime":1772,"items_purged":[],"score":371,"play_id":"70a9ffd5-eb24-45c1-95e9-37d05934a204","local_time":"20210223084407","is_ascension_mode":true,"campfire_choices":[{"data":"Rampage","floor":6.0,"key":"SMITH"},{"data":"Bash","floor":8.0,"key":"SMITH"},{"data":"True Grit","floor":11.0,"key":"SMITH"},{"data":"Armaments","floor":15.0,"key":"SMITH"},{"data":"Seeing Red","floor":23,"key":"SMITH"},{"data":"Berserk","floor":25,"key":"SMITH"}],"circlet_count":0,"master_deck":["AscendersBane","Bash+1","Dropkick","True Grit+1","Clash","Iron Wave","Rampage+1","Armaments+1","Seeing Red+1","Berserk+1","Metallicize+1","Body Slam+1","Flame Barrier+1","Clash","Bloodletting","Flex","Spot Weakness"],"relics":["Burning Blood","Kunai","Oddly Smooth Stone","Astrolabe","Self Forming Clay"],"acts_visited":["Exordium","TheCity"],"potions_floor_usage":[16],"damage_taken":[{"damage":8.0,"enemies":"2 Louse","floor":1.0,"turns":3.0},{"damage":0.0,"enemies":"Cultist","floor":4.0,"turns":4.0},{"damage":0.0,"enemies":"Jaw Worm","floor":5.0,"turns":3.0},{"damage":5.0,"enemies":"Blue Slaver","floor":13.0,"turns":4.0},{"damage":0.0,"enemies":"2 Fungi Beasts","floor":14.0,"turns":4.0},{"damage":24,"enemies":"Hexaghost","floor":16,"turns":8},{"damage":0,"enemies":"3 Byrds","floor":18,"turns":1},{"damage":22,"enemies":"2 Thieves","floor":21,"turns":5},{"damage":33,"enemies":"Sentry and Sphere","floor":27,"turns":6},{"damage":17,"enemies":"Centurion and Healer","floor":28,"turns":1}],"seed_played":"6357385671456581592","potions_obtained":[{"floor":1.0,"key":"SteroidPotion"},{"floor":4.0,"key":"Fruit Juice"},{"floor":5.0,"key":"LiquidBronze"}],"is_trial":false,"path_per_floor":["M","?","?","M","M","R","T","R","T","$","R","$","M","M","R","B",null,"M","?","?","M","?","R","?","R","T","M","M"],"character_chosen":"IRONCLAD","items_purchased":["Armaments"],"campfire_rested":0,"item_purchase_floors":[12],"current_hp_per_floor":[66,66,66,77,80,80,80,80,80,80,80,80,80,80,80,62,76,80,80,57,41,41,41,41,41,41,14,0,0],"gold":123,"neow_bonus":"TRANSFORM_TWO_CARDS","is_daily":false,"chose_seed":false,"campfire_upgraded":6,"win_rate":0.0,"timestamp":1614041047,"path_taken":["M","?","?","?","?","R","?","R","T","$","R","?","M","M","R","BOSS","M","?","?","M","?","R","?","R","T","?","M"],"items_purchased_type":["Card"],"build_version":"2020-12-22","purchased_purges":0,"victory":false,"max_hp_per_floor":[75,75,75,80,80,80,80,80,80,80,80,80,80,80,80,80,80,80,80,85,85,85,85,85,85,85,85,85,85],"relic_stats":{"counters":[10,39],"Self Forming Clay":[15],"Astrolabe":["Metallicize","Body Slam","Flame Barrier"],"Kunai":[5],"obtain_stats":[{"Self Forming Clay":26,"Astrolabe":17,"Oddly Smooth Stone":9,"Kunai":7,"Burning Blood":0},{"Self Forming Clay":8,"Astrolabe":6,"Oddly Smooth Stone":3,"Kunai":3,"Burning Blood":0},{"Self Forming Clay":32,"Astrolabe":26,"Oddly Smooth Stone":10,"Kunai":10,"Burning Blood":0}],"Burning Blood":42},"card_choices":[{"not_picked":["Sever Soul","Iron Wave"],"picked":"Clash","floor":1.0},{"not_picked":["Perfected Strike","Dropkick","Flex"],"picked":"SKIP","floor":4.0},{"not_picked":["Disarm","Flex"],"picked":"Rampage","floor":5.0},{"not_picked":["Flex","Cleave","Wild Strike"],"picked":"SKIP","floor":13.0},{"not_picked":["Anger","Perfected Strike"],"picked":"Seeing Red","floor":14.0},{"not_picked":["Bludgeon","Reaper"],"picked":"Berserk","floor":16},{"not_picked":["Thunderclap","Iron Wave+1","Sever Soul"],"picked":"SKIP","floor":18},{"not_picked":["Evolve","Armaments"],"picked":"Clash","floor":21},{"not_picked":["Flame Barrier","Pommel Strike","Whirlwind"],"picked":"SKIP","floor":27}],"player_experience":310637,"relics_obtained":[{"floor":7.0,"key":"Kunai"},{"floor":9.0,"key":"Oddly Smooth Stone"},{"floor":26,"key":"Self Forming Clay"}],"event_choices":[{"damage_healed":0.0,"max_hp_gain":0.0,"max_hp_loss":0.0,"gold_gain":0.0,"cards_transformed":["Strike_R"],"event_name":"Living Wall","player_choice":"Change","floor":2.0,"gold_loss":0.0,"damage_taken":0.0,"cards_obtained":["Iron Wave"]},{"cards_removed":["Defend_R"],"damage_healed":0.0,"max_hp_gain":0.0,"max_hp_loss":0.0,"gold_gain":0.0,"event_name":"Purifier","player_choice":"Purged","floor":3.0,"gold_loss":0.0,"damage_taken":0.0},{"damage_healed":0,"gold_gain":0,"player_choice":"Ignored","damage_taken":0,"max_hp_gain":0,"max_hp_loss":0,"event_name":"Ghosts","floor":19,"gold_loss":0},{"damage_healed":0,"gold_gain":0,"player_choice":"Shed Blood","damage_taken":28,"max_hp_gain":5,"max_hp_loss":0,"event_name":"Forgotten Altar","floor":20,"gold_loss":0},{"damage_healed":0,"gold_gain":0,"player_choice":"Read","damage_taken":0,"max_hp_gain":0,"max_hp_loss":0,"event_name":"The Library","floor":22,"gold_loss":0,"cards_obtained":["Bloodletting"]},{"damage_healed":0,"gold_gain":0,"cards_transformed":["Strike_R","Strike_R"],"player_choice":"Transformed Cards","damage_taken":0,"max_hp_gain":0,"max_hp_loss":0,"event_name":"Designer","floor":24,"gold_loss":75,"cards_obtained":["Flex","Spot Weakness"]}],"is_beta":false,"boss_relics":[{"not_picked":["Mark of Pain","SlaversCollar"],"picked":"Astrolabe"}],"items_purged_floors":[],"is_endless":false,"potions_floor_spawned":[1,4,5],"killed_by":"Centurion and Healer","ascension_level":16}}