{"host":"04hh9gplt9wkfmr1","time":1614109785,"event":{"mods":["AchievementEnabler","BaseMod","Colored Map","KOR Keyword Fix","Minty Spire (QoL Compilation)","Rare Cards Sparkle","SuperFastMode"],"gold_per_floor":[112,112,112,125,136,136,169,179,179,179,195,195,195],"floor_reached":12,"language":"KOR","playtime":371,"items_purged":[],"score":152,"play_id":"dd003ae2-8e43-4490-b5b1-3a1fba955b27","local_time":"20210224044945","is_ascension_mode":true,"campfire_choices":[{"floor":6,"key":"REST"},{"floor":10,"key":"REST"}],"circlet_count":0,"master_deck":["AscendersBane","Strike_G","Strike_G","Strike_G","Strike_G","Defend_G","Defend_G","Defend_G","Defend_G","Defend_G","Survivor","Neutralize","Cloak And Dagger","Terror","Well Laid Plans"],"relics":["Fusion Hammer","Ninja Scroll","Dream Catcher","White Beast Statue"],"acts_visited":["Exordium"],"potions_floor_usage":[12],"damage_taken":[{"damage":0.0,"enemies":"Jaw Worm","floor":1.0,"turns":7.0},{"damage":0.0,"enemies":"2 Louse","floor":4.0,"turns":2.0},{"damage":0.0,"enemies":"Small Slimes","floor":5.0,"turns":2.0},{"damage":44,"enemies":"3 Sentries","floor":7,"turns":17},{"damage":1,"enemies":"2 Fungi Beasts","floor":8,"turns":3},{"damage":3,"enemies":"Blue Slaver","floor":11,"turns":4},{"damage":61,"enemies":"Gremlin Nob","floor":12,"turns":4}],"seed_played":"5443225045180755141","potions_obtained":[{"floor":1.0,"key":"Regen Potion"},{"floor":7,"key":"LiquidMemories"},{"floor":11,"key":"Block Potion"}],"is_trial":false,"path_per_floor":["M","?","?","M","M","R","E","M","T","R","M","E"],"character_chosen":"THE_SILENT","items_purchased":[],"campfire_rested":2,"item_purchase_floors":[],"current_hp_per_floor":[59,52,47,47,47,66,22,21,21,40,37,0,0],"gold":195,"neow_bonus":"BOSS_RELIC","is_daily":false,"chose_seed":false,"campfire_upgraded":0,"win_rate":0.0,"timestamp":1614109785,"path_taken":["M","?","?","M","M","R","E","M","T","R","M","E"],"items_purchased_type":[],"build_version":"2020-12-22","purchased_purges":0,"victory":false,"max_hp_per_floor":[66,66,66,66,66,66,66,66,66,66,66,66,66],"card_choices":[{"not_picked":["Concentrate","Escape Plan"],"picked":"Cloak And Dagger","floor":1.0},{"not_picked":["Flechettes","Deflect"],"picked":"Terror","floor":4.0},{"not_picked":["Tactician","Calculated Gamble","Prepared"],"picked":"SKIP","floor":5.0},{"not_picked":["Deadly Poison","Underhanded Strike","Flechettes"],"picked":"SKIP","floor":7},{"not_picked":["Predator","Catalyst","Blur"],"picked":"SKIP","floor":8},{"not_picked":["Terror","Backstab"],"picked":"Well Laid Plans","floor":10},{"not_picked":["Glass Knife","Backstab","Skewer"],"picked":"SKIP","floor":11}],"player_experience":174046,"relics_obtained":[{"floor":7,"key":"Dream Catcher"},{"floor":9,"key":"White Beast Statue"}],"event_choices":[{"cards_removed":["Strike_G"],"damage_healed":0.0,"max_hp_gain":0.0,"max_hp_loss":0.0,"gold_gain":0.0,"event_name":"Golden Wing","player_choice":"Card Removal","floor":2.0,"gold_loss":0.0,"damage_taken":7.0},{"damage_healed":0.0,"max_hp_gain":0.0,"max_hp_loss":0.0,"gold_gain":0.0,"event_name":"Scrap Ooze","player_choice":"Success","floor":3.0,"gold_loss":0.0,"damage_taken":5.0,"relics_obtained":["Ninja Scroll"]}],"is_beta":false,"boss_relics":[],"items_purged_floors":[],"is_endless":false,"potions_floor_spawned":[1,7,11],"killed_by":"Gremlin Nob","ascension_level":18}}