{"host":"mijx6czmnk03eucy","time":1614085644,"event":{"mods":["A Penny For Your Troubles","Act Like it!","Aspiration","BaseMod","Better Altar","Better Debug","Better Skull","Better Third Choice","Better-Laid Plans","BetterRewards","Bossed Relics","Colored Map","Colored Powertips","Conspire","Curses Come First","Disable Question Mark Monsters","Displayed Cursed Tome","Dota2Spire","Energized Spire","Evolution","Extra Virgin Snecko Oil","Force Act Four","Fox Events","GifTheSpireLib","Googly Eyes","Hubris","Infinite Spire","Jedi Mod","Mimic Mod","Minty Spire (QoL Compilation)","Quick Restart","Rare Cards Sparkle","Relic Filter","Relic Stats","Reliquary","Replay The Spire","Ruina","SacredBarkPlus","Smile Girya","Spicy Shops","Spire Arcade","StS++","StSLib","Stuff the Spire","The Blue Laboratory","Uncapped","Wandering Minibosses","Wide Potions","??????REMEMod"],"gold_per_floor":[119,119,119,174,174,246,246,259,282,313,488,62,62,9,9,106,106,117,117,117,117,17,17,47,47,123,143,172,111,111,169,169,314,314,341,251,251,276,342,394,394,443,469,469,41,80,8,47,47,100],"floor_reached":51,"language":"ENG","playtime":2011,"items_purged":["Doubt","Writhe","Pride"],"score":1360,"play_id":"7e05e632-decd-47b0-9432-0cf57cb160fc","local_time":"20210223130724","is_ascension_mode":true,"campfire_choices":[{"data":"Bash","floor":7.0,"key":"SMITH"},{"data":"conspire:Purge","floor":13.0,"key":"SMITH"},{"data":"REME_ACTH","floor":23.0,"key":"SMITH"},{"data":"REME_Scribble","floor":30,"key":"SMITH"},{"data":"infinitespire:Gouge","floor":41,"key":"SMITH"},{"data":"StuffTheSpire:RockThrow","floor":44,"key":"SMITH"},{"data":"StSpp:Succumb","floor":49,"key":"SMITH"}],"circlet_count":0,"master_deck":["Twin Strike+1","Bash+1","StuffTheSpire:Slingshot+1","REME_Scribble+1","jedi:collectorstrike+1","StSpp:Succumb+1","StuffTheSpire:RockThrow+1","REME_ACTH+1","StSpp:MuscleMemory+1","StuffTheSpire:FreeRealEstate+1","StuffTheSpire:FreeRealEstate+1","infinitespire:Gouge+1","hubris:InfiniteBlow","StSpp:Jab+1","jedi:controlledanger+1"],"relics":["Burning Blood","EVO:Axolotl","REME_ComplimentaryCards","NeowsBlessing","ReplayTheSpireMod:Ring of Challenge","Ring of Fury","reliquary:Buckler","infinitespire:Satchel","StuffTheSpire:Nightcore","infinitespire:Lucky Rock","StuffTheSpire:BottledEssence","Kintsugi","Blue Doll","hubris:IronBody","aspiration:HummingbirdHeart","Vajra","jedi:paperlyon","Dota2Spire:BattleFury","Gremlin Horn","reliquary:Boomerang","Pen Nib","Dota2Spire:BattleFury","Strange Spoon","Lee\u0027s Waffle"],"acts_visited":["Exordium","TheCity","TheBeyond"],"potions_floor_usage":[39,40,42,48,50,50,50],"damage_taken":[{"damage":0.0,"enemies":"2 Louse","floor":1.0,"turns":1.0},{"damage":2.0,"enemies":"Small Slimes","floor":4.0,"turns":1.0},{"damage":0.0,"enemies":"Gremlin Nob","floor":6.0,"turns":1.0},{"damage":22.0,"enemies":"Cultist","floor":8.0,"turns":5.0},{"damage":38.0,"enemies":"3 Sentries","floor":10.0,"turns":5.0},{"damage":26.0,"enemies":"Slime Boss","floor":16.0,"turns":7.0},{"damage":25.0,"enemies":"Spheric Guardian","floor":18.0,"turns":3.0},{"damage":13.0,"enemies":"Gremlin Leader","floor":24.0,"turns":2.0},{"damage":4.0,"enemies":"Shell Parasite","floor":27.0,"turns":1.0},{"damage":16,"enemies":"Book of Stabbing","floor":28,"turns":2},{"damage":6,"enemies":"Gremlin Leader","floor":31,"turns":2},{"damage":10,"enemies":"Champ","floor":33,"turns":3},{"damage":14,"enemies":"Orb Walker","floor":35,"turns":2},{"damage":12,"enemies":"3 Shapes","floor":38,"turns":2},{"damage":30,"enemies":"Sphere and 2 Shapes","floor":39,"turns":1},{"damage":6,"enemies":"Nemesis","floor":40,"turns":1},{"damage":6,"enemies":"R_Hoarder","floor":42,"turns":4},{"damage":3,"enemies":"Maw","floor":46,"turns":2},{"damage":3,"enemies":"3 Darklings","floor":48,"turns":1},{"damage":6,"enemies":"Donu and Deca","floor":50,"turns":1}],"seed_played":"831491606727200883","potions_obtained":[{"floor":1.0,"key":"blueLaboratory:AbyssPotion"},{"floor":4.0,"key":"Dota2Spire:HealingSalve"},{"floor":8.0,"key":"Elixir"},{"floor":16.0,"key":"blueLaboratory:BottleOfRum"},{"floor":24.0,"key":"Strength Potion"},{"floor":31,"key":"DistilledChaos"},{"floor":33,"key":"blueLaboratory:FrostheartPotion"},{"floor":35,"key":"FearPotion"},{"floor":42,"key":"StSpp:ScatteredWeakPotion"},{"floor":46,"key":"Weak Potion"}],"is_trial":false,"path_per_floor":["M","?","?","M","?","E","R","M","T","E","?","$","R","$","R_BF","B",null,"M","?","?","?","$","R","E","$","T","M","E","$","R","E","R_BF","B",null,"M","?","AVR","M","M","E","R","E","T","R","$","M","$","M","R","B",null],"character_chosen":"IRONCLAD","items_purchased":["infinitespire:Lucky Rock","StuffTheSpire:BottledEssence","StSpp:Succumb","StuffTheSpire:RockThrow","StuffTheSpire:FreeRealEstate","Dota2Spire:BattleFury","Strange Spoon","Lee\u0027s Waffle"],"campfire_rested":0,"item_purchase_floors":[12,12,12,14,29,45,45,47],"current_hp_per_floor":[78,78,78,80,80,80,80,75,75,45,45,45,45,45,70,54,80,65,65,65,65,65,65,66,66,66,72,66,66,66,72,106,108,117,118,118,118,115,97,103,103,109,109,109,109,115,160,163,163,169],"gold":100,"neow_bonus":"THREE_ENEMY_KILL","is_daily":false,"chose_seed":false,"campfire_upgraded":7,"win_rate":0.0,"timestamp":1614085644,"path_taken":["M","?","?","M","?","E","R","?","T","E","?","$","R","?","R_BF","BOSS","M","?","?","?","$","R","E","?","T","?","E","$","R","E","R_BF","BOSS","M","?","AVR","M","M","E","R","E","T","R","$","?","?","M","R","BOSS"],"items_purchased_type":["Relic","Relic","Card","Card","Card","Relic","Relic","Relic"],"build_version":"2020-12-22","purchased_purges":3,"victory":true,"max_hp_per_floor":[80,80,80,80,80,80,80,82,82,84,84,84,84,84,84,88,88,92,92,92,92,92,92,100,100,100,104,108,108,108,114,114,120,120,129,129,129,132,138,144,144,150,150,150,150,153,160,163,163,169],"relic_stats":{"Strange Spoon":[9],"Lee\u0027s Waffle":45,"Gremlin Horn":[3,3],"counters":[20,47],"Pen Nib":[3],"obtain_stats":[{"Lee\u0027s Waffle":47,"reliquary:Boomerang":42,"NeowsBlessing":0,"Gremlin Horn":40,"Vajra":31,"Blue Doll":24,"StuffTheSpire:BottledEssence":12,"Dota2Spire:BattleFury":37,"Pen Nib":43,"aspiration:HummingbirdHeart":28,"EVO:Axolotl":0,"infinitespire:Lucky Rock":12,"Burning Blood":0,"Strange Spoon":45,"jedi:paperlyon":34,"infinitespire:Satchel":9,"Ring of Fury":3,"reliquary:Buckler":6,"hubris:IronBody":26,"StuffTheSpire:Nightcore":10,"ReplayTheSpireMod:Ring of Challenge":3,"Kintsugi":17,"REME_ComplimentaryCards":0},{"Lee\u0027s Waffle":18,"reliquary:Boomerang":17,"NeowsBlessing":0,"Gremlin Horn":16,"Vajra":11,"Blue Doll":8,"StuffTheSpire:BottledEssence":5,"Dota2Spire:BattleFury":13,"Pen Nib":17,"aspiration:HummingbirdHeart":10,"EVO:Axolotl":0,"infinitespire:Lucky Rock":5,"Burning Blood":0,"Strange Spoon":17,"jedi:paperlyon":12,"infinitespire:Satchel":4,"Ring of Fury":1,"reliquary:Buckler":3,"hubris:IronBody":8,"StuffTheSpire:Nightcore":5,"ReplayTheSpireMod:Ring of Challenge":1,"Kintsugi":6,"REME_ComplimentaryCards":0},{"Lee\u0027s Waffle":45,"reliquary:Boomerang":43,"NeowsBlessing":0,"Gremlin Horn":39,"Vajra":30,"Blue Doll":25,"StuffTheSpire:BottledEssence":13,"Dota2Spire:BattleFury":35,"Pen Nib":43,"aspiration:HummingbirdHeart":28,"EVO:Axolotl":0,"infinitespire:Lucky Rock":13,"Burning Blood":0,"Strange Spoon":43,"jedi:paperlyon":33,"infinitespire:Satchel":8,"Ring of Fury":1,"reliquary:Buckler":3,"hubris:IronBody":25,"StuffTheSpire:Nightcore":13,"ReplayTheSpireMod:Ring of Challenge":1,"Kintsugi":20,"REME_ComplimentaryCards":0}],"Burning Blood":109},"card_choices":[{"not_picked":["Ghostly Armor","jedi:fear"],"picked":"StuffTheSpire:Slingshot","floor":1.0},{"not_picked":["Headbutt","Sword Boomerang"],"picked":"REME_FearOfPain","floor":4.0},{"not_picked":["StSpp:Jab","Flame Barrier"],"picked":"REME_Scribble","floor":6.0},{"not_picked":["StuffTheSpire:Incineration","Body Slam"],"picked":"jedi:collectorstrike","floor":8.0},{"not_picked":["hubris:CleavingFinish","StuffTheSpire:Incineration"],"picked":"conspire:Purge","floor":10.0},{"not_picked":["jedi:collectorstrike+1","Brutality"],"picked":"REME_ACTH","floor":16.0},{"not_picked":["Reckless Charge","Pommel Strike"],"picked":"StSpp:MuscleMemory+1","floor":18.0},{"not_picked":["Defy Death","Bloodletting","Wild Strike"],"picked":"SKIP","floor":24.0},{"not_picked":["Cleave","Blood for Blood"],"picked":"jedi:collectorstrike+1","floor":27.0},{"not_picked":["Blood for Blood","Entrench","conspire:Charge"],"picked":"SKIP","floor":28},{"not_picked":["Pommel Strike","Clash","Ghostly Armor"],"picked":"SKIP","floor":31},{"not_picked":["Pummel+1","Life Link","Cleave+1"],"picked":"SKIP","floor":35},{"not_picked":["Pummel","Twin Strike","Clothesline+1"],"picked":"SKIP","floor":38},{"not_picked":["Havoc","Wild Strike"],"picked":"StSpp:Jab+1","floor":39},{"not_picked":["Sentinel","jedi:collectorstrike+1"],"picked":"jedi:controlledanger+1","floor":40},{"not_picked":["jedi:fear","jedi:bloodyhammer","Second Wind+1"],"picked":"SKIP","floor":42},{"not_picked":["Thunderclap","StSpp:Jab"],"picked":"jedi:collectorstrike+1","floor":46},{"not_picked":["Feel No Pain+1","Rupture"],"picked":"jedi:collectorstrike+1","floor":48}],"player_experience":782445,"relics_obtained":[{"floor":3.0,"key":"ReplayTheSpireMod:Ring of Challenge"},{"floor":3.0,"key":"Ring of Fury"},{"floor":6.0,"key":"reliquary:Buckler"},{"floor":9.0,"key":"infinitespire:Satchel"},{"floor":10.0,"key":"StuffTheSpire:Nightcore"},{"floor":24.0,"key":"Blue Doll"},{"floor":26.0,"key":"hubris:IronBody"},{"floor":28,"key":"aspiration:HummingbirdHeart"},{"floor":31,"key":"Vajra"},{"floor":40,"key":"Gremlin Horn"},{"floor":42,"key":"reliquary:Boomerang"},{"floor":43,"key":"Pen Nib"}],"event_choices":[{"damage_healed":0.0,"max_hp_gain":0.0,"max_hp_loss":0.0,"gold_gain":0.0,"event_name":"Upgrade Shrine","player_choice":"Upgraded","floor":5.0,"gold_loss":0.0,"damage_taken":0.0,"cards_upgraded":["StuffTheSpire:Slingshot"]},{"damage_healed":0.0,"max_hp_gain":0.0,"max_hp_loss":0.0,"gold_gain":175.0,"event_name":"betterThird:BetterSerpent","player_choice":"AGREE","floor":11.0,"gold_loss":0.0,"damage_taken":313.0},{"damage_healed":0.0,"max_hp_gain":0.0,"max_hp_loss":0.0,"gold_gain":0.0,"event_name":"Vampires","player_choice":"Ignored","floor":19.0,"gold_loss":0.0,"damage_taken":0.0},{"damage_healed":0.0,"max_hp_gain":0.0,"max_hp_loss":0.0,"gold_gain":0.0,"event_name":"conspire:Investor","player_choice":"Leave","floor":20.0,"gold_loss":0.0,"damage_taken":0.0},{"cards_removed":["conspire:Purge"],"damage_healed":0,"gold_gain":0,"player_choice":"Upgrade and Remove","damage_taken":0,"max_hp_gain":0,"max_hp_loss":0,"event_name":"Designer","floor":36,"gold_loss":90,"cards_upgraded":["StuffTheSpire:FreeRealEstate"]}],"is_beta":false,"boss_relics":[{"not_picked":["energizedSpire:EnergizedDie","Mark of Pain"],"picked":"Kintsugi"},{"not_picked":["energizedSpire:NeverEndingSparkler","REME_ChargedStone"],"picked":"jedi:paperlyon"}],"items_purged_floors":[12,22,45],"is_endless":false,"potions_floor_spawned":[1,4,8,16,24,31,33,35,42,46],"ascension_level":7}}