{"host":"f5n4tidiz2n5sooh","time":1614049121,"event":{"mods":["BaseMod","Colored Map","Minty Spire (QoL Compilation)","Relic Stats","StSLib"],"gold_per_floor":[117,22,22,37,37,37,63,121,121,121,153,173,11,38,38,112,112,126,216,233,64,64,64,75,75,75],"floor_reached":25,"language":"ENG","playtime":981,"items_purged":[],"score":484,"play_id":"4e30b7a2-6d1a-4256-866a-d6c989cdd987","local_time":"20210222205841","is_ascension_mode":true,"campfire_choices":[{"data":"Well Laid Plans","floor":6,"key":"SMITH"},{"floor":10,"key":"REST"},{"data":"Riddle With Holes","floor":15,"key":"SMITH"},{"floor":23,"key":"REST"}],"circlet_count":0,"master_deck":["AscendersBane","Strike_G","Strike_G","Defend_G","Defend_G","Defend_G","Defend_G","Defend_G","Survivor","Neutralize","Bane","Blade Dance+1","Well Laid Plans+1","Dagger Throw+1","Riddle With Holes+1","PiercingWail","PiercingWail","Die Die Die","Distraction+1","Flying Knee+1","Flechettes+1","PiercingWail+1"],"relics":["Ring of the Snake","NeowsBlessing","MealTicket","Regal Pillow","Pantograph","Pear","Lantern","TwistedFunnel","Omamori","Astrolabe","Bag of Preparation"],"acts_visited":["Exordium","TheCity"],"potions_floor_usage":[8,8,8,8],"damage_taken":[{"damage":0,"enemies":"Jaw Worm","floor":1,"turns":1},{"damage":0,"enemies":"Small Slimes","floor":4,"turns":1},{"damage":0,"enemies":"Lagavulin","floor":7,"turns":1},{"damage":7,"enemies":"Gremlin Nob","floor":8,"turns":4},{"damage":36,"enemies":"Gremlin Nob","floor":11,"turns":4},{"damage":0,"enemies":"2 Louse","floor":12,"turns":2},{"damage":15,"enemies":"3 Sentries","floor":14,"turns":8},{"damage":40,"enemies":"Hexaghost","floor":16,"turns":12},{"damage":28,"enemies":"Spheric Guardian","floor":18,"turns":4},{"damage":10,"enemies":"3 Byrds","floor":20,"turns":4},{"damage":51,"enemies":"Cultist and Chosen","floor":24,"turns":8},{"damage":14,"enemies":"Slavers","floor":25,"turns":2}],"seed_played":"2475209766540735460","potions_obtained":[{"floor":4,"key":"EntropicBrew"},{"floor":7,"key":"BlessingOfTheForge"}],"is_trial":false,"path_per_floor":["M","$","?","M","?","R","E","?","T","R","E","M","$","E","R","B",null,"M","?","M","$","T","R","M","E"],"character_chosen":"THE_SILENT","items_purchased":["Blade Dance","Well Laid Plans","TwistedFunnel","Bag of Preparation"],"campfire_rested":2,"item_purchase_floors":[2,2,13,21],"current_hp_per_floor":[59,59,33,33,13,13,13,18,28,65,29,29,44,29,29,14,61,33,21,11,26,26,63,12,0,0],"gold":75,"neow_bonus":"THREE_ENEMY_KILL","is_daily":false,"chose_seed":false,"campfire_upgraded":2,"win_rate":0.0,"timestamp":1614049121,"path_taken":["M","$","?","M","?","R","E","?","T","R","E","?","?","E","R","BOSS","M","?","?","$","?","R","?","E"],"items_purchased_type":["Card","Card","Relic","Relic"],"build_version":"2020-12-22","purchased_purges":0,"victory":false,"max_hp_per_floor":[66,66,66,66,66,66,66,66,76,76,76,76,76,76,76,76,76,76,76,76,76,76,76,76,76,76],"relic_stats":{"Regal Pillow":30,"counters":[12,51],"Pantograph":25,"Astrolabe":["Distraction","Flying Knee","Flechettes"],"MealTicket":30,"Bag of Preparation":[4],"obtain_stats":[{"TwistedFunnel":13,"Regal Pillow":7,"Lantern":11,"Pear":9,"NeowsBlessing":0,"Pantograph":8,"Astrolabe":17,"MealTicket":3,"Omamori":14,"Bag of Preparation":21,"Ring of the Snake":0},{"TwistedFunnel":6,"Regal Pillow":3,"Lantern":5,"Pear":4,"NeowsBlessing":0,"Pantograph":4,"Astrolabe":8,"MealTicket":1,"Omamori":7,"Bag of Preparation":10,"Ring of the Snake":0},{"TwistedFunnel":13,"Regal Pillow":3,"Lantern":11,"Pear":7,"NeowsBlessing":0,"Pantograph":7,"Astrolabe":33,"MealTicket":1,"Omamori":21,"Bag of Preparation":41,"Ring of the Snake":0}],"Ring of the Snake":[24]},"card_choices":[{"not_picked":["Underhanded Strike","Deflect"],"picked":"Bane","floor":1},{"not_picked":["Dodge and Roll","Acrobatics"],"picked":"Dagger Throw","floor":4},{"not_picked":["Acrobatics","Bane"],"picked":"Riddle With Holes","floor":7},{"not_picked":["Dodge and Roll","Outmaneuver"],"picked":"PiercingWail","floor":11},{"not_picked":["Dagger Spray","Bane","Dodge and Roll"],"picked":"SKIP","floor":12},{"not_picked":["Heel Hook","Sucker Punch"],"picked":"PiercingWail","floor":14},{"not_picked":["Storm of Steel","Night Terror"],"picked":"Die Die Die","floor":16},{"not_picked":["Endless Agony","PiercingWail","Poisoned Stab"],"picked":"SKIP","floor":18},{"not_picked":["Deadly Poison","Dodge and Roll","Flying Knee"],"picked":"SKIP","floor":20},{"not_picked":["All Out Attack","Poisoned Stab+1"],"picked":"PiercingWail+1","floor":24}],"player_experience":2077862,"relics_obtained":[{"floor":7,"key":"Regal Pillow"},{"floor":8,"key":"Pantograph"},{"floor":9,"key":"Pear"},{"floor":11,"key":"Lantern"},{"floor":14,"key":"Omamori"}],"event_choices":[{"damage_healed":0,"gold_gain":0,"player_choice":"Success","damage_taken":26,"relics_obtained":["MealTicket"],"max_hp_gain":0,"max_hp_loss":0,"event_name":"Scrap Ooze","floor":3,"gold_loss":0},{"damage_healed":0,"gold_gain":0,"player_choice":"Entered Light","damage_taken":20,"max_hp_gain":0,"max_hp_loss":0,"event_name":"Shining Light","floor":5,"gold_loss":0,"cards_upgraded":["Dagger Throw","Blade Dance"]},{"damage_healed":0,"gold_gain":0,"player_choice":"Searched \u00271\u0027 times","damage_taken":0,"max_hp_gain":0,"max_hp_loss":0,"event_name":"Dead Adventurer","floor":8,"gold_loss":0},{"damage_healed":0,"gold_gain":90,"player_choice":"GOLD ","damage_taken":12,"max_hp_gain":0,"max_hp_loss":0,"event_name":"Knowing Skull","floor":19,"potions_obtained":[],"gold_loss":0,"cards_obtained":[]}],"is_beta":false,"boss_relics":[{"not_picked":["Runic Dome","Fusion Hammer"],"picked":"Astrolabe"}],"items_purged_floors":[],"is_endless":false,"potions_floor_spawned":[4,7],"killed_by":"Slavers","ascension_level":20}}