{"host":"h3ogdo6no3ehk88q","time":1614096032,"event":{"mods":["AchievementEnabler","BaseMod","Minty Spire (QoL Compilation)","StSLib","SuperFastMode"],"gold_per_floor":[210,107,107,67,67,67,67,81,101,101,147,75,92,421,436,436,446,36,36,137,137,150,225,238,238,238,238],"floor_reached":26,"language":"ENG","playtime":446,"items_purged":["Strike_B"],"score":373,"play_id":"6770154d-3cf4-4051-a7ac-5c4970695f6c","local_time":"20210223110032","is_ascension_mode":true,"campfire_choices":[{"floor":7,"key":"REST"},{"data":"White Noise","floor":10,"key":"SMITH"},{"data":"Defragment","floor":16,"key":"SMITH"},{"data":"Loop","floor":19,"key":"SMITH"}],"circlet_count":0,"master_deck":["AscendersBane","Strike_B","Strike_B+1","Strike_B","Defend_B","Defend_B","Defend_B+1","Defend_B","Zap","Dualcast","Self Repair","Conserve Battery","White Noise+1","Doom and Gloom","Ball Lightning","Defragment+1","Loop+1","Multi-Cast","Cold Snap","Genetic Algorithm"],"relics":["Cracked Core","Juzu Bracelet","Anchor","Old Coin","InkBottle","Inserter"],"acts_visited":["Exordium","TheCity"],"potions_floor_usage":[24,25],"damage_taken":[{"damage":15,"enemies":"2 Louse","floor":1,"turns":3},{"damage":1,"enemies":"Cultist","floor":8,"turns":3},{"damage":0,"enemies":"Small Slimes","floor":9,"turns":3},{"damage":6,"enemies":"Exordium Thugs","floor":13,"turns":3},{"damage":20,"enemies":"Lagavulin","floor":14,"turns":7},{"damage":1,"enemies":"2 Fungi Beasts","floor":15,"turns":3},{"damage":0,"enemies":"Red Slaver","floor":17,"turns":2},{"damage":38,"enemies":"Hexaghost","floor":20,"turns":8},{"damage":24,"enemies":"3 Byrds","floor":22,"turns":4},{"damage":27,"enemies":"2 Thieves","floor":24,"turns":3},{"damage":0,"enemies":"Snake Plant","floor":25,"turns":1},{"damage":21,"enemies":"3 Cultists","floor":26,"turns":3}],"seed_played":"4663529402736762700","potions_obtained":[{"floor":8,"key":"FearPotion"},{"floor":9,"key":"Fire Potion"},{"floor":24,"key":"SmokeBomb"}],"is_trial":false,"path_per_floor":["M","?","?","$","?","$","R","M","M","R","T","$","M","E","M","R","M","$","R","B",null,"M","?","M","M","M"],"character_chosen":"DEFECT","items_purchased":["Self Repair","Doom and Gloom","InkBottle","Loop"],"campfire_rested":1,"item_purchase_floors":[4,12,18,18],"current_hp_per_floor":[53,53,53,53,38,38,60,66,73,73,73,73,75,62,61,61,68,68,68,37,66,42,35,15,15,0,0],"gold":238,"neow_bonus":"HUNDRED_GOLD","is_daily":false,"chose_seed":false,"campfire_upgraded":3,"win_rate":0.0,"timestamp":1614096032,"path_taken":["M","?","?","$","?","$","R","M","M","R","T","?","M","E","M","R","M","$","R","BOSS","M","?","M","M","M"],"items_purchased_type":["Card","Card","Relic","Card"],"build_version":"2020-12-22","purchased_purges":1,"victory":false,"max_hp_per_floor":[75,75,75,75,75,75,75,75,75,75,75,75,75,75,75,75,75,75,75,75,75,75,75,75,75,75,75],"card_choices":[{"not_picked":["Steam","Turbo","Aggregate"],"picked":"SKIP","floor":1},{"not_picked":["Reinforced Body","Fusion"],"picked":"Conserve Battery","floor":8},{"not_picked":["Beam Cell","Streamline"],"picked":"White Noise","floor":9},{"not_picked":["Gash","Hologram"],"picked":"Ball Lightning","floor":13},{"not_picked":["White Noise","Steam"],"picked":"Defragment","floor":14},{"not_picked":["Force Field","Compile Driver","Undo"],"picked":"SKIP","floor":15},{"not_picked":["Sweeping Beam","Beam Cell","Hello World"],"picked":"SKIP","floor":17},{"not_picked":["Biased Cognition","Amplify"],"picked":"Multi-Cast","floor":20},{"not_picked":["Capacitor","Sweeping Beam"],"picked":"Cold Snap","floor":22},{"not_picked":["Blizzard","Ball Lightning"],"picked":"Genetic Algorithm","floor":24}],"player_experience":882109,"relics_obtained":[{"floor":11,"key":"Anchor"},{"floor":14,"key":"Old Coin"}],"event_choices":[{"damage_healed":0,"gold_gain":0,"player_choice":"Paid Gold","damage_taken":0,"relics_obtained":["Juzu Bracelet"],"max_hp_gain":0,"max_hp_loss":0,"event_name":"WeMeetAgain","floor":2,"gold_loss":103},{"damage_healed":0,"gold_gain":0,"player_choice":"Leave","damage_taken":0,"max_hp_gain":0,"max_hp_loss":0,"event_name":"The Cleric","floor":3,"gold_loss":0},{"damage_healed":0,"gold_gain":0,"player_choice":"Entered Light","damage_taken":15,"max_hp_gain":0,"max_hp_loss":0,"event_name":"Shining Light","floor":5,"gold_loss":0,"cards_upgraded":["Defend_B","Strike_B"]},{"damage_healed":0,"gold_gain":75,"player_choice":"Touch","damage_taken":7,"max_hp_gain":0,"max_hp_loss":0,"event_name":"FaceTrader","floor":23,"gold_loss":0}],"is_beta":false,"boss_relics":[{"not_picked":["Black Star","Nuclear Battery"],"picked":"Inserter"}],"items_purged_floors":[18],"is_endless":false,"potions_floor_spawned":[8,9,14,24],"killed_by":"3 Cultists","ascension_level":12}}