{"host":"72n3jwtrlpjobydj","time":1614046417,"event":{"mods":["AchievementEnabler","Act Like it!","Arknights","BaseMod","CapriCore","DeckTracker","Hermit","Koishi","Lobotomy","Marisa£¨Ùöéë¡¡Øª×âÞÞ£©","Minty Spire (QoL Compilation)","Permanent Neow","StSLib","SuperFastMode","The Cursed","The Gatherer","The Hierophant","The Immortal"],"gold_per_floor":[112,132,151,171,181,181,196,196,222,242,242,261,275,23,23,128,128,145,145,165,177,189,218,218,218,241,241,261,274,294,145,145,145,145],"floor_reached":33,"language":"KOR","playtime":890,"items_purged":[],"score":267,"play_id":"7f9e7c3e-ff88-4b9d-8347-7dcd66709800","local_time":"20210223111337","is_ascension_mode":false,"campfire_choices":[{"data":"Koishi:GhostParty","floor":6,"key":"SMITH"},{"floor":8,"key":"RECALL"},{"floor":15,"key":"REST"},{"floor":25,"key":"REST"},{"floor":27,"key":"REST"},{"data":"Koishi:HeartAttack","floor":32,"key":"SMITH"}],"circlet_count":0,"master_deck":["Koishi:BasicStrike","Koishi:BasicStrike","Koishi:BasicStrike","Koishi:BasicStrike","Koishi:BasicDefend","Koishi:BasicDefend","Koishi:BasicDefend","Koishi:BasicDefend","Koishi:Provoke","Koishi:HauntingSlash","Koishi:HeartAttack+1","Koishi:GhostParty+1","Koishi:SubconsciousSweep","Koishi:UnconsciousUprising+1","Koishi:HeartAttack","Koishi:SprinkleStarAndHeart","Koishi:SubterraneanRose","Koishi:FreudianInstinct+1","Koishi:IdleWhim","Koishi:UnconsciousUprising"],"relics":["Koishi:ImaginaryFriend","Koishi:BloodstainedWhiteRose","Bottled Lightning","SacredBark","HornCleat","Bronze Scales"],"acts_visited":["Exordium","TheCity"],"potions_floor_usage":[12,12,16,23,29,33,33],"damage_taken":[{"damage":2,"enemies":"Cultist","floor":1,"turns":5},{"damage":0,"enemies":"2 Louse","floor":2,"turns":2},{"damage":0,"enemies":"Small Slimes","floor":3,"turns":3},{"damage":4,"enemies":"Blue Slaver","floor":4,"turns":6},{"damage":0,"enemies":"Gremlin Gang","floor":5,"turns":7},{"damage":0,"enemies":"Large Slime","floor":7,"turns":5},{"damage":0,"enemies":"Looter","floor":10,"turns":2},{"damage":25,"enemies":"Gremlin Gang","floor":12,"turns":3},{"damage":4,"enemies":"Exordium Wildlife","floor":13,"turns":4},{"damage":66,"enemies":"The Guardian","floor":16,"turns":16},{"damage":3,"enemies":"Chosen","floor":18,"turns":7},{"damage":20,"enemies":"2 Thieves","floor":20,"turns":4},{"damage":18,"enemies":"Shelled Parasite and Fungi","floor":21,"turns":8},{"damage":33,"enemies":"Sentry and Sphere","floor":22,"turns":9},{"damage":2,"enemies":"Book of Stabbing","floor":23,"turns":6},{"damage":12,"enemies":"Snake Plant","floor":28,"turns":5},{"damage":0,"enemies":"3 Cultists","floor":29,"turns":4},{"damage":0,"enemies":"Centurion and Healer","floor":30,"turns":6},{"damage":71,"enemies":"Automaton","floor":33,"turns":12}],"seed_played":"1493716420366517820","potions_obtained":[{"floor":1,"key":"DuplicationPotion"},{"floor":3,"key":"AttackPotion"},{"floor":5,"key":"LiquidBronze"},{"floor":16,"key":"SneckoOil"},{"floor":22,"key":"GamblersBrew"},{"floor":28,"key":"SteroidPotion"},{"floor":29,"key":"BlessingOfTheForge"}],"is_trial":false,"path_per_floor":["M","M","M","M","M","R","M","R","T","M","?","M","M","$","R","B",null,"M","?","M","M","M","E","?","R","T","R","M","M","M","$","R","B"],"character_chosen":"KOISHI","items_purchased":["Bottled Lightning","Bronze Scales"],"campfire_rested":3,"item_purchase_floors":[14,31],"current_hp_per_floor":[66,66,66,64,66,66,66,66,66,66,71,46,46,46,67,10,71,71,71,55,41,9,10,33,54,54,71,63,66,71,71,71,0,0],"gold":145,"neow_bonus":"TEN_PERCENT_HP_BONUS","is_daily":false,"chose_seed":false,"campfire_upgraded":2,"win_rate":0.0,"timestamp":1614046417,"path_taken":["M","M","?","M","M","R","M","R","T","?","?","M","M","$","R","BOSS","M","?","M","M","?","E","?","R","T","R","M","M","M","$","R","BOSS"],"items_purchased_type":["Relic","Relic"],"build_version":"2020-12-22","purchased_purges":0,"victory":false,"max_hp_per_floor":[66,66,66,66,66,66,66,66,66,66,71,71,71,71,71,71,71,71,71,71,71,71,71,71,71,71,71,71,71,71,71,71,71,71],"card_choices":[{"not_picked":["Koishi:TremblingHands","Koishi:CatchAndRose"],"picked":"Koishi:HeartAttack","floor":1},{"not_picked":["Koishi:UnconsciousUrges","Koishi:Untouchable"],"picked":"Koishi:GhostParty","floor":2},{"not_picked":["Koishi:TremblingHands","Koishi:HeartfeltFancy","Koishi:EmbryosDream"],"picked":"SKIP","floor":3},{"not_picked":["Koishi:PredatoryInstincts","Koishi:JumpScare","Koishi:StrangeCloudFist"],"picked":"SKIP","floor":4},{"not_picked":["Koishi:TremblingHands","Koishi:SpiritedAway"],"picked":"Koishi:SubconsciousSweep","floor":5},{"not_picked":["Koishi:BloodcurdlingScream","Koishi:DreadfulBlow","Koishi:PredatoryInstincts"],"picked":"SKIP","floor":7},{"not_picked":["Koishi:Bloodlust","Koishi:PhilosophyOfTheDespised","Koishi:Jaunt"],"picked":"SKIP","floor":10},{"not_picked":["Koishi:PhantomStrike","Koishi:ApparitionsStalkTheNight","Koishi:RacingHeart"],"picked":"SKIP","floor":12},{"not_picked":["Koishi:RuptureMind","Koishi:DreadfulBlow","Koishi:RacingHeart"],"picked":"SKIP","floor":13},{"not_picked":["Koishi:DNAsFlaw","Koishi:PhantomBarrier"],"picked":"Koishi:UnconsciousUprising+1","floor":18},{"not_picked":["Koishi:ParalyzingFear","Koishi:PhantomBarrier"],"picked":"Koishi:SprinkleStarAndHeart","floor":20},{"not_picked":["Koishi:UnconsciousUrges+1","Koishi:PredatoryInstincts"],"picked":"Koishi:SubterraneanRose","floor":21},{"not_picked":["Koishi:HeartfeltFancy","Koishi:Jaunt","Koishi:HeartAttack"],"picked":"SKIP","floor":22},{"not_picked":["Koishi:RacingHeart","Koishi:DNAsFlaw"],"picked":"Koishi:FreudianInstinct+1","floor":23},{"not_picked":["Koishi:StingingMind","Koishi:PhantomStrike+1"],"picked":"Koishi:IdleWhim","floor":28},{"not_picked":["Koishi:Possession+1","Koishi:HeartAttack","Koishi:RoseHell"],"picked":"SKIP","floor":29},{"not_picked":["Koishi:DanmakuParanoia","Koishi:Bloodlust"],"picked":"Koishi:UnconsciousUprising","floor":30}],"player_experience":126946,"relics_obtained":[{"floor":9,"key":"Koishi:BloodstainedWhiteRose"},{"floor":23,"key":"HornCleat"}],"event_choices":[{"damage_healed":0,"gold_gain":0,"player_choice":"Donut","damage_taken":0,"max_hp_gain":5,"max_hp_loss":0,"event_name":"Big Fish","floor":11,"gold_loss":0},{"damage_healed":0,"gold_gain":0,"player_choice":"Copied","damage_taken":0,"max_hp_gain":0,"max_hp_loss":0,"event_name":"Duplicator","floor":19,"gold_loss":0,"cards_obtained":["Koishi:HeartAttack"]},{"damage_healed":23,"gold_gain":0,"player_choice":"Heal","damage_taken":0,"max_hp_gain":0,"max_hp_loss":0,"event_name":"The Library","floor":24,"gold_loss":0}],"is_beta":false,"boss_relics":[{"not_picked":["Runic Pyramid","Ectoplasm"],"picked":"SacredBark"}],"items_purged_floors":[],"is_endless":false,"potions_floor_spawned":[1,3,5,7,16,22,28,29],"killed_by":"Automaton","ascension_level":0}}