{"host":"juo1mu1of3wqwv1b","time":1614120282,"event":{"mods":["AchievementEnabler","BaseMod","BetterRewards","Colored Powertips","Custom Start","Downfall","Hermit","Infinite Spire","Koishi","Marisa????????","Minty Spire (QoL Compilation)","Replay The Spire","StSLib","The Administrix","The Construct","The Cursed","The Disciple","The Hierophant","The Servant 0.9.4"],"gold_per_floor":[111,111,111,126,126,126,155,155,178,57,74,93,93,107,107,210,210,228,33,33,44,44,44,70,94,106,146,158,183,195,242,254,371,383,413,425,450,462,474,38,38,68,68,68,81,81,111,128,128,128,128],"floor_reached":50,"language":"ENG","playtime":2882,"items_purged":["Koishi:BasicStrike","downfall:Aged","Koishi:BasicStrike","Koishi:BasicStrike","Koishi:BasicDefend"],"score":636,"play_id":"2e898416-1fa9-4669-935a-6ae4591e537e","local_time":"20210224014442","is_ascension_mode":true,"campfire_choices":[{"data":"Koishi:FadingMemory","floor":6.0,"key":"SMITH"},{"data":"Koishi:HauntingSlash","floor":8.0,"key":"SMITH"},{"data":"Koishi:PredatoryInstincts","floor":13.0,"key":"SMITH"},{"data":"Streamline","floor":15.0,"key":"SMITH"},{"floor":23.0,"key":"RECALL"},{"floor":30.0,"key":"REST"},{"data":"1","floor":32.0,"key":"LIFT"},{"data":"2","floor":41.0,"key":"LIFT"},{"data":"3","floor":46.0,"key":"LIFT"}],"circlet_count":0,"master_deck":["Koishi:BasicDefend","Koishi:BasicDefend","Koishi:HauntingSlash+1","Koishi:Possession","Streamline+1","Koishi:FadingMemory+1","FTL+1","Koishi:PredatoryInstincts+1","CutThroughFate+1","Streamline+1","infinitespire:NeuralNetwork","PathToVictory","Ragnarok","MilkyWay","infinitespire:FutureSight","Magnetism","Apotheosis","Rampage+1","Phantasmal Killer+1","Flex+1","infinitespire:FutureSight+1"],"relics":["Koishi:ImaginaryFriend","infinitespire:PuzzleCube","PrismaticShard","Smiling Mask","Bag of Preparation","Fusion Hammer","DollysMirror","infinitespire:FocusingShard","infinitespire:Joker Card","MawBank","Happy Flower","InkBottle","Girya","Runic Pyramid","Empty Cage","ReplayTheSpireMod:EnergyBall","Toxic Egg 2","Anchor","Gremlin Horn","Ancient Tea Set","Whetstone"],"acts_visited":["Exordium","TheCity","TheBeyond"],"potions_floor_usage":[],"damage_taken":[{"damage":3.0,"enemies":"2 Louse","floor":1.0,"turns":3.0},{"damage":5.0,"enemies":"Small Slimes","floor":4.0,"turns":4.0},{"damage":40.0,"enemies":"3 Sentries","floor":7.0,"turns":7.0},{"damage":0.0,"enemies":"Cultist","floor":11.0,"turns":3.0},{"damage":2.0,"enemies":"2 Fungi Beasts","floor":12.0,"turns":3.0},{"damage":13.0,"enemies":"Red Slaver","floor":14.0,"turns":4.0},{"damage":40.0,"enemies":"Fading Forest","floor":16.0,"turns":11.0},{"damage":14.0,"enemies":"Spheric Guardian","floor":18.0,"turns":4.0},{"damage":5.0,"enemies":"Chosen","floor":21.0,"turns":3.0},{"damage":0.0,"enemies":"Gremlin Leader","floor":24.0,"turns":5.0},{"damage":5.0,"enemies":"Sentry and Sphere","floor":25.0,"turns":3.0},{"damage":14.0,"enemies":"Book of Stabbing","floor":27.0,"turns":4.0},{"damage":0.0,"enemies":"Snake Plant","floor":29.0,"turns":2.0},{"damage":46.0,"enemies":"Slavers","floor":31.0,"turns":5.0},{"damage":17.0,"enemies":"Automaton","floor":33.0,"turns":6.0},{"damage":0.0,"enemies":"Orb Walker","floor":35.0,"turns":2.0},{"damage":66.0,"enemies":"infinitespire:Three Voidlings","floor":36.0,"turns":4.0},{"damage":9.0,"enemies":"3 Shapes","floor":37.0,"turns":4.0},{"damage":3.0,"enemies":"Giant Head","floor":42.0,"turns":4.0},{"damage":12.0,"enemies":"Sphere and 2 Shapes","floor":45.0,"turns":4.0},{"damage":24,"enemies":"R_Hoarder","floor":47,"turns":7},{"damage":0,"enemies":"Transient","floor":48,"turns":5},{"damage":24,"enemies":"infinitespire:MassOfShapes","floor":50,"turns":1}],"seed_played":"-2587314231698210009","potions_obtained":[{"floor":4.0,"key":"Flashbang"},{"floor":7.0,"key":"Weak Potion"},{"floor":11.0,"key":"Elixir"},{"floor":14.0,"key":"Ancient Potion"},{"floor":21.0,"key":"EssenceOfSteel"},{"floor":28.0,"key":"GamblersBrew"},{"floor":48,"key":"Fruit Juice"}],"is_trial":false,"path_per_floor":["M","?","?","M","?","R","E","R","T","$","M","M","R","M","R","B",null,"M","$","?","M","AVR","R","E","M","T","E","?","M","R","E","R","B",null,"M","?","M","AVR","?","$","R","E","T","?","M","R","E","M","R","B"],"character_chosen":"KOISHI","items_purchased":["Koishi:PredatoryInstincts","DollysMirror","Toxic Egg 2","Anchor"],"campfire_rested":1,"item_purchase_floors":[10,19,40,40],"current_hp_per_floor":[58,58,58,54,54,54,15,15,15,15,23,31,31,28,28,8,60,46,46,46,49,49,49,60,55,55,47,47,55,60,38,38,37,60,60,22,33,33,23,23,23,30,30,30,32,32,13,23,8,0,0],"gold":128,"neow_bonus":"RANDOM_COMMON_RELIC","is_daily":false,"chose_seed":false,"campfire_upgraded":4,"win_rate":0.0,"timestamp":1614120282,"path_taken":["M","?","?","M","?","R","E","R","T","$","?","M","R","M","R","BOSS","M","$","?","M","AVR","R","E","?","T","E","?","?","R","E","R","BOSS","M","?","M","AVR","?","$","R","E","T","?","M","R","E","M","R","BOSS"],"items_purchased_type":["Card","Relic","Relic","Relic"],"build_version":"2020-12-22","purchased_purges":5,"victory":false,"max_hp_per_floor":[60,60,60,60,60,60,60,60,60,60,60,60,60,60,60,60,60,60,60,60,60,60,60,60,60,60,60,60,60,60,60,60,60,60,60,60,60,60,60,60,60,60,60,60,60,60,60,60,60,60,60],"card_choices":[{"not_picked":["Koishi:BloodcurdlingScream","Koishi:Prune"],"picked":"Koishi:Possession","floor":1.0},{"not_picked":["champ:Haymaker","hierophant:Racketeering"],"picked":"Streamline","floor":4.0},{"not_picked":["Static Discharge","Koishi:SubterraneanRose"],"picked":"FTL","floor":7.0},{"not_picked":["Stagnate","Collapse","Blade Dance"],"picked":"SKIP","floor":11.0},{"not_picked":["TheCursedMod:RavingStaff","Slimebound:ItLooksTasty","Slimebound:SlimeBarrage"],"picked":"SKIP","floor":12.0},{"not_picked":["Slimebound:MegaLick","Poisoned Stab","hierophant:FlamingChariot"],"picked":"SKIP","floor":14.0},{"not_picked":["construct:ScrapCannon+1","Combust"],"picked":"CutThroughFate","floor":18.0},{"not_picked":["Koishi:JumpScare","construct:ClusterMines","Parity"],"picked":"SKIP","floor":21.0},{"not_picked":["Koishi:JumpScare","construct:ClusterMines","Parity"],"picked":"SKIP","floor":21.0},{"not_picked":["bronze:Allocate","Wild Strike","hierophant:Batter"],"picked":"SKIP","floor":24.0},{"not_picked":["sneckomod:IronFang","TheCursedMod:FleshFromBone"],"picked":"PathToVictory","floor":25.0},{"not_picked":["Rage+1","Body Slam+1","Replay:SS_fish_1+1"],"picked":"SKIP","floor":27.0},{"not_picked":["hexamod:GhostShield","WaveOfTheHand+1","champ:CrookedStrike"],"picked":"SKIP","floor":29.0},{"not_picked":["construct:FlameCore+1","hexamod:RecurringNightmare","Bane"],"picked":"SKIP","floor":31.0},{"not_picked":["construct:LongRangeLance","Duplication"],"picked":"Ragnarok","floor":33.0},{"not_picked":["bronze:DigitalCarnage+1","sneckomod:UnknownClassMARISA_COLOR+1"],"picked":"MilkyWay","floor":35.0},{"not_picked":["Engulf","Ball Lightning+1","MysteriousBeam+1"],"picked":"SKIP","floor":37.0},{"not_picked":["Engulf","Ball Lightning+1","MysteriousBeam+1"],"picked":"SKIP","floor":37.0},{"not_picked":["Secret Technique","ReplayTheSpireMod:Brewmster"],"picked":"Magnetism","floor":39.0},{"not_picked":["Poisoned Strike","Dark Shackles"],"picked":"Apotheosis","floor":39.0},{"not_picked":["Well Laid Plans+1","hexamod:HeatMetal+1"],"picked":"Rampage+1","floor":42.0},{"not_picked":["Defy+1","hexamod:GhostLash+1","Protect+1"],"picked":"SKIP","floor":45.0},{"not_picked":["hermit:Quickdraw+1","CrushJoints"],"picked":"Phantasmal Killer+1","floor":47},{"not_picked":["Sucker Punch+1","TimeWarp+1"],"picked":"Flex+1","floor":48},{"not_picked":["infinitespire:SealOfDarkness+","infinitespire:FinalStrike"],"picked":"infinitespire:FutureSight","floor":49}],"player_experience":265269,"relics_obtained":[{"floor":7.0,"key":"Smiling Mask"},{"floor":9.0,"key":"Bag of Preparation"},{"floor":24.0,"key":"MawBank"},{"floor":26.0,"key":"Happy Flower"},{"floor":27.0,"key":"InkBottle"},{"floor":31.0,"key":"Girya"},{"floor":42.0,"key":"Gremlin Horn"},{"floor":43.0,"key":"Ancient Tea Set"},{"floor":47,"key":"Whetstone"}],"event_choices":[{"damage_healed":0.0,"max_hp_gain":0.0,"max_hp_loss":0.0,"gold_gain":0.0,"event_name":"Match and Keep!","player_choice":"1 cards matched","floor":5.0,"gold_loss":0.0,"damage_taken":0.0,"cards_obtained":["Koishi:FadingMemory"]},{"damage_healed":0.0,"max_hp_gain":0.0,"max_hp_loss":0.0,"gold_gain":0.0,"event_name":"WeMeetAgain","player_choice":"Gave Potion","floor":20.0,"gold_loss":0.0,"damage_taken":0.0,"relics_obtained":["infinitespire:FocusingShard"]},{"damage_healed":0.0,"max_hp_gain":0.0,"max_hp_loss":0.0,"gold_gain":0.0,"event_name":"Lab","player_choice":"Got Potions","floor":28.0,"gold_loss":0.0,"damage_taken":0.0},{"damage_healed":0.0,"max_hp_gain":0.0,"max_hp_loss":0.0,"gold_gain":0.0,"event_name":"SensoryStone","player_choice":"Memory 3","floor":39.0,"gold_loss":0.0,"damage_taken":10.0},{"damage_healed":0.0,"max_hp_gain":0.0,"max_hp_loss":0.0,"gold_gain":0.0,"event_name":"The Moai Head","player_choice":"Ignored","floor":44.0,"gold_loss":0.0,"damage_taken":0.0}],"is_beta":false,"boss_relics":[{"not_picked":["Busted Crown","Philosopher\u0027s Stone"],"picked":"Fusion Hammer"},{"not_picked":["Pandora\u0027s Box","Painkiller Herb"],"picked":"Runic Pyramid"}],"items_purged_floors":[10,19,22,38,40],"is_endless":false,"potions_floor_spawned":[4,7,11,14,21,29,31,36,42,45,47,48],"killed_by":"infinitespire:MassOfShapes","ascension_level":1}}