{"host":"mpysornf1vqkhgbh","time":1614089126,"event":{"mods":["AchievementEnabler","Act Like it!","BaseMod","Better Sensory Stone","Better Silent Start","Colored Map","Friendly Minions","Gensokyo","Googly Eyes","Highlight Path","Magitek Elite","Minty Spire (QoL Compilation)","Quick Restart","Robot Space Explorer","Ruina","Spire Arcade","StSLib","The Cursed","The Disciple","The Druid","The Gatherer","The Hierophant","The Jungle","The Marked","The Saiyan","The Senshi","The Witch","TheBandit","TheVacant","thorton"],"gold_per_floor":[119,45,45,59,22,55,55,85,85,85,85,116,127,139,139,237,237,262,262,262,32,69,108,108,145,145,145,166,181,205,205,205,353,353,378,397,89,89,89,89,131,131,131,131,177,198,240,240,240,240],"floor_reached":51,"language":"ENG","playtime":3232,"items_purged":["wariomod:Strike"],"score":936,"play_id":"889e08ec-9d72-4207-98cf-90f8cb956329","local_time":"20210223080526","is_ascension_mode":true,"campfire_choices":[{"data":"wariomod:TempestBlasts","floor":7.0,"key":"SMITH"},{"data":"wariomod:Step","floor":10.0,"key":"SMITH"},{"floor":15.0,"key":"REST"},{"floor":24.0,"key":"REST"},{"floor":27.0,"key":"REST"},{"floor":32.0,"key":"REST"},{"data":"wariomod:GodlyGift","floor":40.0,"key":"SMITH"},{"data":"wariomod:KeyFinisher","floor":42.0,"key":"SMITH"},{"data":"wariomod:TrekTime","floor":44.0,"key":"SMITH"},{"floor":49,"key":"REST"}],"circlet_count":0,"master_deck":["wariomod:Defend","wariomod:Defend","wariomod:Defend","wariomod:Defend","wariomod:Step+1","wariomod:Leap","wariomod:SimpleShield","wariomod:TempestBlasts+1","wariomod:EndlessBlast","wariomod:EnergizedBombs","wariomod:Leapslam","wariomod:DiceyMove","wariomod:SmackSlam","wariomod:Hopshield+1","wariomod:GodlyGift+1","wariomod:ChargeForth","wariomod:DropBash","wariomod:Smackflip","wariomod:DisarmingMoves+1","wariomod:BodyBlock","wariomod:SimpleShield+1","wariomod:TrekTime+1","wariomod:RacingSpeed","wariomod:Goblast+1","wariomod:KeyFinisher+1","Secret Weapon","Parasite","wariomod:DoubleDash","Decay"],"relics":["wariomod:TheHat","Art of War","Ornamental Fan","MealTicket","Bronze Scales","Mythril_Glove","Mercury Hourglass","thethorton:GreedFountain","Genji_Glove","Lantern","Boot","Matryoshka","Busted Crown","Dead Branch","Mummified Hand","Toy Ornithopter","Toxic Egg 2","Guard_Bracelet","Eternal Feather"],"acts_visited":["Exordium","TheCity","TheBeyond"],"potions_floor_usage":[47,47,50],"damage_taken":[{"damage":0.0,"enemies":"Gensokyo:3_Fairies","floor":1.0,"turns":3.0},{"damage":0.0,"enemies":"Gensokyo:2_Kodama","floor":4.0,"turns":5.0},{"damage":23.0,"enemies":"Gensokyo:Aya","floor":6.0,"turns":6.0},{"damage":0.0,"enemies":"Gensokyo:Cirno","floor":8.0,"turns":4.0},{"damage":14.0,"enemies":"Gensokyo:Mamizou","floor":12.0,"turns":10.0},{"damage":0.0,"enemies":"Gensokyo:Python","floor":13.0,"turns":2.0},{"damage":5.0,"enemies":"Gensokyo:VengefulSpirit","floor":14.0,"turns":4.0},{"damage":11.0,"enemies":"Gensokyo:Reimu","floor":16.0,"turns":10.0},{"damage":15.0,"enemies":"Chosen","floor":18.0,"turns":4.0},{"damage":10.0,"enemies":"2 Thieves","floor":22.0,"turns":3.0},{"damage":46.0,"enemies":"Book of Stabbing","floor":23.0,"turns":6.0},{"damage":35.0,"enemies":"Slavers","floor":25.0,"turns":4.0},{"damage":5.0,"enemies":"Snake Plant","floor":28.0,"turns":4.0},{"damage":7.0,"enemies":"Cultist and Chosen","floor":29.0,"turns":5.0},{"damage":6.0,"enemies":"Centurion and Healer","floor":30.0,"turns":4.0},{"damage":39.0,"enemies":"Collector","floor":33.0,"turns":9.0},{"damage":2.0,"enemies":"3 Darklings","floor":35.0,"turns":3.0},{"damage":5.0,"enemies":"Orb Walker","floor":36.0,"turns":3.0},{"damage":51.0,"enemies":"Reptomancer","floor":41.0,"turns":6.0},{"damage":20.0,"enemies":"Nemesis","floor":45.0,"turns":5.0},{"damage":6.0,"enemies":"Writhing Mass","floor":46.0,"turns":4.0},{"damage":26,"enemies":"Reptomancer","floor":47,"turns":4},{"damage":17,"enemies":"Donu and Deca","floor":50,"turns":6}],"seed_played":"71910481952305798","potions_obtained":[{"floor":1.0,"key":"Strength Potion"},{"floor":6.0,"key":"SmokeBomb"},{"floor":14.0,"key":"Explosive Potion"},{"floor":16.0,"key":"Dexterity Potion"},{"floor":23.0,"key":"Fruit Juice"},{"floor":25.0,"key":"Energy Potion"},{"floor":30.0,"key":"LiquidMemories"},{"floor":33.0,"key":"Block Potion"},{"floor":35.0,"key":"SkillPotion"},{"floor":41.0,"key":"PowerPotion"},{"floor":45.0,"key":"LiquidBronze"}],"is_trial":false,"path_per_floor":["M","$","?","M","COS","E","R","E","T","R","?","E","M","M","R","B",null,"M","?","?","$","M","E","R","E","T","R","M","M","M","?","R","B",null,"M","M","$","?","?","R","E","R","T","R","E","M","E","?","R","B",null],"character_chosen":"THE_BANDIT","items_purchased":["wariomod:TempestBlasts","Genji_Glove","Dead Branch"],"campfire_rested":5,"item_purchase_floors":[2,21,37],"current_hp_per_floor":[80,80,80,80,80,57,57,57,57,57,57,43,43,38,62,51,80,65,65,50,65,55,14,41,6,6,33,28,21,15,15,42,3,90,88,83,90,90,90,90,39,39,39,39,24,18,2,2,44,32],"gold":240,"neow_bonus":"RANDOM_COMMON_RELIC","is_daily":false,"chose_seed":false,"campfire_upgraded":5,"win_rate":0.0,"timestamp":1614089126,"path_taken":["M","$","?","M","COS","E","R","E","T","R","?","E","?","M","R","BOSS","M","?","?","?","M","E","R","E","T","R","M","?","M","?","R","BOSS","M","?","$","?","?","R","E","R","T","R","E","?","E","?","R","BOSS"],"items_purchased_type":["Card","Relic","Relic"],"build_version":"2020-12-22","purchased_purges":1,"victory":true,"max_hp_per_floor":[80,80,80,80,80,80,80,80,80,80,80,80,80,80,80,80,80,80,80,85,85,85,90,90,90,90,90,90,90,90,90,90,90,90,90,90,90,90,90,90,90,90,90,90,90,90,90,90,90,90],"card_choices":[{"not_picked":["wariomod:DeepDig","wariomod:SpaceSwap"],"picked":"wariomod:SimpleShield","floor":1.0},{"not_picked":["wariomod:DeepDig","wariomod:Bombshield"],"picked":"wariomod:EndlessBlast","floor":4.0},{"not_picked":["wariomod:Bomblaster","wariomod:GreaterGuard"],"picked":"wariomod:EnergizedBombs","floor":6.0},{"not_picked":["wariomod:MassiveParty","wariomod:AwfulLook"],"picked":"wariomod:Leapslam","floor":8.0},{"not_picked":["wariomod:Game","wariomod:SmallSprint"],"picked":"wariomod:DiceyMove","floor":12.0},{"not_picked":["wariomod:DoubleDash","wariomod:ThatsNotAll"],"picked":"wariomod:SmackSlam","floor":13.0},{"not_picked":["wariomod:Leapslam","wariomod:BlastDash"],"picked":"wariomod:Hopshield","floor":14.0},{"not_picked":["wariomod:VeryLongJump","wariomod:AbandonGame"],"picked":"wariomod:GodlyGift","floor":16.0},{"not_picked":["wariomod:SpikeSlash","wariomod:CursedSpaces"],"picked":"wariomod:ChargeForth","floor":18.0},{"not_picked":["wariomod:Leapslam","wariomod:Smackflip"],"picked":"wariomod:DisarmingMoves+1","floor":22.0},{"not_picked":["wariomod:Bombshield","wariomod:ThatsNotAll"],"picked":"wariomod:BodyBlock","floor":23.0},{"not_picked":["wariomod:KeyFinisher","wariomod:DonateDraw+1"],"picked":"wariomod:SimpleShield+1","floor":25.0},{"not_picked":["wariomod:BlastDash","wariomod:NullJump+1"],"picked":"wariomod:TrekTime","floor":28.0},{"not_picked":["wariomod:AwfulLook+1","wariomod:ThatsNotAll"],"picked":"wariomod:RacingSpeed","floor":29.0},{"not_picked":["wariomod:Boomsmack","wariomod:RacingSpeed"],"picked":"wariomod:Goblast+1","floor":30.0},{"not_picked":["wariomod:EnergizedBombs","wariomod:ForbiddenMagic"],"picked":"wariomod:KeyFinisher","floor":33.0},{"not_picked":["wariomod:TrekTime"],"picked":"SKIP","floor":35.0},{"not_picked":["wariomod:SmallSprint"],"picked":"SKIP","floor":36.0},{"not_picked":[],"picked":"Madness","floor":38.0},{"not_picked":[],"picked":"Secret Weapon","floor":38.0},{"not_picked":["wariomod:Smackflip"],"picked":"SKIP","floor":41.0},{"not_picked":["wariomod:BumRush"],"picked":"SKIP","floor":45.0},{"not_picked":["wariomod:SmallSprint+1"],"picked":"SKIP","floor":46.0},{"not_picked":[],"picked":"wariomod:DoubleDash","floor":47}],"player_experience":1078319,"relics_obtained":[{"floor":6.0,"key":"Ornamental Fan"},{"floor":8.0,"key":"MealTicket"},{"floor":9.0,"key":"Bronze Scales"},{"floor":12.0,"key":"Mercury Hourglass"},{"floor":23.0,"key":"Lantern"},{"floor":25.0,"key":"Boot"},{"floor":26.0,"key":"Matryoshka"},{"floor":41.0,"key":"Mummified Hand"},{"floor":43.0,"key":"Toy Ornithopter"},{"floor":43.0,"key":"Toxic Egg 2"},{"floor":45.0,"key":"Guard_Bracelet"},{"floor":47,"key":"Eternal Feather"}],"event_choices":[{"damage_healed":0.0,"max_hp_gain":0.0,"max_hp_loss":0.0,"gold_gain":0.0,"cards_transformed":["wariomod:Strike","wariomod:Strike"],"event_name":"Drug Dealer","player_choice":"Became Test Subject","floor":19.0,"gold_loss":0.0,"damage_taken":0.0,"cards_obtained":["wariomod:DropBash","wariomod:Smackflip"]},{"damage_healed":0.0,"max_hp_gain":5.0,"max_hp_loss":0.0,"gold_gain":0.0,"event_name":"Forgotten Altar","player_choice":"Shed Blood","floor":20.0,"gold_loss":0.0,"damage_taken":20.0},{"damage_healed":0.0,"max_hp_gain":0.0,"max_hp_loss":0.0,"gold_gain":0.0,"event_name":"Upgrade Shrine","player_choice":"Upgraded","floor":31.0,"gold_loss":0.0,"damage_taken":0.0,"cards_upgraded":["wariomod:Hopshield"]},{"damage_healed":0.0,"max_hp_gain":0.0,"max_hp_loss":0.0,"gold_gain":3.0,"event_name":"betterStone:BetterStone","player_choice":"1","floor":38.0,"gold_loss":0.0,"damage_taken":0.0},{"cards_removed":["Madness"],"damage_healed":0.0,"max_hp_gain":0.0,"max_hp_loss":0.0,"gold_gain":0.0,"event_name":"Purifier","player_choice":"Purged","floor":39.0,"gold_loss":0.0,"damage_taken":0.0},{"damage_healed":0,"gold_gain":0,"player_choice":"Cursed","damage_taken":0,"max_hp_gain":0,"max_hp_loss":0,"event_name":"Wheel of Change","floor":48,"gold_loss":0,"cards_obtained":["Decay"]}],"is_beta":false,"boss_relics":[{"not_picked":["Tiny House","Pandora\u0027s Box"],"picked":"thethorton:GreedFountain"},{"not_picked":["Astrolabe","Empty Cage"],"picked":"Busted Crown"}],"items_purged_floors":[21],"is_endless":false,"potions_floor_spawned":[1,6,14,16,23,25,30,33,35,41,45],"ascension_level":4}}