{"host":"bg8va46pgqgvtzim","time":1614099487,"event":{"mods":["BaseMod","Minty Spire (QoL Compilation)","Quick Restart","StSLib","SuperFastMode"],"gold_per_floor":[115,115,130,143,143,156,81,99,99,130,130,153,153,153,171,171,215,234,94,94,112,148,148,148,272,272,295,311,411,434,458,478,132,157,178,178,221,221,264,264,315,329,182,197,109,109,124,124,124,124,248,248,269,285,285,303,636,653,398,398,398,423,473,473,492,502,515,515,533,567,567,567,567,567,495,529,529],"floor_reached":78,"language":"ZHS","playtime":1846,"items_purged":["Strike_B","Strike_B","Doom and Gloom","Zap","Auto Shields","Ball Lightning"],"score":1766,"play_id":"bf7dbfb5-951a-4cdd-9cdb-76f9daed8a7a","local_time":"20210224005807","is_ascension_mode":true,"campfire_choices":[{"data":"Dualcast","floor":9.0,"key":"SMITH"},{"data":"Streamline","floor":11.0,"key":"SMITH"},{"data":"Coolheaded","floor":16.0,"key":"SMITH"},{"data":"Reinforced Body","floor":23,"key":"SMITH"},{"data":"Seek","floor":24,"key":"SMITH"},{"data":"Recycle","floor":36,"key":"SMITH"},{"data":"Turbo","floor":46,"key":"SMITH"},{"data":"Redo","floor":49,"key":"SMITH"},{"data":"Coolheaded","floor":50,"key":"SMITH"},{"data":"White Noise","floor":60,"key":"SMITH"},{"data":"Lockon","floor":68,"key":"SMITH"},{"floor":71,"key":"RECALL"},{"data":"Genetic Algorithm","floor":74,"key":"SMITH"}],"circlet_count":0,"master_deck":["Dualcast+1","Glacier","Reinforced Body+1","Coolheaded+1","Seek+1","Loop+1","Genetic Algorithm+1","Biased Cognition+1","Hologram","Electrodynamics+1","Redo+1","Recycle+1","Skim+1","Coolheaded+1","Turbo+1","Heatsinks+1","White Noise+1","Lockon+1","Loop+1"],"relics":["Cracked Core","Pocketwatch","Bag of Marbles","Frozen Egg 2","Symbiotic Virus","Bag of Preparation","White Beast Statue","Pandora\u0027s Box","Membership Card","Sundial","HornCleat","Shuriken","Ancient Tea Set","Potion Belt","Nuclear Battery","ClockworkSouvenir","Happy Flower","Strawberry","Torii","Cables","Pen Nib","Boot","Art of War"],"acts_visited":["Exordium","TheCity","TheBeyond","TheEnding"],"potions_floor_usage":[25,51,77,77,77],"damage_taken":[{"damage":1.0,"enemies":"Jaw Worm","floor":1.0,"turns":3.0},{"damage":0.0,"enemies":"Small Slimes","floor":3.0,"turns":2.0},{"damage":0.0,"enemies":"Cultist","floor":4.0,"turns":2.0},{"damage":3.0,"enemies":"Gremlin Gang","floor":6.0,"turns":6.0},{"damage":0.0,"enemies":"2 Fungi Beasts","floor":8.0,"turns":4.0},{"damage":8.0,"enemies":"Lagavulin","floor":10.0,"turns":6.0},{"damage":9.0,"enemies":"Lots of Slimes","floor":12.0,"turns":4.0},{"damage":0.0,"enemies":"Exordium Thugs","floor":15.0,"turns":4.0},{"damage":5.0,"enemies":"3 Sentries","floor":17.0,"turns":5.0},{"damage":0.0,"enemies":"Blue Slaver","floor":18.0,"turns":3.0},{"damage":0,"enemies":"3 Louse","floor":21,"turns":2},{"damage":0,"enemies":"Gremlin Nob","floor":22,"turns":3},{"damage":4,"enemies":"Hexaghost","floor":25,"turns":8},{"damage":4,"enemies":"2 Thieves","floor":27,"turns":4},{"damage":0,"enemies":"3 Byrds","floor":28,"turns":1},{"damage":0,"enemies":"3 Cultists","floor":30,"turns":2},{"damage":0,"enemies":"Snecko","floor":31,"turns":3},{"damage":0,"enemies":"Cultist and Chosen","floor":32,"turns":3},{"damage":0,"enemies":"Snake Plant","floor":34,"turns":2},{"damage":0,"enemies":"Centurion and Healer","floor":35,"turns":2},{"damage":0,"enemies":"Slavers","floor":37,"turns":1},{"damage":0,"enemies":"Book of Stabbing","floor":39,"turns":4},{"damage":0,"enemies":"Shelled Parasite and Fungi","floor":42,"turns":2},{"damage":0,"enemies":"Cultist and Chosen","floor":44,"turns":2},{"damage":0,"enemies":"3 Cultists","floor":47,"turns":1},{"damage":0,"enemies":"Champ","floor":51,"turns":3},{"damage":0,"enemies":"3 Darklings","floor":53,"turns":1},{"damage":0,"enemies":"Orb Walker","floor":54,"turns":2},{"damage":0,"enemies":"Spire Growth","floor":56,"turns":2},{"damage":0,"enemies":"4 Shapes","floor":58,"turns":1},{"damage":0,"enemies":"Nemesis","floor":62,"turns":3},{"damage":8,"enemies":"Mind Bloom Boss Battle","floor":63,"turns":3},{"damage":0,"enemies":"Writhing Mass","floor":65,"turns":3},{"damage":0,"enemies":"Transient","floor":66,"turns":4},{"damage":0,"enemies":"3 Darklings","floor":67,"turns":1},{"damage":0,"enemies":"Jaw Worm Horde","floor":69,"turns":1},{"damage":13,"enemies":"Giant Head","floor":70,"turns":4},{"damage":0,"enemies":"Time Eater","floor":72,"turns":4},{"damage":0,"enemies":"Shield and Spear","floor":76,"turns":3},{"damage":3,"enemies":"The Heart","floor":77,"turns":5}],"seed_played":"-5507558247132505265","potions_obtained":[{"floor":8.0,"key":"Fire Potion"},{"floor":10.0,"key":"Block Potion"},{"floor":15.0,"key":"AttackPotion"},{"floor":17.0,"key":"GamblersBrew"},{"floor":22,"key":"Fruit Juice"},{"floor":25,"key":"SkillPotion"},{"floor":28,"key":"LiquidMemories"},{"floor":32,"key":"FocusPotion"},{"floor":44,"key":"Fruit Juice"},{"floor":47,"key":"Regen Potion"},{"floor":51,"key":"Energy Potion"},{"floor":53,"key":"Fire Potion"},{"floor":54,"key":"BlessingOfTheForge"},{"floor":76,"key":"GamblersBrew"}],"is_trial":false,"path_per_floor":["M","?","M","M","?","M","$","M","R","E","R","M","T","T","M","R","E","M","$","?","M","E","R","R","B",null,"M","M","?","M","M","M","$","M","M","R","E","?","E","T","T","M","$","M","$","R","M","?","R","R","B",null,"M","M","?","M","?","M","$","R","?","E","?","T","M","M","M","R","M","E","R","B",null,"R","$","E","B",null],"character_chosen":"DEFECT","items_purchased":["Loop+1","Membership Card","Sundial","Potion Belt","ClockworkSouvenir","Happy Flower","Boot"],"campfire_rested":0,"item_purchase_floors":[19,33,33,43,59,59,75],"current_hp_per_floor":[53,53,53,53,53,50,50,50,50,42,42,33,33,33,33,33,28,28,28,33,33,33,33,33,34,79,75,75,75,75,75,75,75,75,75,75,75,75,75,75,75,75,75,75,75,75,75,75,75,75,80,84,84,84,84,84,84,84,84,84,80,87,79,79,79,79,79,79,79,66,66,66,87,87,87,87,84],"gold":529,"neow_bonus":"ONE_RARE_RELIC","is_daily":false,"chose_seed":false,"campfire_upgraded":12,"win_rate":0.0,"timestamp":1614099487,"path_taken":["M","?","M","M","?","M","$","M","R","E","R","M","T","T","M","R","E","M","$","?","M","E","R","R","BOSS","M","M","?","?","M","M","$","M","?","R","E","?","E","T","T","?","$","M","?","R","M","?","R","R","BOSS","M","M","?","M","?","M","$","R","?","E","?","T","M","M","?","R","M","E","R","BOSS","R","$","E","BOSS"],"items_purchased_type":["Card","Relic","Relic","Relic","Relic","Relic","Relic"],"build_version":"2020-12-22","purchased_purges":6,"victory":true,"max_hp_per_floor":[75,75,75,75,69,69,69,69,69,69,69,69,69,69,69,69,69,69,69,74,74,74,74,74,79,79,79,79,79,79,79,79,79,79,79,79,79,79,79,79,79,79,79,79,79,79,79,79,79,79,84,84,84,84,84,84,84,84,84,84,80,87,87,87,87,87,87,87,87,87,87,87,87,87,87,87,87],"card_choices":[{"not_picked":["Turbo","Go for the Eyes"],"picked":"Streamline","floor":1.0},{"not_picked":["Steam","Capacitor"],"picked":"Glacier","floor":3.0},{"not_picked":["Streamline","Gash"],"picked":"Ball Lightning","floor":4.0},{"not_picked":["Steam","Conserve Battery"],"picked":"Reinforced Body","floor":6.0},{"not_picked":["Compile Driver","Hologram"],"picked":"Coolheaded","floor":8.0},{"not_picked":["Rebound","Loop","Sweeping Beam"],"picked":"SKIP","floor":10.0},{"not_picked":["Ball Lightning","Chill","Go for the Eyes"],"picked":"SKIP","floor":12.0},{"not_picked":["Beam Cell","Steam"],"picked":"Seek","floor":15.0},{"not_picked":["Tempest","Sweeping Beam","Self Repair+1"],"picked":"SKIP","floor":17.0},{"not_picked":["Redo","Sweeping Beam","Coolheaded"],"picked":"SKIP","floor":18.0},{"not_picked":["Hologram","Go for the Eyes"],"picked":"Genetic Algorithm","floor":21},{"not_picked":["Thunder Strike","Static Discharge+1","Leap"],"picked":"SKIP","floor":22},{"not_picked":["Meteor Strike","Thunder Strike"],"picked":"Biased Cognition+1","floor":25},{"not_picked":["Gash","Scrape"],"picked":"Skim+1","floor":27},{"not_picked":["Tempest","Melter"],"picked":"Coolheaded","floor":28},{"not_picked":["Hologram","Loop+1"],"picked":"Turbo","floor":30},{"not_picked":["Cold Snap+1","Machine Learning+1","Coolheaded"],"picked":"SKIP","floor":31},{"not_picked":["Leap","Coolheaded","Reinforced Body"],"picked":"SKIP","floor":32},{"not_picked":["Sunder+1","Leap"],"picked":"Heatsinks+1","floor":34},{"not_picked":["Tempest","Fusion","Sweeping Beam"],"picked":"SKIP","floor":35},{"not_picked":["Turbo","Redo","Capacitor+1"],"picked":"SKIP","floor":37},{"not_picked":["Hologram","Recycle","Doom and Gloom"],"picked":"SKIP","floor":39},{"not_picked":["Beam Cell+1","Sunder"],"picked":"White Noise","floor":42},{"not_picked":["Steam","Gash+1"],"picked":"Lockon","floor":44},{"not_picked":["Coolheaded","Cold Snap"],"picked":"Loop+1","floor":47},{"not_picked":["Rebound","Go for the Eyes+1","Turbo"],"picked":"SKIP","floor":53},{"not_picked":["Hello World+1","Compile Driver+1","Ball Lightning+1"],"picked":"SKIP","floor":54},{"not_picked":["Steam","Hello World+1","Ball Lightning+1"],"picked":"SKIP","floor":56},{"not_picked":["Beam Cell","Ball Lightning","Leap"],"picked":"SKIP","floor":58},{"not_picked":["Steam+1","Electrodynamics+1","Heatsinks+1"],"picked":"SKIP","floor":62},{"not_picked":["Compile Driver","Leap","Glacier"],"picked":"SKIP","floor":65},{"not_picked":["Rainbow","Compile Driver","Sweeping Beam+1"],"picked":"SKIP","floor":66},{"not_picked":["Undo+1","Double Energy","Gash"],"picked":"SKIP","floor":67},{"not_picked":["Gash","Coolheaded+1","Double Energy"],"picked":"SKIP","floor":69},{"not_picked":["Force Field+1","Hologram+1","BootSequence"],"picked":"SKIP","floor":70},{"not_picked":["Coolheaded","Beam Cell","Meteor Strike"],"picked":"SKIP","floor":76}],"player_experience":2526427,"relics_obtained":[{"floor":10.0,"key":"Bag of Marbles"},{"floor":13.0,"key":"Frozen Egg 2"},{"floor":14.0,"key":"Symbiotic Virus"},{"floor":17.0,"key":"Bag of Preparation"},{"floor":22,"key":"White Beast Statue"},{"floor":37,"key":"HornCleat"},{"floor":39,"key":"Shuriken"},{"floor":41,"key":"Ancient Tea Set"},{"floor":62,"key":"Strawberry"},{"floor":63,"key":"Torii"},{"floor":64,"key":"Cables"},{"floor":70,"key":"Pen Nib"},{"floor":76,"key":"Art of War"}],"event_choices":[{"damage_healed":0.0,"max_hp_gain":0.0,"max_hp_loss":0.0,"gold_gain":0.0,"event_name":"Liars Game","player_choice":"Ignored","floor":2.0,"gold_loss":0.0,"damage_taken":0.0},{"damage_healed":0.0,"max_hp_gain":0.0,"max_hp_loss":6.0,"gold_gain":0.0,"event_name":"Golden Idol","player_choice":"Lose Max HP","floor":5.0,"gold_loss":0.0,"damage_taken":0.0,"relics_obtained":["Golden Idol"]},{"damage_healed":0,"gold_gain":0,"player_choice":"Donut","damage_taken":0,"max_hp_gain":5,"max_hp_loss":0,"event_name":"Big Fish","floor":20,"gold_loss":0},{"damage_healed":0,"gold_gain":100,"player_choice":"Pray","damage_taken":0,"max_hp_gain":0,"max_hp_loss":0,"event_name":"Golden Shrine","floor":29,"gold_loss":0},{"damage_healed":0,"gold_gain":0,"cards_transformed":["Streamline"],"player_choice":"Transformed","damage_taken":0,"max_hp_gain":0,"max_hp_loss":0,"event_name":"Transmorgrifier","floor":38,"gold_loss":0,"cards_obtained":["Auto Shields"]},{"damage_healed":0,"gold_gain":0,"player_choice":"Ignored","damage_taken":0,"max_hp_gain":0,"max_hp_loss":0,"event_name":"Vampires","floor":48,"gold_loss":0},{"cards_removed":["Streamline"],"damage_healed":0,"gold_gain":0,"player_choice":"Removed Attack","damage_taken":0,"max_hp_gain":0,"max_hp_loss":0,"event_name":"Falling","floor":55,"gold_loss":0},{"damage_healed":0,"gold_gain":333,"player_choice":"Gave Idol","damage_taken":0,"max_hp_gain":0,"max_hp_loss":0,"event_name":"The Moai Head","floor":57,"relics_lost":["Golden Idol"],"gold_loss":0},{"damage_healed":0,"gold_gain":0,"player_choice":"Max HP","damage_taken":0,"max_hp_gain":0,"max_hp_loss":4,"event_name":"Winding Halls","floor":61,"gold_loss":0},{"damage_healed":0,"gold_gain":0,"player_choice":"Fight","damage_taken":0,"max_hp_gain":0,"max_hp_loss":0,"event_name":"MindBloom","floor":63,"gold_loss":0}],"is_beta":false,"boss_relics":[{"not_picked":["Runic Pyramid","Velvet Choker"],"picked":"Pandora\u0027s Box"},{"not_picked":["Inserter","SacredBark"],"picked":"Nuclear Battery"}],"items_purged_floors":[7,19,33,43,45,59],"is_endless":false,"potions_floor_spawned":[8,10,15,17,21,22,25,27,28,30,31,32,34,35,37,39,42,44,47,51,53,54,56,58,62,63,65,66,67,69,70,76],"ascension_level":1}}