{"host":"eny0bxnatoru6fum","time":1614059681,"event":{"mods":["100% Spire Juice","A Magickal Journey","AchievementEnabler","AlwaysNeverKeys","Aspiration","BaseMod","Beaked The Cultist","Better Note","BetterRewards","Colored Map","Colored Powertips","Conspire","Curses Come First","DeckTracker","Duelist Mod","Energized Spire","Glutton Mod","Halation","Hubris","Infinite Spire","Jedi Mod","Lobotomy","LobotomyExtend","Marisa????????","Minty Spire (QoL Compilation)","Permanent Neow","Relic Sorter","Replay The Spire","Shop Mod","Spicy Shops","Spikes Relics","StSLib","Synergy Search","The Alterego","The Animator","The Blue Laboratory","The Bug Knight","The Cursed","The Hierophant","The Jungle","The Problem Sleuth","The Runesmith","The Sage","The Servant 0.9.4","The Spell Scribe","Waifu the Spire"],"gold_per_floor":[109,122,140,140,160,194,194,208,231,257,257,273,301,315,315,416,416,433,451,470,470,470,496,496,524,576,224,237,263,263,383,383,493,493,513,538,36,79,108,155,155,200,200,227,272,272,336,336,336,336,336,336,18,59,59],"floor_reached":56,"language":"ENG","playtime":7024,"items_purged":["Languid"],"score":2139,"play_id":"15741f48-13f6-48cc-85d0-730b7a3628f5","local_time":"20210222235441","is_ascension_mode":true,"campfire_choices":[{"floor":7,"key":"RECALL"},{"data":"TheCursedMod:ReleasedKnowledge","floor":11,"key":"SMITH"},{"data":"Bandage Up","floor":15,"key":"SMITH"},{"data":"TheCursedMod:CollectTribute","floor":24,"key":"SMITH"},{"data":"TheCursedMod:ReleasedKnowledge","floor":30,"key":"SMITH"},{"data":"Flash of Steel","floor":32,"key":"SMITH"},{"data":"TheCursedMod:CollectTribute","floor":41,"key":"SMITH"},{"data":"TheCursedMod:SpitefulPlan","floor":46,"key":"SMITH"},{"data":"Replay:Dark Deal","floor":49,"key":"SMITH"},{"data":"Chrysalis","floor":52,"key":"SMITH"}],"circlet_count":0,"master_deck":["TheCursedMod:Strike_TheCursed+1","TheCursedMod:Defend_TheCursed+1","TheCursedMod:Defend_TheCursed+1","TheCursedMod:CleanUpWorkshop+1","TheCursedMod:Dregs","TheCursedMod:SoulCrush+1","Bandage Up+1","Chrysalis+1","Flash of Steel+1","Replay:Dark Deal+1","TheCursedMod:FleshFromBone","TheCursedMod:SurpriseAttack+1","TheCursedMod:ReleasedKnowledge+1","TheCursedMod:LuckyCharm+1","TheCursedMod:CursedStaff","TheCursedMod:WearCloak+1","TheCursedMod:CursedShiv+1","TheCursedMod:CircleOfCorruption+1","TheCursedMod:ReleasedKnowledge+1","TheCursedMod:StunningStrike+1","TheCursedMod:CollectTribute+1","TheCursedMod:NeowsMight+1","CurseOfTheBell","TheCursedMod:FleshFromBone+1","TheCursedMod:ReleasedStrength+1","TheCursedMod:CircleOfAbyss+1","CloudedMind","infinitespire:Execution+1","TheCursedMod:Stretching+1","TheCursedMod:CircleOfBlood+1","TheCursedMod:AshesToAshes+1","Clumsy","TheCursedMod:Wield","TheCursedMod:WearCloak+1","TheCursedMod:ParallelWorld+1","hubris:Greed","TheCursedMod:CollectTribute+1","hubris:Greed","TheCursedMod:EmpowerCircles+1","hubris:Greed","TheCursedMod:HellfireBreathing+1","TheCursedMod:ReleasedStrength+1","TheCursedMod:CursedSpellbook+1","TheCursedMod:CircleOfCorruption+1","TheCursedMod:TroublousMinions+1","TheCursedMod:CursedMace+1","TheCursedMod:RapidMovement+1","TheCursedMod:NeowsMight+1","TheCursedMod:SpitefulPlan+1","TheCursedMod:EmpowerCircles+1","TheCursedMod:CursedAmulet+1","TheCursedMod:SoulCrush+1","TheCursedMod:VoidForm","TheCursedMod:CircleOfAmplification+1"],"relics":["TheCursedMod:BlackMagic101","ReplayTheSpireMod:ShopPack","hubris:SlimyHat","CrustySpines","infinitespire:BottledMercury","Bronze Scales","SpikesRelics:DaevaFist","InkBottle","Calling Bell","ReplayTheSpireMod:TigerMarble","Replay:PocketPolymizer","Toxic Egg 2","War Paint","Runesmith:Locket","Frozen Eye","halation:LettersToHer","sagemod:The_Guidebook_Guide","Replay:WaspNest","halation:HeavySnake","conspire:Dentures","Juzu Bracelet","hubris:Spice","infinitespire:Golems Mask","hubris:MedicalManual","hubris:MysteriousPyramids","Bag of Marbles","hubris:Towel","Lizard Tail"],"acts_visited":["Exordium","theJungle:Jungle","TheBeyond","TheEnding"],"potions_floor_usage":[6,8,13,13,16,20,55,55],"damage_taken":[{"damage":5,"enemies":"infinitespire:Voidling","floor":1,"turns":4},{"damage":3,"enemies":"2 Louse","floor":2,"turns":2},{"damage":0,"enemies":"conspire:RoseBush","floor":3,"turns":4},{"damage":0,"enemies":"2 Fungi Beasts","floor":5,"turns":2},{"damage":11,"enemies":"3 Sentries","floor":6,"turns":9},{"damage":10,"enemies":"Red Slaver","floor":8,"turns":2},{"damage":7,"enemies":"Replay:BlueRogue","floor":10,"turns":5},{"damage":5,"enemies":"conspire:2 RoseBushes","floor":12,"turns":6},{"damage":0,"enemies":"HollowMod:MossKnight","floor":13,"turns":9},{"damage":8,"enemies":"Exordium Thugs","floor":14,"turns":4},{"damage":30,"enemies":"The Guardian","floor":16,"turns":7},{"damage":22,"enemies":"theJungle:GiantWrat","floor":18,"turns":4},{"damage":6,"enemies":"theJungle:MUSHROOMGANG","floor":19,"turns":3},{"damage":7,"enemies":"theJungle:SlimyTreeVines","floor":20,"turns":6},{"damage":5,"enemies":"theJungle:2_Phrogs","floor":23,"turns":7},{"damage":5,"enemies":"theJungle:MamaSnecko","floor":25,"turns":4},{"damage":3,"enemies":"Snake Plant","floor":28,"turns":3},{"damage":0,"enemies":"theJungle:2_Phrogs","floor":29,"turns":6},{"damage":0,"enemies":"theJungle:FunGuy","floor":33,"turns":7},{"damage":0,"enemies":"Orb Walker","floor":35,"turns":3},{"damage":5,"enemies":"3 Shapes","floor":36,"turns":6},{"damage":4,"enemies":"conspire:MimicChest","floor":38,"turns":7},{"damage":11,"enemies":"Writhing Mass","floor":39,"turns":5},{"damage":34,"enemies":"beaked:SuperParasite","floor":40,"turns":8},{"damage":0,"enemies":"R_Hoarder","floor":42,"turns":5},{"damage":0,"enemies":"Spire Growth","floor":44,"turns":3},{"damage":0,"enemies":"Reptomancer","floor":45,"turns":4},{"damage":0,"enemies":"2 Orb Walkers","floor":47,"turns":4},{"damage":28,"enemies":"Awakened One","floor":50,"turns":9},{"damage":24,"enemies":"Shield and Spear","floor":54,"turns":5},{"damage":0,"enemies":"The Heart","floor":55,"turns":7}],"seed_played":"4663878843602561100","potions_obtained":[{"floor":1,"key":"PowerPotion"},{"floor":2,"key":"Weak Potion"},{"floor":6,"key":"Reflective Coating"},{"floor":10,"key":"Ancient Potion"},{"floor":12,"key":"FairyPotion"},{"floor":22,"key":"jedi:tentaclejuice"},{"floor":22,"key":"sagemod:Wine"},{"floor":29,"key":"blueLaboratory:StoneskinPotion"},{"floor":33,"key":"blueLaboratory:FrostheartPotion"}],"is_trial":false,"path_per_floor":["M","M","M","?","M","E","R","M","T","E","R","M","E","M","R","B",null,"M","M","M","?","?","E","R","E","T","$","M","E","R","?","R","B",null,"M","M","$","?","M","E","R","E","T","M","E","R","?","?","R","B",null,"R","$","E","B",null],"character_chosen":"THE_CURSED","items_purchased":["ReplayTheSpireMod:ShopPack","EntropicBrew","Bandage Up","Frozen Eye","halation:LettersToHer","sagemod:The_Guidebook_Guide","conspire:Dentures","TheCursedMod:ReleasedStrength+1","Juzu Bracelet","TheCursedMod:VoidForm"],"campfire_rested":0,"item_purchase_floors":[0,0,0,27,27,27,37,37,37,53],"current_hp_per_floor":[58,59,63,63,63,56,56,50,50,47,47,46,50,46,46,22,75,53,47,52,52,52,59,59,68,68,68,65,77,77,66,66,77,77,77,72,72,81,76,56,56,70,70,80,85,85,93,93,93,81,93,93,93,79,93],"gold":59,"neow_bonus":"","is_daily":false,"chose_seed":false,"campfire_upgraded":9,"win_rate":0.0,"timestamp":1614059681,"path_taken":["M","?","M","?","M","E","R","M","T","E","R","M","E","M","R","BOSS","M","M","M","?","?","E","R","E","T","$","?","E","R","?","R","BOSS","M","M","$","?","M","E","R","E","T","M","E","R","?","?","R","BOSS","R","$","E","BOSS"],"items_purchased_type":["Relic","Potion","Card","Relic","Relic","Relic","Relic","Card","Relic","Card"],"build_version":"2020-12-22","purchased_purges":1,"victory":true,"max_hp_per_floor":[75,75,75,75,75,75,75,75,75,75,75,75,75,75,75,75,75,75,75,75,75,75,75,75,75,75,75,75,77,77,77,77,77,77,77,77,77,85,85,85,85,85,85,85,85,85,93,93,93,93,93,93,93,93,93],"card_choices":[{"not_picked":["ReplayTheSpireMod:Necrogeddon","Sadistic Nature"],"picked":"Chrysalis","floor":0},{"not_picked":["Poisoned Strike","hubris:Insight"],"picked":"Flash of Steel","floor":0},{"not_picked":["Flash of Steel","jedi:cleanse"],"picked":"Replay:Dark Deal","floor":0},{"not_picked":["TheCursedMod:CursedShiv","TheCursedMod:ShockAndAwe"],"picked":"TheCursedMod:FleshFromBone","floor":1},{"not_picked":["TheCursedMod:BloodBarrier","TheCursedMod:CursedMace"],"picked":"TheCursedMod:SurpriseAttack","floor":2},{"not_picked":["TheCursedMod:AshesToAshes","TheCursedMod:SurpriseAttack"],"picked":"TheCursedMod:ReleasedKnowledge","floor":3},{"not_picked":["TheCursedMod:CircleOfCorruption","TheCursedMod:WearCloak"],"picked":"TheCursedMod:LuckyCharm","floor":5},{"not_picked":["TheCursedMod:CircleOfAmplification","TheCursedMod:CursedMace"],"picked":"TheCursedMod:CursedStaff","floor":6},{"not_picked":["TheCursedMod:RapidMovement","TheCursedMod:Stigma"],"picked":"TheCursedMod:WearCloak","floor":8},{"not_picked":["TheCursedMod:SmokeScreen","TheCursedMod:SpreadPlague"],"picked":"TheCursedMod:CursedShiv","floor":10},{"not_picked":["TheCursedMod:CursedStaff","TheCursedMod:CursedMace"],"picked":"TheCursedMod:CircleOfCorruption","floor":12},{"not_picked":["TheCursedMod:ManaCirculation","TheCursedMod:Stretching"],"picked":"TheCursedMod:ReleasedKnowledge","floor":13},{"not_picked":["TheCursedMod:Mangle","TheCursedMod:SmokeScreen"],"picked":"TheCursedMod:BloodBarrier","floor":14},{"not_picked":["TheCursedMod:Stigma","TheCursedMod:CursedBlade"],"picked":"TheCursedMod:FleshFromBone+1","floor":18},{"not_picked":["TheCursedMod:Obscuration+1","TheCursedMod:CursedArmor+1"],"picked":"TheCursedMod:ReleasedStrength+1","floor":19},{"not_picked":["TheCursedMod:SaltUponWound+1","TheCursedMod:RavingStaff"],"picked":"TheCursedMod:CircleOfAbyss+1","floor":20},{"not_picked":["infinitespire:Oblivion","infinitespire:FutureSight"],"picked":"infinitespire:Execution","floor":21},{"not_picked":["TheCursedMod:CircleOfWindfury+1","TheCursedMod:ReleasedKnowledge+1"],"picked":"TheCursedMod:Stretching+1","floor":23},{"not_picked":["TheCursedMod:CircleOfFlame+1","TheCursedMod:Grudge+1"],"picked":"TheCursedMod:AshesToAshes+1","floor":25},{"not_picked":["TheCursedMod:SpreadPlague+1","TheCursedMod:CursedBlade"],"picked":"TheCursedMod:Wield","floor":28},{"not_picked":["TheCursedMod:Mangle+1","TheCursedMod:Torture+1","TheCursedMod:SpreadPlague+1"],"picked":"SKIP","floor":29},{"not_picked":["TheCursedMod:CircleOfAbyss+1","TheCursedMod:OutForBlood"],"picked":"TheCursedMod:CollectTribute","floor":33},{"not_picked":["TheCursedMod:FleshFromBone+1","TheCursedMod:CursedStaff"],"picked":"TheCursedMod:EmpowerCircles+1","floor":35},{"not_picked":["TheCursedMod:Stigma","TheCursedMod:VitalStrike+1"],"picked":"TheCursedMod:HellfireBreathing+1","floor":36},{"not_picked":["TheCursedMod:Stretching+1","TheCursedMod:BlessingInDisguise+1"],"picked":"TheCursedMod:CursedSpellbook+1","floor":38},{"not_picked":["TheCursedMod:VitalStrike+1","TheCursedMod:SoulCrush"],"picked":"TheCursedMod:CircleOfCorruption+1","floor":39},{"not_picked":["TheCursedMod:VitalStrike+1","TheCursedMod:Grudge+1"],"picked":"TheCursedMod:TroublousMinions+1","floor":40},{"not_picked":["TheCursedMod:CircleOfCorruption+1","TheCursedMod:StingEye"],"picked":"TheCursedMod:LuckyCharm","floor":42},{"not_picked":["TheCursedMod:CursedMace+1","TheCursedMod:CursedBlade+1"],"picked":"TheCursedMod:RapidMovement+1","floor":44},{"not_picked":["TheCursedMod:ReleasedStrength+1","TheCursedMod:CursedAmulet+1"],"picked":"TheCursedMod:NeowsMight+1","floor":45},{"not_picked":["TheCursedMod:Stretching+1","TheCursedMod:CircleOfAmplification+1"],"picked":"TheCursedMod:EmpowerCircles+1","floor":47},{"not_picked":["TheCursedMod:SoulReap","TheCursedMod:SpreadPlague+1"],"picked":"TheCursedMod:CircleOfAmplification+1","floor":54}],"player_experience":638101,"relics_obtained":[{"floor":6,"key":"infinitespire:BottledMercury"},{"floor":9,"key":"Bronze Scales"},{"floor":10,"key":"SpikesRelics:DaevaFist"},{"floor":13,"key":"InkBottle"},{"floor":17,"key":"ReplayTheSpireMod:TigerMarble"},{"floor":17,"key":"Replay:PocketPolymizer"},{"floor":17,"key":"Toxic Egg 2"},{"floor":23,"key":"War Paint"},{"floor":25,"key":"Runesmith:Locket"},{"floor":29,"key":"Replay:WaspNest"},{"floor":38,"key":"hubris:Spice"},{"floor":40,"key":"infinitespire:Golems Mask"},{"floor":42,"key":"hubris:MedicalManual"},{"floor":43,"key":"halation:LettersToHer"},{"floor":43,"key":"hubris:MysteriousPyramids"},{"floor":45,"key":"Bag of Marbles"},{"floor":47,"key":"hubris:Spice"},{"floor":54,"key":"Lizard Tail"}],"event_choices":[{"damage_healed":0,"gold_gain":0,"player_choice":"Got Potions","damage_taken":0,"max_hp_gain":0,"max_hp_loss":0,"event_name":"Lab","floor":22,"gold_loss":0},{"damage_healed":0,"gold_gain":0,"player_choice":"Fight","damage_taken":0,"max_hp_gain":0,"max_hp_loss":0,"event_name":"Mysterious Sphere","floor":47,"gold_loss":0}],"is_beta":false,"boss_relics":[{"not_picked":["hubris:Stopwatch","conspire:SpecialSausage"],"picked":"Calling Bell"},{"not_picked":["infinitespire:Cupcake","energizedSpire:OgreHead"],"picked":"halation:HeavySnake"}],"items_purged_floors":[53],"is_endless":false,"potions_floor_spawned":[1,2,6,10,12,25,29,33,35,38,39,42],"ascension_level":2}}