{"host":"wy4vwr4x0uqk666t","time":1614089734,"event":{"mods":["Aspiration","BaseMod","BetterRewards","Colored Powertips","Curses Come First","Defuse TimeMaze Blight","Downfall","Hubris","Infinite Spire","Jorbs\u0027s Wanderer Trilogy","Kalas","Lobotomy","Minty Spire (QoL Compilation)","Quick Restart","READ ME - Guardian Mod","Replay The Spire","StSLib","The Cursed","The Elementalist","The Hierophant","The Jungle","The Runesmith","The Servant 0.9.4","The Spell Scribe"],"gold_per_floor":[109,125,125,125,143,143,171,171,171,171,188,188,188],"floor_reached":12,"language":"ENG","playtime":544,"items_purged":[],"score":84,"play_id":"21cb3efd-c7ed-46b7-ac82-b3d00e28c8f6","local_time":"20210223151534","is_ascension_mode":true,"campfire_choices":[{"floor":6,"key":"REST"},{"floor":8,"key":"REST"}],"circlet_count":0,"master_deck":["Strike_G","Strike_G","Strike_G","Strike_G","Strike_G","Defend_G","Defend_G","Defend_G","Defend_G","Defend_G","Survivor","Neutralize","MeltingLove","Deadly Poison","FairyFestival","Venomology","Blade Dance","GreedKing","Blade Dance","Toxin Wave+1","MeatLantern","VoidDream","ReplayTheSpireMod:Speed Training"],"relics":["Ring of the Snake","CogitoBucket","RabbitCall","Replay:Mystery Machine","ReplayTheSpireMod:TigerMarble","ChangeAnything"],"acts_visited":["Exordium"],"potions_floor_usage":[4,7,7,11,11,12],"damage_taken":[{"damage":0,"enemies":"Small Slimes","floor":1,"turns":3},{"damage":17,"enemies":"Cultist","floor":2,"turns":6},{"damage":0,"enemies":"Jaw Worm","floor":4,"turns":4},{"damage":26,"enemies":"Blue Slaver","floor":5,"turns":4},{"damage":31,"enemies":"3 Sentries","floor":7,"turns":8},{"damage":22,"enemies":"Red Slaver","floor":11,"turns":2},{"damage":48,"enemies":"Lagavulin","floor":12,"turns":1}],"seed_played":"-6938047268559518769","potions_obtained":[{"floor":1,"key":"Energy Potion"},{"floor":2,"key":"ColorlessPotion"},{"floor":7,"key":"Explosive Potion"}],"is_trial":false,"path_per_floor":["M","M","?","M","M","R","E","R","T","?","M","E"],"character_chosen":"THE_SILENT","items_purchased":[],"campfire_rested":2,"item_purchase_floors":[],"current_hp_per_floor":[70,53,53,57,32,53,28,49,49,49,30,0,0],"gold":188,"neow_bonus":"","is_daily":false,"chose_seed":false,"campfire_upgraded":0,"win_rate":0.0,"timestamp":1614089734,"path_taken":["M","M","?","M","M","R","E","R","T","?","M","E"],"items_purchased_type":[],"build_version":"2020-12-22","purchased_purges":0,"victory":false,"max_hp_per_floor":[70,70,70,70,70,70,70,70,70,70,70,70,70],"card_choices":[{"not_picked":["WallGazer","HappyTeddy"],"picked":"MeltingLove","floor":1},{"not_picked":["ReplayTheSpireMod:Scrap Shanks","Outmaneuver"],"picked":"Deadly Poison","floor":1},{"not_picked":["MeatLantern","UniverseFragment"],"picked":"FairyFestival","floor":2},{"not_picked":["Masterful Stab","Setup"],"picked":"Venomology","floor":2},{"not_picked":["WallGazer","Freischutz"],"picked":"GreedKing","floor":4},{"not_picked":["Slice","Dash","Leg Sweep"],"picked":"SKIP","floor":4},{"not_picked":["hubris:Sniper","Replay:Bag of Tricks"],"picked":"Blade Dance","floor":5},{"not_picked":["Deflect","Hidden Blade"],"picked":"Toxin Wave","floor":7},{"not_picked":["OldLady","Alriune"],"picked":"MeatLantern","floor":7},{"not_picked":["Rudolta","CrumblingArmor"],"picked":"VoidDream","floor":11},{"not_picked":["Outmaneuver","Underhanded Strike"],"picked":"ReplayTheSpireMod:Speed Training","floor":11}],"player_experience":3753868,"relics_obtained":[{"floor":7,"key":"Replay:Mystery Machine"},{"floor":9,"key":"ReplayTheSpireMod:TigerMarble"}],"event_choices":[{"damage_healed":0,"gold_gain":0,"player_choice":"Upgraded","damage_taken":0,"max_hp_gain":0,"max_hp_loss":0,"event_name":"Upgrade Shrine","floor":10,"gold_loss":0,"cards_upgraded":["Toxin Wave"]}],"is_beta":false,"boss_relics":[],"items_purged_floors":[],"is_endless":false,"potions_floor_spawned":[1,2,7],"killed_by":"Lagavulin","ascension_level":1}}