{"host":"anox4050deqdcqoh","time":1614123781,"event":{"mods":["BaseMod","Colored Map","Displayed Cursed Tome","Highlight Path","Minty Spire (QoL Compilation)","Quick Restart","Rare Cards Sparkle","everything is the same but u backflip on backflip"],"gold_per_floor":[115,135,148,1,13,13,38,38,38,38,73,91,17,30,30,125,125,139,54,70,70,83,83,103,103,103,116,35,65,76,93,93,93,93],"floor_reached":33,"language":"ENG","playtime":2232,"items_purged":[],"score":351,"play_id":"82e2a230-2445-47a5-ae7a-103f8dee235c","local_time":"20210223184301","is_ascension_mode":true,"campfire_choices":[{"data":"Sucker Punch","floor":6.0,"key":"SMITH"},{"floor":8.0,"key":"REST"},{"data":"Bane","floor":15,"key":"SMITH"},{"floor":23,"key":"REST"},{"floor":25,"key":"REST"},{"floor":32,"key":"REST"}],"circlet_count":0,"master_deck":["Strike_G","Strike_G","Strike_G","Strike_G","Defend_G","Defend_G","Defend_G","Defend_G","Survivor","Neutralize","Dodge and Roll","Sucker Punch+1","PiercingWail","Deadly Poison","Sucker Punch","Terror","Blade Dance","Bane+1","Glass Knife","Footwork+1","Dodge and Roll+1","Dash","Dagger Spray","Quick Slash+1","Dash","Backflip"],"relics":["Ring of the Snake","Calipers","Membership Card","Lantern","Smiling Mask","Mummified Hand","Lee\u0027s Waffle","Empty Cage","Vajra","The Courier","PreservedInsect","Mercury Hourglass"],"acts_visited":["Exordium","TheCity"],"potions_floor_usage":[16,24,31,31],"damage_taken":[{"damage":2.0,"enemies":"Cultist","floor":1.0,"turns":4.0},{"damage":4.0,"enemies":"Jaw Worm","floor":2.0,"turns":5.0},{"damage":8.0,"enemies":"Small Slimes","floor":3.0,"turns":5.0},{"damage":6.0,"enemies":"3 Louse","floor":5.0,"turns":6.0},{"damage":24.0,"enemies":"3 Sentries","floor":7.0,"turns":12.0},{"damage":42.0,"enemies":"Lagavulin","floor":11.0,"turns":9.0},{"damage":32.0,"enemies":"Exordium Thugs","floor":12.0,"turns":7.0},{"damage":0,"enemies":"Looter","floor":14,"turns":3},{"damage":42,"enemies":"Hexaghost","floor":16,"turns":11},{"damage":4,"enemies":"3 Byrds","floor":18,"turns":6},{"damage":10,"enemies":"Spheric Guardian","floor":20,"turns":4},{"damage":14,"enemies":"Snake Plant","floor":22,"turns":4},{"damage":22,"enemies":"3 Cultists","floor":24,"turns":8},{"damage":12,"enemies":"Shelled Parasite and Fungi","floor":27,"turns":6},{"damage":17,"enemies":"Gremlin Leader","floor":29,"turns":4},{"damage":6,"enemies":"Chosen and Byrds","floor":30,"turns":4},{"damage":0,"enemies":"Snake Plant","floor":31,"turns":5},{"damage":70,"enemies":"Champ","floor":33,"turns":10}],"seed_played":"-478020799602297524","potions_obtained":[{"floor":3.0,"key":"FairyPotion"},{"floor":7.0,"key":"PowerPotion"},{"floor":11.0,"key":"SkillPotion"},{"floor":14,"key":"Block Potion"},{"floor":16,"key":"GhostInAJar"},{"floor":20,"key":"Explosive Potion"},{"floor":27,"key":"SpeedPotion"}],"is_trial":false,"path_per_floor":["M","M","M","$","M","R","E","R","T","?","E","M","$","M","R","B",null,"M","?","M","?","M","R","M","R","T","M","$","E","M","M","R","B"],"character_chosen":"THE_SILENT","items_purchased":["Membership Card","Lee\u0027s Waffle","PreservedInsect","Fire Potion"],"campfire_rested":4,"item_purchase_floors":[4,13,28,28],"current_hp_per_floor":[68,64,56,56,50,50,26,47,47,47,5,1,77,77,77,35,67,63,63,53,39,25,49,27,51,51,39,39,22,16,16,40,0,0],"gold":93,"neow_bonus":"ONE_RARE_RELIC","is_daily":false,"chose_seed":false,"campfire_upgraded":2,"win_rate":0.0,"timestamp":1614123781,"path_taken":["M","?","M","$","M","R","E","R","T","?","E","M","$","?","R","BOSS","M","?","M","?","M","R","M","R","T","M","$","E","M","M","R","BOSS"],"items_purchased_type":["Relic","Relic","Relic","Potion"],"build_version":"2020-12-22","purchased_purges":0,"victory":false,"max_hp_per_floor":[70,70,70,70,70,70,70,70,70,70,70,70,77,77,77,77,77,77,77,77,82,82,82,82,82,82,82,82,82,82,82,82,82,82],"card_choices":[{"not_picked":["Sucker Punch","Bane"],"picked":"Dodge and Roll","floor":1.0},{"not_picked":["Caltrops","Slice"],"picked":"Sucker Punch","floor":2.0},{"not_picked":["Dodge and Roll","Catalyst"],"picked":"PiercingWail","floor":3.0},{"not_picked":["Tactician","Infinite Blades"],"picked":"Deadly Poison","floor":5.0},{"not_picked":["Outmaneuver","Escape Plan"],"picked":"Sucker Punch","floor":7.0},{"not_picked":["Masterful Stab","Tactician"],"picked":"Terror","floor":11.0},{"not_picked":["Backflip","Flechettes"],"picked":"Blade Dance","floor":12.0},{"not_picked":["PiercingWail","Dodge and Roll"],"picked":"Bane","floor":14},{"not_picked":["Grand Finale","A Thousand Cuts"],"picked":"Glass Knife","floor":16},{"not_picked":["Dagger Throw+1","Slice"],"picked":"Footwork+1","floor":18},{"not_picked":["Underhanded Strike","PiercingWail"],"picked":"Dodge and Roll+1","floor":20},{"not_picked":["Envenom","Acrobatics"],"picked":"Dash","floor":22},{"not_picked":["Riddle With Holes","Caltrops"],"picked":"Dagger Spray","floor":24},{"not_picked":["Calculated Gamble+1","Prepared"],"picked":"Quick Slash+1","floor":27},{"not_picked":["Tactician","Dagger Spray","Outmaneuver"],"picked":"SKIP","floor":29},{"not_picked":["Terror+1","All Out Attack"],"picked":"Dash","floor":30},{"not_picked":["Dagger Spray","PiercingWail"],"picked":"Backflip","floor":31}],"player_experience":502266,"relics_obtained":[{"floor":7.0,"key":"Lantern"},{"floor":9.0,"key":"Smiling Mask"},{"floor":11.0,"key":"Mummified Hand"},{"floor":26,"key":"The Courier"},{"floor":29,"key":"Mercury Hourglass"}],"event_choices":[{"cards_removed":["Strike_G"],"damage_healed":0.0,"max_hp_gain":0.0,"max_hp_loss":0.0,"gold_gain":0.0,"event_name":"Bonfire Elementals","player_choice":"Offered Basic","floor":10.0,"gold_loss":0.0,"damage_taken":0.0},{"damage_healed":0,"gold_gain":0,"player_choice":"Obtained Relic","damage_taken":0,"relics_obtained":["Vajra"],"max_hp_gain":0,"max_hp_loss":0,"event_name":"Addict","floor":19,"gold_loss":85},{"damage_healed":0,"gold_gain":0,"player_choice":"Shed Blood","damage_taken":19,"max_hp_gain":5,"max_hp_loss":0,"event_name":"Forgotten Altar","floor":21,"gold_loss":0}],"is_beta":false,"boss_relics":[{"not_picked":["Cursed Key","Sozu"],"picked":"Empty Cage"}],"items_purged_floors":[],"is_endless":false,"potions_floor_spawned":[3,7,11,14,16,20,27,30],"killed_by":"Champ","ascension_level":5}}