{"host":"mhzgc0zma59jtmoj","time":1614056495,"event":{"mods":["BaseMod","BetterRewards","Custom Start","Glutton Mod","Ironclad Rager","Minty Spire (QoL Compilation)","Replay The Spire","Somnambulant","StSLib","The Cursed","The Hierophant","The Jungle","Treasure Hunter"],"gold_per_floor":[116,198,373,389,408,408,443,52,133,133,133,163,179,213,213,313,363,381,396,121,121,138,138,156,188,267,267,280,300,55,55,55,153,153,172,172,172,24,34,60,60,60,114,145,145,145,155,172,172,172,172,172,28,62,62],"floor_reached":56,"language":"ENG","playtime":5218,"items_purged":["somnambulantmod: SomnambulantStrike","somnambulantmod: SomnambulantStrike","somnambulantmod: Defend_Somnambulant"],"score":1763,"play_id":"afaf449d-87d3-48f7-8ca5-f50d87c46bfd","local_time":"20210223000135","is_ascension_mode":true,"campfire_choices":[{"floor":6.0,"key":"REST"},{"floor":10.0,"key":"REST"},{"floor":15.0,"key":"REST"},{"floor":23,"key":"RECALL"},{"floor":27,"key":"REST"},{"floor":32,"key":"REST"},{"floor":41,"key":"REST"},{"floor":45,"key":"REST"},{"floor":49,"key":"REST"},{"floor":52,"key":"REST"}],"circlet_count":0,"master_deck":["somnambulantmod: SomnambulantStrike","somnambulantmod: SomnambulantStrike+1","somnambulantmod: SomnambulantStrike","somnambulantmod: Defend_Somnambulant+1","somnambulantmod: Defend_Somnambulant+1","somnambulantmod: Defend_Somnambulant+1","somnambulantmod: Defend_Somnambulant","somnambulantmod: QuickNap+1","somnambulantmod: PrimingPunch+1","somnambulantmod: LightSleeper+1","somnambulantmod: LightSleeper","somnambulantmod: Blink","somnambulantmod: Damping","somnambulantmod: ShimmeringVeil","somnambulantmod: Repression+1","somnambulantmod: LightSleeper+1","somnambulantmod: Repression","somnambulantmod: LoseForm","somnambulantmod: Repression+1","somnambulantmod: Lucidity+1","somnambulantmod: HorrificThought","somnambulantmod: HorrificThought"],"relics":["somnambulantmod: DreamJournal","Omamori","Replay:Wax Seal","Thread and Needle","MealTicket","Orrery","Gremlin Horn","Nunchaku","Replay:Rubber Ducky","Tiny House","Lantern","Orichalcum","Quantum Egg","Busted Crown","somnambulantmod: DementingVeil","somnambulantmod: CiphersPen","Centennial Puzzle","Smiling Mask","Membership Card","Prayer Wheel","Art of War","Prayer Wheel"],"acts_visited":["Exordium","TheCity","TheBeyond","TheEnding"],"potions_floor_usage":[28,33,35,50,55],"damage_taken":[{"damage":8.0,"enemies":"Jaw Worm","floor":1.0,"turns":4.0},{"damage":7.0,"enemies":"Small Slimes","floor":4.0,"turns":5.0},{"damage":12.0,"enemies":"2 Louse","floor":5.0,"turns":5.0},{"damage":4.0,"enemies":"Gremlin Nob","floor":7.0,"turns":3.0},{"damage":3.0,"enemies":"3 Sentries","floor":12.0,"turns":9.0},{"damage":0.0,"enemies":"2 Fungi Beasts","floor":13.0,"turns":6.0},{"damage":0.0,"enemies":"Lagavulin","floor":14.0,"turns":7.0},{"damage":4.0,"enemies":"Fading Forest","floor":16.0,"turns":9.0},{"damage":0.0,"enemies":"Chosen","floor":18.0,"turns":7.0},{"damage":0.0,"enemies":"Shell Parasite","floor":19.0,"turns":5.0},{"damage":5,"enemies":"Snake Plant","floor":22,"turns":4},{"damage":1,"enemies":"3 Cultists","floor":24,"turns":5},{"damage":6,"enemies":"Book of Stabbing","floor":25,"turns":7},{"damage":0,"enemies":"Cultist and Chosen","floor":28,"turns":8},{"damage":1,"enemies":"Snake Plant","floor":29,"turns":8},{"damage":0,"enemies":"Collector","floor":33,"turns":4},{"damage":0,"enemies":"3 Shapes","floor":35,"turns":5},{"damage":0,"enemies":"Orb Walker","floor":39,"turns":3},{"damage":60,"enemies":"Reptomancer","floor":40,"turns":5},{"damage":0,"enemies":"Giant Head","floor":44,"turns":4},{"damage":20,"enemies":"4 Shapes","floor":47,"turns":7},{"damage":4,"enemies":"Sphere and 2 Shapes","floor":48,"turns":4},{"damage":12,"enemies":"Awakened One","floor":50,"turns":4},{"damage":7,"enemies":"Shield and Spear","floor":54,"turns":3},{"damage":53,"enemies":"The Heart","floor":55,"turns":7}],"seed_played":"-8590190998032889124","potions_obtained":[{"floor":1.0,"key":"SteroidPotion"},{"floor":4.0,"key":"DuplicationPotion"},{"floor":5.0,"key":"Adrenaline Potion"},{"floor":12.0,"key":"AttackPotion"},{"floor":16.0,"key":"Block Potion"},{"floor":17.0,"key":"DistilledChaos"},{"floor":28,"key":"Fire Potion"},{"floor":35,"key":"Elixir"},{"floor":39,"key":"Elixir"}],"is_trial":false,"path_per_floor":["M","?","?","M","M","R","E","$","T","R","?","E","M","E","R","B",null,"M","M","$","?","M","R","M","E","T","R","M","M","$","?","R","B",null,"M","?","?","$","M","E","R","$","T","E","R","?","M","M","R","B",null,"R","$","E","B",null],"character_chosen":"THE_SOMNAMBULANT","items_purchased":["Omamori","somnambulantmod: ShimmeringVeil","MealTicket","Orrery","Lantern","Quantum Egg","somnambulantmod: DementingVeil","Membership Card"],"campfire_rested":9,"item_purchase_floors":[0,8,8,8,20,30,38,53],"current_hp_per_floor":[51,35,35,28,16,37,33,33,33,55,55,52,52,52,71,67,76,76,76,76,62,57,57,56,50,50,76,76,75,83,83,85,85,85,85,85,81,81,81,21,47,62,62,62,85,85,65,61,87,75,87,89,89,82,29],"gold":62,"neow_bonus":"","is_daily":false,"chose_seed":false,"campfire_upgraded":0,"win_rate":0.0,"timestamp":1614056495,"path_taken":["M","?","?","M","M","R","E","$","T","R","?","E","M","E","R","BOSS","M","M","$","?","M","R","M","E","T","R","M","M","$","?","R","BOSS","M","?","?","?","M","E","R","$","T","E","R","?","M","M","R","BOSS","R","$","E","BOSS"],"items_purchased_type":["Relic","Card","Relic","Relic","Relic","Relic","Relic","Relic"],"build_version":"2020-12-22","purchased_purges":3,"victory":true,"max_hp_per_floor":[65,65,65,65,65,67,67,67,67,69,69,69,69,69,71,71,76,76,76,76,81,81,81,81,81,81,83,83,83,83,83,85,85,85,85,85,81,81,81,81,83,83,83,83,85,85,85,85,87,87,87,89,89,89,89],"card_choices":[{"not_picked":["somnambulantmod: Bruise","somnambulantmod: RacingThoughts"],"picked":"somnambulantmod: LightSleeper","floor":1.0},{"not_picked":["somnambulantmod: TrepanningBlow","somnambulantmod: Nosebleed"],"picked":"somnambulantmod: LightSleeper","floor":2.0},{"not_picked":["somnambulantmod: Bruise","somnambulantmod: ViralIdea","somnambulantmod: Pinch"],"picked":"SKIP","floor":4.0},{"not_picked":["somnambulantmod: Bloom","somnambulantmod: Trauma"],"picked":"somnambulantmod: Blink","floor":5.0},{"not_picked":["somnambulantmod: HappyThoughts","somnambulantmod: SleepingBody"],"picked":"somnambulantmod: Damping","floor":7.0},{"not_picked":["TH:CopperCoins","TH:TreasureMap"],"picked":"SKIP","floor":7.0},{"not_picked":["somnambulantmod: Amnausea","somnambulantmod: HeavyLids"],"picked":"somnambulantmod: Repression","floor":8.0},{"not_picked":["somnambulantmod: Hush","somnambulantmod: RecurringDream"],"picked":"somnambulantmod: LightSleeper","floor":8.0},{"not_picked":["somnambulantmod: Hush","somnambulantmod: SnuggleUp"],"picked":"somnambulantmod: Repression","floor":8.0},{"not_picked":["TH:DeckOfManyThings","TH:CopperCoins"],"picked":"SKIP","floor":9.0},{"not_picked":["somnambulantmod: LeechFears","somnambulantmod: Hush"],"picked":"somnambulantmod: LoseForm","floor":12.0},{"not_picked":["TH:CursedSword","TH:EnergyPotion"],"picked":"SKIP","floor":12.0},{"not_picked":["somnambulantmod: Hush","somnambulantmod: Cower"],"picked":"somnambulantmod: Repression","floor":13.0},{"not_picked":["TH:CopperCoins","TH:ElvenBoots"],"picked":"SKIP","floor":14.0},{"not_picked":["somnambulantmod: Unknow","somnambulantmod: OpeningUp","somnambulantmod: ViralIdea"],"picked":"SKIP","floor":14.0},{"not_picked":["somnambulantmod: Narcolepsy","somnambulantmod: Damping"],"picked":"somnambulantmod: Lucidity","floor":16.0},{"not_picked":["somnambulantmod: Sleepyhead","somnambulantmod: OpeningUp","somnambulantmod: DarkeningMind+1"],"picked":"SKIP","floor":18.0},{"not_picked":["somnambulantmod: Trauma","somnambulantmod: LeechFears+1","somnambulantmod: HeavyLids"],"picked":"SKIP","floor":19},{"not_picked":["somnambulantmod: ImpenetrableMind+1","somnambulantmod: Pinch+1","somnambulantmod: PillowFort+1"],"picked":"SKIP","floor":22},{"not_picked":["somnambulantmod: Blink","somnambulantmod: Pinch","somnambulantmod: Harden"],"picked":"SKIP","floor":24},{"not_picked":["TH:ArmorSpikes","TH:CopperCoins"],"picked":"SKIP","floor":25},{"not_picked":["somnambulantmod: LeechFears","somnambulantmod: Hush","somnambulantmod: Unknow"],"picked":"SKIP","floor":25},{"not_picked":["TH:CopperCoins","TH:PixieDust"],"picked":"SKIP","floor":26},{"not_picked":["somnambulantmod: Pinch+1","somnambulantmod: Stumble","somnambulantmod: Remember"],"picked":"SKIP","floor":28},{"not_picked":["somnambulantmod: Repression","somnambulantmod: ShowerThought+1","somnambulantmod: Pinch+1"],"picked":"SKIP","floor":29},{"not_picked":["somnambulantmod: Remember"],"picked":"SKIP","floor":35},{"not_picked":[],"picked":"somnambulantmod: HorrificThought","floor":39},{"not_picked":["TH:CopperCoins"],"picked":"SKIP","floor":40},{"not_picked":["somnambulantmod: Repression+1"],"picked":"SKIP","floor":40},{"not_picked":["TH:ElvenBoots"],"picked":"SKIP","floor":43},{"not_picked":["TH:TreasureMap"],"picked":"SKIP","floor":44},{"not_picked":["somnambulantmod: Damping"],"picked":"SKIP","floor":44},{"not_picked":["somnambulantmod: DarkeningMind"],"picked":"SKIP","floor":47},{"not_picked":["somnambulantmod: SleepingBody+1"],"picked":"SKIP","floor":48},{"not_picked":["TH:TreasureMap"],"picked":"SKIP","floor":54},{"not_picked":["somnambulantmod: RecurringDream+1"],"picked":"SKIP","floor":54}],"player_experience":322822,"relics_obtained":[{"floor":7.0,"key":"Thread and Needle"},{"floor":9.0,"key":"Gremlin Horn"},{"floor":12.0,"key":"Nunchaku"},{"floor":14.0,"key":"Replay:Rubber Ducky"},{"floor":25,"key":"Orichalcum"},{"floor":40,"key":"somnambulantmod: CiphersPen"},{"floor":43,"key":"Centennial Puzzle"},{"floor":44,"key":"Smiling Mask"},{"floor":54,"key":"Art of War"}],"event_choices":[{"damage_healed":0.0,"max_hp_gain":0.0,"max_hp_loss":0.0,"gold_gain":175.0,"event_name":"Liars Game","player_choice":"AGREE","floor":3.0,"gold_loss":0.0,"damage_taken":0.0,"cards_obtained":["Doubt"]},{"damage_healed":0,"gold_gain":0,"player_choice":"Shed Blood","damage_taken":19,"max_hp_gain":5,"max_hp_loss":0,"event_name":"Forgotten Altar","floor":21,"gold_loss":0},{"damage_healed":0,"gold_gain":0,"player_choice":"Read","damage_taken":0,"max_hp_gain":0,"max_hp_loss":0,"event_name":"The Library","floor":31,"gold_loss":0,"cards_obtained":["somnambulantmod: HorrificThought"]},{"damage_healed":0,"gold_gain":0,"player_choice":"Ignored","damage_taken":0,"max_hp_gain":0,"max_hp_loss":0,"event_name":"Tomb of Lord Red Mask","floor":36,"gold_loss":0},{"damage_healed":0,"gold_gain":0,"player_choice":"Max HP","damage_taken":0,"max_hp_gain":0,"max_hp_loss":4,"event_name":"Winding Halls","floor":37,"gold_loss":0},{"damage_healed":0,"gold_gain":0,"player_choice":"Bought 0 Potions","damage_taken":0,"max_hp_gain":0,"max_hp_loss":0,"event_name":"The Woman in Blue","floor":46,"gold_loss":0}],"is_beta":false,"boss_relics":[{"not_picked":["Replay:Ancient Bell","Honey Jar"],"picked":"Tiny House"},{"not_picked":["Astrolabe","SacredBark"],"picked":"Busted Crown"}],"items_purged_floors":[0,8,20],"is_endless":false,"potions_floor_spawned":[1,4,5,12,16,18,28,29,35,39],"ascension_level":1}}