{"host":"z37g2hkgkh2zjyzk","time":1614097823,"event":{"mods":["2.2 Compatiblity","AchievementEnabler","BaseMod","Bestiary","Colored Map","Colored Powertips","Curses Come First","Highlight Path","Keyboard Shortcuts","Minty Spire (QoL Compilation)","Relic Stats","StSLib","SuperFastMode"],"gold_per_floor":[112,112,287,303,313,345,345,372,444,457,468,468,482,502,502,502,502],"floor_reached":16,"language":"ENG","playtime":707,"items_purged":[],"score":148,"play_id":"79c95acf-4bbd-4e6e-9289-20854f37f65e","local_time":"20210223173023","is_ascension_mode":true,"campfire_choices":[{"floor":7,"key":"REST"},{"floor":15,"key":"REST"}],"circlet_count":0,"master_deck":["Strike_B","Strike_B","Strike_B","Strike_B","Defend_B","Defend_B","Defend_B","Defend_B","Zap","Dualcast","Sweeping Beam","Doubt","Fusion","Streamline","Echo Form","Seek","Hyperbeam","Turbo","Pain","Turbo","Hologram"],"relics":["Snecko Eye","Peace Pipe","Potion Belt","Shovel","Bottled Lightning","WarpedTongs"],"acts_visited":["Exordium"],"potions_floor_usage":[16,16],"damage_taken":[{"damage":0,"enemies":"Jaw Worm","floor":1,"turns":3},{"damage":5,"enemies":"2 Louse","floor":4,"turns":3},{"damage":1,"enemies":"Cultist","floor":5,"turns":4},{"damage":22,"enemies":"Gremlin Nob","floor":6,"turns":4},{"damage":20,"enemies":"Lagavulin","floor":8,"turns":6},{"damage":7,"enemies":"3 Louse","floor":10,"turns":2},{"damage":8,"enemies":"Blue Slaver","floor":11,"turns":4},{"damage":1,"enemies":"Exordium Thugs","floor":13,"turns":2},{"damage":0,"enemies":"2 Fungi Beasts","floor":14,"turns":1},{"damage":50,"enemies":"Slime Boss","floor":16,"turns":4}],"seed_played":"-4819755515033901585","potions_obtained":[{"floor":5,"key":"CultistPotion"},{"floor":6,"key":"Dexterity Potion"},{"floor":11,"key":"ColorlessPotion"},{"floor":14,"key":"LiquidBronze"}],"is_trial":false,"path_per_floor":["M","?","?","M","M","E","R","E","T","M","M","?","M","M","R","B"],"character_chosen":"DEFECT","items_purchased":[],"campfire_rested":2,"item_purchase_floors":[],"current_hp_per_floor":[68,61,61,56,55,33,55,35,35,28,20,20,19,19,41,0,0],"gold":502,"neow_bonus":"BOSS_RELIC","is_daily":false,"chose_seed":false,"campfire_upgraded":0,"win_rate":0.0,"timestamp":1614097823,"path_taken":["M","?","?","M","M","E","R","E","T","M","M","?","M","?","R","BOSS"],"items_purchased_type":[],"build_version":"2020-12-22","purchased_purges":0,"victory":false,"max_hp_per_floor":[75,75,75,75,75,75,75,75,75,75,75,75,75,75,75,75,75],"relic_stats":{"Peace Pipe":0,"Shovel":0,"counters":[10,33],"Snecko Eye":[60,52,61,51],"obtain_stats":[{"Peace Pipe":2,"Potion Belt":6,"Shovel":8,"Snecko Eye":0,"Bottled Lightning":9,"Cracked Core":0,"WarpedTongs":12},{"Peace Pipe":1,"Potion Belt":4,"Shovel":5,"Snecko Eye":0,"Bottled Lightning":5,"Cracked Core":0,"WarpedTongs":7},{"Peace Pipe":3,"Potion Belt":14,"Shovel":20,"Snecko Eye":0,"Bottled Lightning":20,"Cracked Core":0,"WarpedTongs":26}],"WarpedTongs":[7]},"card_choices":[{"not_picked":["Blizzard","Heatsinks"],"picked":"Sweeping Beam","floor":1},{"not_picked":["Cold Snap","Go for the Eyes"],"picked":"Fusion","floor":4},{"not_picked":["Sweeping Beam","Self Repair"],"picked":"Streamline","floor":5},{"not_picked":["Streamline","Rebound"],"picked":"Echo Form","floor":6},{"not_picked":["Redo","Rebound"],"picked":"Seek","floor":8},{"not_picked":["Beam Cell","Conserve Battery"],"picked":"Hyperbeam","floor":10},{"not_picked":["Rebound","Scrape"],"picked":"Turbo","floor":11},{"not_picked":["Stack","Rebound"],"picked":"Turbo","floor":13},{"not_picked":["Redo","Conserve Battery"],"picked":"Hologram","floor":14}],"player_experience":223495,"relics_obtained":[{"floor":6,"key":"Potion Belt"},{"floor":8,"key":"Shovel"},{"floor":9,"key":"Bottled Lightning"}],"event_choices":[{"damage_healed":0,"gold_gain":0,"player_choice":"Success","damage_taken":7,"relics_obtained":["Peace Pipe"],"max_hp_gain":0,"max_hp_loss":0,"event_name":"Scrap Ooze","floor":2,"gold_loss":0},{"damage_healed":0,"gold_gain":175,"player_choice":"AGREE","damage_taken":0,"max_hp_gain":0,"max_hp_loss":0,"event_name":"Liars Game","floor":3,"gold_loss":0,"cards_obtained":["Doubt"]},{"damage_healed":0,"gold_gain":0,"player_choice":"Rummage","damage_taken":0,"relics_obtained":["WarpedTongs"],"max_hp_gain":0,"max_hp_loss":0,"event_name":"Accursed Blacksmith","floor":12,"gold_loss":0,"cards_obtained":["Pain"]}],"is_beta":false,"boss_relics":[],"items_purged_floors":[],"is_endless":false,"potions_floor_spawned":[5,6,11,14],"killed_by":"Slime Boss","ascension_level":6}}