{"host":"bg8va46pgqgvtzim","time":1614092240,"event":{"mods":["BaseMod","Minty Spire (QoL Compilation)","Quick Restart","StSLib","SuperFastMode"],"gold_per_floor":[17,37,37,53,64,64,14,0,0,32,52,83,101,171,171,171,199,219,65,78,95,95,114,131,131,131,230,230,245,57,73,523,534,552,566,566,599,599,599,612,612,638,650,679,679,482,497,515,515,515,615,615,628,648,661,661,674,701,701,729,729,729,778,790,790,803,803,835,835,835,835,835,93,125,125],"floor_reached":76,"language":"ZHS","playtime":1881,"items_purged":["Strike_R","Strike_R","Defend_R","Bash+1"],"score":1963,"play_id":"97cb6a7f-da1b-4401-b074-87fbd34e9657","local_time":"20210223225720","is_ascension_mode":true,"campfire_choices":[{"data":"Body Slam","floor":9.0,"key":"SMITH"},{"data":"Battle Trance","floor":16.0,"key":"SMITH"},{"data":"Evolve","floor":22.0,"key":"SMITH"},{"floor":25.0,"key":"RECALL"},{"data":"Bash","floor":26.0,"key":"SMITH"},{"data":"Barricade","floor":39.0,"key":"SMITH"},{"data":"Feel No Pain","floor":45.0,"key":"SMITH"},{"data":"Dark Embrace","floor":49.0,"key":"SMITH"},{"data":"Defend_R","floor":50.0,"key":"SMITH"},{"data":"Reckless Charge","floor":59,"key":"SMITH"},{"data":"Defend_R","floor":61,"key":"SMITH"}],"circlet_count":0,"master_deck":["Defend_R+1","Defend_R+1","Body Slam+1","Evolve+1","Battle Trance+1","Seeing Red+1","True Grit+1","Shrug It Off+1","Second Wind+1","Warcry+1","Barricade+1","Feel No Pain+1","Deep Breath+1","Sentinel+1","Shrug It Off+1","Seeing Red+1","Warcry+1","Offering+1","Dark Embrace+1","Power Through+1","Reckless Charge+1","Finesse+1","Impatience+1","Warcry+1"],"relics":["Burning Blood","Toxic Egg 2","Regal Pillow","Singing Bowl","Bottled Lightning","Paper Frog","Mark of Pain","StoneCalendar","Oddly Smooth Stone","Art of War","Boot","Coffee Dripper","Sundial","Vajra","Ornamental Fan","Du-Vu Doll","Orichalcum","Charon\u0027s Ashes","Mercury Hourglass","Strawberry"],"acts_visited":["Exordium","TheCity","TheBeyond","TheEnding"],"potions_floor_usage":[75,75],"damage_taken":[{"damage":6.0,"enemies":"Cultist","floor":1.0,"turns":5.0},{"damage":3.0,"enemies":"Jaw Worm","floor":2.0,"turns":6.0},{"damage":2.0,"enemies":"2 Louse","floor":4.0,"turns":3.0},{"damage":9.0,"enemies":"Red Slaver","floor":5.0,"turns":6.0},{"damage":0.0,"enemies":"Looter","floor":8.0,"turns":4.0},{"damage":50.0,"enemies":"Lagavulin","floor":10.0,"turns":10.0},{"damage":3.0,"enemies":"2 Fungi Beasts","floor":11.0,"turns":3.0},{"damage":6.0,"enemies":"Gremlin Nob","floor":12.0,"turns":4.0},{"damage":7.0,"enemies":"Blue Slaver","floor":13.0,"turns":3.0},{"damage":9.0,"enemies":"3 Sentries","floor":17.0,"turns":8.0},{"damage":0.0,"enemies":"Large Slime","floor":18.0,"turns":5.0},{"damage":0.0,"enemies":"Exordium Wildlife","floor":20.0,"turns":3.0},{"damage":1.0,"enemies":"Gremlin Gang","floor":21.0,"turns":4.0},{"damage":0.0,"enemies":"Lots of Slimes","floor":23.0,"turns":6.0},{"damage":0.0,"enemies":"3 Louse","floor":24.0,"turns":4.0},{"damage":3.0,"enemies":"Hexaghost","floor":27.0,"turns":5.0},{"damage":0.0,"enemies":"Chosen","floor":29.0,"turns":4.0},{"damage":0.0,"enemies":"2 Thieves","floor":31.0,"turns":3.0},{"damage":0.0,"enemies":"Snake Plant","floor":33.0,"turns":3.0},{"damage":0.0,"enemies":"Sentry and Sphere","floor":34.0,"turns":6.0},{"damage":0.0,"enemies":"Centurion and Healer","floor":35.0,"turns":4.0},{"damage":0.0,"enemies":"Slavers","floor":37.0,"turns":4.0},{"damage":0.0,"enemies":"3 Cultists","floor":40.0,"turns":5.0},{"damage":0.0,"enemies":"Book of Stabbing","floor":42.0,"turns":4.0},{"damage":0.0,"enemies":"Snake Plant","floor":43.0,"turns":3.0},{"damage":4.0,"enemies":"Slavers","floor":44.0,"turns":4.0},{"damage":4.0,"enemies":"Centurion and Healer","floor":47.0,"turns":4.0},{"damage":6.0,"enemies":"Shelled Parasite and Fungi","floor":48.0,"turns":3.0},{"damage":6.0,"enemies":"Collector","floor":51.0,"turns":2.0},{"damage":6.0,"enemies":"3 Darklings","floor":53.0,"turns":2.0},{"damage":6.0,"enemies":"Orb Walker","floor":54.0,"turns":2.0},{"damage":0.0,"enemies":"Transient","floor":55.0,"turns":5.0},{"damage":0.0,"enemies":"Writhing Mass","floor":57.0,"turns":1.0},{"damage":6,"enemies":"Nemesis","floor":58,"turns":1},{"damage":0,"enemies":"Reptomancer","floor":60,"turns":2},{"damage":6,"enemies":"2 Orb Walkers","floor":63,"turns":2},{"damage":6,"enemies":"Jaw Worm Horde","floor":64,"turns":1},{"damage":0,"enemies":"Maw","floor":66,"turns":3},{"damage":6,"enemies":"Nemesis","floor":68,"turns":3},{"damage":6,"enemies":"Awakened One","floor":70,"turns":3},{"damage":0,"enemies":"Shield and Spear","floor":74,"turns":3},{"damage":0,"enemies":"The Heart","floor":75,"turns":3}],"seed_played":"6295417071455111358","potions_obtained":[{"floor":1.0,"key":"ElixirPotion"},{"floor":4.0,"key":"EssenceOfSteel"},{"floor":5.0,"key":"Block Potion"},{"floor":11.0,"key":"Block Potion"},{"floor":12.0,"key":"DistilledChaos"},{"floor":18.0,"key":"Dexterity Potion"},{"floor":29.0,"key":"Energy Potion"},{"floor":33.0,"key":"GamblersBrew"},{"floor":34.0,"key":"HeartOfIron"},{"floor":47.0,"key":"PowerPotion"},{"floor":53.0,"key":"LiquidMemories"},{"floor":58,"key":"Swift Potion"}],"is_trial":false,"path_per_floor":["M","M","$","M","M","$","?","M","R","E","M","E","M","T","T","R","E","M","$","M","M","R","M","M","R","R","B",null,"M","$","M","?","M","M","M","?","E","?","R","M","T","E","M","E","R","$","M","M","R","R","B",null,"M","M","M","?","M","E","R","E","R","T","?","M","R","M","?","E","R","B",null,"R","$","E","B",null],"character_chosen":"IRONCLAD","items_purchased":["Second Wind+1","Deep Breath+1","Dark Embrace","Warcry+1","Charon\u0027s Ashes","Mercury Hourglass"],"campfire_rested":0,"item_purchase_floors":[19,30,46,73,73,73],"current_hp_per_floor":[80,80,80,80,77,77,77,80,80,36,39,39,38,38,38,38,37,45,45,53,58,58,66,74,74,74,77,90,90,90,90,44,50,58,66,66,74,74,74,82,82,88,96,98,98,98,102,104,104,104,106,106,108,110,110,110,110,112,112,114,114,114,116,118,118,120,112,114,114,114,124,124,124,133,133],"gold":125,"neow_bonus":"REMOVE_TWO","is_daily":false,"chose_seed":false,"campfire_upgraded":10,"win_rate":0.0,"timestamp":1614092240,"path_taken":["M","M","?","M","M","$","?","M","R","E","M","E","M","T","T","R","E","M","?","M","M","R","M","?","R","R","BOSS","M","$","M","?","M","?","M","?","E","?","R","M","T","E","M","E","R","$","?","M","R","R","BOSS","M","M","M","?","M","E","R","E","R","T","?","M","R","M","?","E","R","BOSS","R","$","E","BOSS"],"items_purchased_type":["Card","Card","Card","Card","Relic","Relic"],"build_version":"2020-12-22","purchased_purges":4,"victory":true,"max_hp_per_floor":[80,80,80,80,80,80,80,80,80,80,80,80,80,80,80,80,82,84,84,86,86,86,88,90,90,90,90,90,90,90,90,90,90,92,94,94,96,96,96,98,98,98,100,100,100,100,102,104,104,104,106,106,108,110,110,110,110,112,112,114,114,114,116,118,118,120,122,124,124,124,124,124,124,133,133],"card_choices":[{"not_picked":["Burning Pact","Iron Wave"],"picked":"Body Slam","floor":1.0},{"not_picked":["Wild Strike","Perfected Strike","Sentinel"],"picked":"SKIP","floor":2.0},{"not_picked":["Flame Barrier","Anger"],"picked":"Evolve","floor":4.0},{"not_picked":["Combust","Pommel Strike"],"picked":"Battle Trance","floor":5.0},{"not_picked":["Warcry","Dark Embrace","Ghostly Armor"],"picked":"SKIP","floor":8.0},{"not_picked":["Iron Wave","Flex+1"],"picked":"Seeing Red+1","floor":10.0},{"not_picked":["Flex+1","Iron Wave","Limit Break+1"],"picked":"SKIP","floor":11.0},{"not_picked":["Twin Strike","Perfected Strike"],"picked":"True Grit+1","floor":12.0},{"not_picked":["Pommel Strike","Clash"],"picked":"Shrug It Off+1","floor":13.0},{"not_picked":["Sword Boomerang","Cleave","Headbutt"],"picked":"Singing Bowl","floor":17.0},{"not_picked":["Flex+1","Double Tap+1","Perfected Strike"],"picked":"Singing Bowl","floor":18.0},{"not_picked":["Twin Strike","Perfected Strike","Searing Blow"],"picked":"Singing Bowl","floor":20.0},{"not_picked":["Uppercut","Sword Boomerang"],"picked":"Warcry+1","floor":21.0},{"not_picked":["Demon Form","Searing Blow","Sword Boomerang"],"picked":"Singing Bowl","floor":23.0},{"not_picked":["Combust","Havoc+1","Heavy Blade"],"picked":"Singing Bowl","floor":24.0},{"not_picked":["Impervious+1","Demon Form"],"picked":"Barricade","floor":27.0},{"not_picked":["Anger+1","Clash"],"picked":"Feel No Pain","floor":29.0},{"not_picked":["Wild Strike","Thunderclap+1"],"picked":"Sentinel+1","floor":31.0},{"not_picked":["True Grit+1","Heavy Blade"],"picked":"Shrug It Off+1","floor":33.0},{"not_picked":["Seeing Red+1","Shrug It Off+1","Searing Blow+1"],"picked":"Singing Bowl","floor":34.0},{"not_picked":["Rupture","Juggernaut","Armaments+1"],"picked":"Singing Bowl","floor":35.0},{"not_picked":["Wild Strike","True Grit+1","Clash"],"picked":"Singing Bowl","floor":37.0},{"not_picked":["Iron Wave","Pommel Strike+1","Shrug It Off+1"],"picked":"Singing Bowl","floor":40.0},{"not_picked":["Sword Boomerang","Shrug It Off+1"],"picked":"Warcry+1","floor":42.0},{"not_picked":["Headbutt","Clothesline","Flex+1"],"picked":"Singing Bowl","floor":43.0},{"not_picked":["Twin Strike","Armaments+1"],"picked":"Offering+1","floor":44.0},{"not_picked":["Ghostly Armor+1","Body Slam","Spot Weakness+1"],"picked":"Singing Bowl","floor":47.0},{"not_picked":["Iron Wave+1","Headbutt","Dark Embrace+1"],"picked":"Singing Bowl","floor":48.0},{"not_picked":["Feed","Barricade","Limit Break+1"],"picked":"Singing Bowl","floor":51.0},{"not_picked":["Disarm+1","Clash+1","Heavy Blade"],"picked":"Singing Bowl","floor":53.0},{"not_picked":["Clothesline+1","Havoc+1","Iron Wave"],"picked":"Singing Bowl","floor":54.0},{"not_picked":["Inflame","Twin Strike+1"],"picked":"Power Through+1","floor":55.0},{"not_picked":["Clash","Flame Barrier+1"],"picked":"Reckless Charge","floor":57},{"not_picked":["Shrug It Off+1","Reckless Charge+1","Clash"],"picked":"Singing Bowl","floor":58},{"not_picked":["Corruption","Bloodletting+1","Seeing Red+1"],"picked":"Singing Bowl","floor":60},{"not_picked":["Body Slam+1","Pommel Strike+1","Clash"],"picked":"Singing Bowl","floor":63},{"not_picked":["Power Through+1","Ghostly Armor+1","Spot Weakness+1"],"picked":"Singing Bowl","floor":64},{"not_picked":["Searing Blow","Clash","Uppercut"],"picked":"Singing Bowl","floor":66},{"not_picked":["Flash of Steel","Good Instincts+1"],"picked":"Finesse+1","floor":67},{"not_picked":["Panache","Trip+1"],"picked":"Impatience+1","floor":67},{"not_picked":["Good Instincts+1","Jack Of All Trades+1","Madness+1"],"picked":"Singing Bowl","floor":67},{"not_picked":["Clash","Thunderclap+1","Sword Boomerang"],"picked":"Singing Bowl","floor":68},{"not_picked":["Pommel Strike+1","Entrench+1","Rampage"],"picked":"Singing Bowl","floor":74}],"player_experience":2519407,"relics_obtained":[{"floor":10.0,"key":"Toxic Egg 2"},{"floor":12.0,"key":"Regal Pillow"},{"floor":14.0,"key":"Singing Bowl"},{"floor":15.0,"key":"Bottled Lightning"},{"floor":17.0,"key":"Paper Frog"},{"floor":37.0,"key":"StoneCalendar"},{"floor":42.0,"key":"Art of War"},{"floor":44.0,"key":"Boot"},{"floor":58,"key":"Sundial"},{"floor":60,"key":"Vajra"},{"floor":62,"key":"Ornamental Fan"},{"floor":63,"key":"Du-Vu Doll"},{"floor":68,"key":"Orichalcum"},{"floor":74,"key":"Strawberry"}],"event_choices":[{"cards_removed":["Strike_R"],"damage_healed":0.0,"max_hp_gain":0.0,"max_hp_loss":0.0,"gold_gain":0.0,"event_name":"The Cleric","player_choice":"Card Removal","floor":7.0,"gold_loss":50.0,"damage_taken":0.0},{"damage_healed":0.0,"max_hp_gain":0.0,"max_hp_loss":0.0,"gold_gain":450.0,"event_name":"Knowing Skull","player_choice":"GOLD GOLD GOLD GOLD GOLD ","floor":32.0,"potions_obtained":[],"gold_loss":0.0,"damage_taken":46.0,"cards_obtained":[]},{"damage_healed":0.0,"max_hp_gain":0.0,"max_hp_loss":0.0,"gold_gain":0.0,"event_name":"The Library","player_choice":"Read","floor":36.0,"gold_loss":0.0,"damage_taken":0.0,"cards_obtained":["Seeing Red"]},{"damage_healed":0.0,"max_hp_gain":0.0,"max_hp_loss":0.0,"gold_gain":0.0,"event_name":"WeMeetAgain","player_choice":"Gave Potion","floor":38.0,"gold_loss":0.0,"damage_taken":0.0,"relics_obtained":["Oddly Smooth Stone"]},{"cards_removed":["Defend_R"],"damage_healed":0.0,"max_hp_gain":0.0,"max_hp_loss":0.0,"gold_gain":0.0,"event_name":"Purifier","player_choice":"Purged","floor":56.0,"gold_loss":0.0,"damage_taken":0.0},{"damage_healed":0,"gold_gain":0,"player_choice":"Fight","damage_taken":0,"max_hp_gain":0,"max_hp_loss":0,"event_name":"Mysterious Sphere","floor":63,"gold_loss":0},{"damage_healed":0,"gold_gain":0,"player_choice":"Memory 3","damage_taken":10,"max_hp_gain":0,"max_hp_loss":0,"event_name":"SensoryStone","floor":67,"gold_loss":0}],"is_beta":false,"boss_relics":[{"not_picked":["Snecko Eye","Runic Pyramid"],"picked":"Mark of Pain"},{"not_picked":["Runic Cube","Tiny House"],"picked":"Coffee Dripper"}],"items_purged_floors":[19,30,46,73],"is_endless":false,"potions_floor_spawned":[1,4,5,11,12,18,23,24,29,33,34,47,51,53,55,57,58,64],"ascension_level":1}}