{"host":"agl6880ykeaxaurv","time":1614092166,"event":{"mods":["AchievementEnabler","BaseMod","Colored Map","Colored Powertips","Downfall","Hermit","Highlight Path","Infinite Spire","Minty Spire (QoL Compilation)","Quick Restart","Robot Space Explorer","StSLib","The Cursed","The Disciple","The Runesmith","The Servant 0.9.4"],"gold_per_floor":[117,44,44,57,5,5,37,50,50,60,60,30,56,67,67,167,167,178,196,49,49,49,79,79,97,124,124,124,124],"floor_reached":28,"language":"ENG","playtime":1128,"items_purged":[],"score":326,"play_id":"c7299e16-191a-49ea-b4ee-52e8de3169e3","local_time":"20210223145606","is_ascension_mode":true,"campfire_choices":[{"floor":6,"key":"RECALL"},{"floor":15,"key":"REST"},{"floor":24,"key":"REST"}],"circlet_count":0,"master_deck":["Bash","Searing Blow","Flex","Shrug It Off","Wild Strike","Twin Strike","Armaments+1","Spot Weakness","Twin Strike","Berserk","Carnage","Whirlwind","Clothesline","Evolve","Rampage","Body Slam","Dropkick","Dark Embrace","Ghostly Armor","Heavy Blade+1","Intimidate","Sword Boomerang","Twin Strike+1","Spot Weakness"],"relics":["Burning Blood","TungstenRod","Torii","Pandora\u0027s Box","Brimstone","Nloth\u0027s Gift","Bag of Preparation"],"acts_visited":["Exordium","TheCity"],"potions_floor_usage":[23,28],"damage_taken":[{"damage":9,"enemies":"Jaw Worm","floor":1,"turns":4},{"damage":1,"enemies":"Cultist","floor":4,"turns":3},{"damage":45,"enemies":"3 Sentries","floor":7,"turns":12},{"damage":5,"enemies":"2 Louse","floor":8,"turns":3},{"damage":0,"enemies":"Large Slime","floor":10,"turns":6},{"damage":29,"enemies":"Gremlin Nob","floor":13,"turns":4},{"damage":0,"enemies":"Gremlin Gang","floor":14,"turns":5},{"damage":0,"enemies":"The Guardian","floor":16,"turns":12},{"damage":0,"enemies":"3 Byrds","floor":18,"turns":4},{"damage":33,"enemies":"Shell Parasite","floor":19,"turns":5},{"damage":58,"enemies":"Slavers","floor":23,"turns":4},{"damage":31,"enemies":"Snake Plant","floor":25,"turns":4},{"damage":11,"enemies":"Chosen and Byrds","floor":28,"turns":1}],"seed_played":"1376018359499670615","potions_obtained":[{"floor":7,"key":"BlessingOfTheForge"},{"floor":12,"key":"SneckoOil"},{"floor":12,"key":"GamblersBrew"},{"floor":19,"key":"PowerPotion"},{"floor":25,"key":"SkillPotion"}],"is_trial":false,"path_per_floor":["M","$","?","M","$","R","E","M","T","M","?","?","E","M","R","B",null,"M","M","$","?","$","E","R","M","T","?","M"],"character_chosen":"IRONCLAD","items_purchased":["Searing Blow","Shrug It Off","Brimstone"],"campfire_rested":2,"item_purchase_floors":[2,5,20],"current_hp_per_floor":[85,85,88,88,88,88,49,50,50,56,56,56,33,39,65,71,88,88,61,61,61,61,9,35,10,10,10,0,0],"gold":124,"neow_bonus":"TEN_PERCENT_HP_BONUS","is_daily":false,"chose_seed":false,"campfire_upgraded":0,"win_rate":0.0,"timestamp":1614092166,"path_taken":["M","$","?","?","$","R","E","M","T","M","?","?","E","M","R","BOSS","M","?","?","?","$","E","R","?","T","?","M"],"items_purchased_type":["Card","Card","Relic"],"build_version":"2020-12-22","purchased_purges":0,"victory":false,"max_hp_per_floor":[88,88,88,88,88,88,88,88,88,88,88,88,88,88,88,88,88,88,88,88,88,88,88,88,88,88,88,88,88],"card_choices":[{"not_picked":["Burning Pact","Warcry"],"picked":"Rage","floor":1},{"not_picked":["Sever Soul","infinitespire:OneForAll"],"picked":"Flex","floor":4},{"not_picked":["infinitespire:OneForAll","Sword Boomerang"],"picked":"Wild Strike","floor":7},{"not_picked":["Clash","Wild Strike"],"picked":"Twin Strike","floor":8},{"not_picked":["True Grit","Shrug It Off"],"picked":"Armaments","floor":10},{"not_picked":["Immolate","Hemokinesis"],"picked":"Spot Weakness","floor":13},{"not_picked":["Havoc","Dual Wield"],"picked":"Twin Strike","floor":14},{"not_picked":["Double Tap","Impervious"],"picked":"Berserk","floor":16},{"not_picked":["Headbutt+1","Flex+1"],"picked":"Heavy Blade+1","floor":18},{"not_picked":["Clothesline+1","Searing Blow"],"picked":"Intimidate","floor":19},{"not_picked":["Wild Strike","infinitespire:OneForAll+1"],"picked":"Sword Boomerang","floor":23},{"not_picked":["Infernal Blade","Warcry"],"picked":"Twin Strike+1","floor":25}],"player_experience":312895,"relics_obtained":[{"floor":7,"key":"TungstenRod"},{"floor":9,"key":"Torii"},{"floor":13,"key":"Oddly Smooth Stone"},{"floor":23,"key":"Bag of Preparation"}],"event_choices":[{"cards_removed":["Rage"],"damage_healed":3,"gold_gain":0,"player_choice":"Offered Uncommon","damage_taken":0,"max_hp_gain":0,"max_hp_loss":0,"event_name":"Bonfire Elementals","floor":3,"gold_loss":0},{"damage_healed":0,"gold_gain":0,"player_choice":"Grow","damage_taken":0,"max_hp_gain":0,"max_hp_loss":0,"event_name":"Living Wall","floor":11,"gold_loss":0,"cards_upgraded":["Armaments"]},{"damage_healed":0,"gold_gain":0,"player_choice":"Bought 2 Potions","damage_taken":0,"max_hp_gain":0,"max_hp_loss":0,"event_name":"The Woman in Blue","floor":12,"gold_loss":0},{"damage_healed":0,"gold_gain":0,"player_choice":"Traded Relic","damage_taken":0,"relics_obtained":["Nloth\u0027s Gift"],"max_hp_gain":0,"max_hp_loss":0,"event_name":"N\u0027loth","floor":21,"relics_lost":["Oddly Smooth Stone"],"gold_loss":0},{"damage_healed":0,"gold_gain":0,"player_choice":"Copied","damage_taken":0,"max_hp_gain":0,"max_hp_loss":0,"event_name":"Duplicator","floor":27,"gold_loss":0,"cards_obtained":["Spot Weakness"]}],"is_beta":false,"boss_relics":[{"not_picked":["Astrolabe","Sozu"],"picked":"Pandora\u0027s Box"}],"items_purged_floors":[],"is_endless":false,"potions_floor_spawned":[7,13,14,16,19,25],"killed_by":"Chosen and Byrds","ascension_level":2}}