{"host":"5dhwd44u3dydylwe","time":1614055142,"event":{"mods":["AchievementEnabler","BaseMod","BetterRewards","Dota2Spire","Duelist Mod","GifTheSpireLib","Hubris","Minty Spire (QoL Compilation)","Shop Mod","StSLib","Wandering Minibosses"],"gold_per_floor":[144,157,157,146,159,171,197,197,231,245,245,245,299,331,15,41,54,70,70,145,145,194,244,257,257,257,272,303,317,317,317,366,5,5,16,16,51,51,51,126,126,143,158,158,158,64,64,99,99,123,158,175,207,227,238,238,238,238,238,78,108,108],"floor_reached":63,"language":"ENG","playtime":3592,"items_purged":["theDuelist:Sparks","theDuelist:CastleWalls","theDuelist:CastleWalls","theDuelist:Relinkuriboh","theDuelist:Sparks","theDuelist:FluteKuriboh+1"],"score":3620,"play_id":"86a497d5-b16a-4e02-a9a2-d0a50f739788","local_time":"20210223123902","is_ascension_mode":true,"campfire_choices":[{"data":"theDuelist:SwordsBurning","floor":19,"key":"SMITH"},{"floor":30,"key":"RECALL"},{"floor":34,"key":"REST"},{"floor":38,"key":"REST"},{"floor":39,"key":"REST"},{"data":"theDuelist:Nameless:Magic:SpiralSpearStrike","floor":47,"key":"SMITH"},{"data":"theDuelist:Nameless:Magic:SpiralSpearStrike+1","floor":49,"key":"SMITH"},{"floor":56,"key":"REST"},{"floor":59,"key":"REST"}],"circlet_count":0,"master_deck":["theDuelist:HammerShot+1","AscendersBane","theDuelist:LegendaryFlameLord+1","theDuelist:GoblinSecret+1","theDuelist:BeastFangs+1","theDuelist:WingedKuribohLv10+1","theDuelist:SwordsBurning+1","theDuelist:MultiplicationOfAnts+1","theDuelist:Relinkuriboh+1","theDuelist:DarklordSuperbia+1","theDuelist:Kuribohrn+1","theDuelist:UltraPolymerization+1","theDuelist:LightningVortex+1","theDuelist:Blockman+1","theDuelist:JunkKuriboh+1","theDuelist:Fissure+1","theDuelist:Relinkuriboh+1","theDuelist:MultiplicationOfAnts+1","theDuelist:FluteKuriboh+1","theDuelist:JunkKuriboh+1","theDuelist:WingedKuriboh+1","theDuelist:Nameless:Magic:SpiralSpearStrike+2","theDuelist:HammerShot+1","theDuelist:MultiplicationOfAnts+1"],"relics":["theDuelist:MillenniumPuzzle","theDuelist:CardPoolRelic","theDuelist:CardPoolBasicRelic","theDuelist:BoosterPackPoolRelic","theDuelist:CardPoolAddRelic","theDuelist:CardPoolSaveRelic","theDuelist:CardPoolOptionsRelic","Paper Frog","Happy Flower","theDuelist:MillenniumSymbol","Dota2Spire:ArcaneBoots","theDuelist:SolderToken","theDuelist:YugiMirror","Runic Capacitor","Bronze Scales","Vajra","Toxic Egg 2","hubris:BallOfYels","Akabeko","FossilizedHelix","Torii","Dota2Spire:PhaseBoots","Dota2Spire:Bloodstone","wanderingMiniBosses:ThiefScarf","theDuelist:CardPoolMinusRelic","Dota2Spire:UrnOfShadows","Kunai","Nunchaku","Anchor","hubris:TenFootPole","Oddly Smooth Stone","Astrolabe","theDuelist:NamelessWarRelicB","TungstenRod","Boot","theDuelist:BoosterPackTrapEgg","Orichalcum","Dota2Spire:Vanguard","Dota2Spire:PowerTreads"],"acts_visited":["Exordium","TheCity","TheBeyond","TheEnding"],"potions_floor_usage":[62],"damage_taken":[{"damage":0,"enemies":"2 Louse","floor":1,"turns":1},{"damage":0,"enemies":"Jaw Worm","floor":2,"turns":2},{"damage":0,"enemies":"Small Slimes","floor":4,"turns":5},{"damage":0,"enemies":"Looter","floor":5,"turns":5},{"damage":0,"enemies":"Lots of Slimes","floor":6,"turns":4},{"damage":0,"enemies":"3 Sentries","floor":7,"turns":3},{"damage":0,"enemies":"Lagavulin","floor":9,"turns":4},{"damage":0,"enemies":"2 Fungi Beasts","floor":10,"turns":5},{"damage":0,"enemies":"Gremlin Nob","floor":14,"turns":4},{"damage":0,"enemies":"Lagavulin","floor":16,"turns":4},{"damage":0,"enemies":"Exordium Thugs","floor":17,"turns":5},{"damage":0,"enemies":"3 Louse","floor":18,"turns":2},{"damage":0,"enemies":"Slime Boss","floor":20,"turns":5},{"damage":0,"enemies":"2 Thieves","floor":22,"turns":5},{"damage":0,"enemies":"3 Byrds","floor":24,"turns":2},{"damage":0,"enemies":"Centurion and Healer","floor":27,"turns":5},{"damage":27,"enemies":"Slavers","floor":28,"turns":3},{"damage":0,"enemies":"Shelled Parasite and Fungi","floor":29,"turns":4},{"damage":0,"enemies":"3 Cultists","floor":35,"turns":3},{"damage":0,"enemies":"theDuelist:KaibaA2","floor":37,"turns":3},{"damage":0,"enemies":"Automaton","floor":40,"turns":4},{"damage":0,"enemies":"3 Darklings","floor":42,"turns":4},{"damage":0,"enemies":"3 Shapes","floor":43,"turns":4},{"damage":0,"enemies":"Reptomancer","floor":48,"turns":2},{"damage":0,"enemies":"Giant Head","floor":51,"turns":6},{"damage":0,"enemies":"Transient","floor":52,"turns":5},{"damage":0,"enemies":"Nemesis","floor":53,"turns":3},{"damage":0,"enemies":"4 Shapes","floor":54,"turns":2},{"damage":0,"enemies":"Maw","floor":55,"turns":4},{"damage":0,"enemies":"Donu and Deca","floor":57,"turns":2},{"damage":0,"enemies":"Shield and Spear","floor":61,"turns":2},{"damage":0,"enemies":"The Heart","floor":62,"turns":7}],"seed_played":"-8573471249763625516","potions_obtained":[{"floor":6,"key":"LiquidBronze"}],"is_trial":false,"path_per_floor":["M","M","?","M","M","M","E","$","E","M","T","?","?","E","$","E","M","M","R","B",null,"M","?","M","?","?","M","E","M","R","T","T","$","R","M","T","E","R","R","B",null,"M","M","?","$","?","R","E","R","T","E","M","E","M","M","R","B",null,"R","$","E","B",null],"character_chosen":"THE_DUELIST","items_purchased":["Paper Frog","Happy Flower","theDuelist:MillenniumSymbol","Dota2Spire:ArcaneBoots","theDuelist:SolderToken","theDuelist:WingedKuribohLv10","theDuelist:YugiMirror","Runic Capacitor","Bronze Scales","Vajra","theDuelist:UltraPolymerization","Toxic Egg 2","theDuelist:JunkKuriboh+1","theDuelist:GoblinSecret","theDuelist:Kuribohrn+1","theDuelist:LegendaryFlameLord","theDuelist:BigTributeBottle","Torii","Anchor","Dota2Spire:Vanguard"],"campfire_rested":5,"item_purchase_floors":[0,0,0,0,0,0,0,0,0,0,0,0,0,0,0,0,0,15,33,60],"current_hp_per_floor":[21,21,21,21,21,21,21,21,21,21,21,21,21,21,21,21,21,21,21,21,58,58,58,58,58,58,58,31,31,31,31,31,31,52,57,57,57,70,70,70,70,70,70,70,70,85,85,85,85,85,85,85,85,85,85,85,85,85,85,85,85,85],"gold":108,"neow_bonus":"","is_daily":false,"chose_seed":false,"campfire_upgraded":3,"win_rate":0.0,"timestamp":1614055142,"path_taken":["M","M","?","M","M","M","E","$","E","M","T","?","?","E","?","E","M","M","R","BOSS","M","?","M","?","?","M","E","M","R","T","T","$","R","M","?","E","R","R","BOSS","M","?","?","$","?","R","E","R","T","E","M","E","M","M","R","BOSS","R","$","E","BOSS"],"items_purchased_type":["Relic","Relic","Relic","Relic","Relic","Card","Relic","Relic","Relic","Relic","Card","Relic","Card","Card","Card","Card","Potion","Relic","Relic","Relic"],"build_version":"2020-12-22","purchased_purges":6,"victory":true,"max_hp_per_floor":[70,70,70,70,70,70,70,70,70,70,70,70,70,70,70,70,70,70,70,70,70,70,70,70,70,70,70,70,70,70,70,70,70,70,70,70,70,70,70,70,70,70,70,70,70,85,85,85,85,85,85,85,85,85,85,85,85,85,85,85,85,85],"card_choices":[{"not_picked":["theDuelist:CrossSwordBeetle","theDuelist:FluteKuriboh+1","theDuelist:Spore+1","theDuelist:DarkFusion+1","theDuelist:Relinkuriboh"],"picked":"SKIP","floor":1},{"not_picked":["theDuelist:Relinkuriboh","theDuelist:Spore+1","theDuelist:JunkKuriboh+1","theDuelist:FluteKuriboh+1","theDuelist:Kuriboh+1"],"picked":"SKIP","floor":2},{"not_picked":["theDuelist:GraniteLoyalist","theDuelist:RainbowLife+1","theDuelist:ClearKuriboh","theDuelist:PotAvarice+1","theDuelist:DarkCreator+1"],"picked":"SKIP","floor":4},{"not_picked":["theDuelist:Relinkuriboh","theDuelist:JunkKuriboh+1","theDuelist:GeminiElf+1","theDuelist:CrossSwordBeetle"],"picked":"theDuelist:HammerShot","floor":5},{"not_picked":["theDuelist:Hinotama","theDuelist:LightningDarts","theDuelist:RainbowOverdragon","theDuelist:ForbiddenLance"],"picked":"theDuelist:Blockman","floor":6},{"not_picked":["theDuelist:CrossSwordBeetle","theDuelist:SilverApples+1","theDuelist:FluteKuriboh+1","theDuelist:DarkFusion+1"],"picked":"theDuelist:GeminiElf+1","floor":7},{"not_picked":["theDuelist:CrossSwordBeetle","theDuelist:Relinkuriboh","theDuelist:ClearKuriboh","theDuelist:GemKnightAmethyst","theDuelist:WingedKuriboh"],"picked":"SKIP","floor":9},{"not_picked":["theDuelist:WingedKuriboh","theDuelist:Fissure","theDuelist:ArsenalBug+1","theDuelist:GeminiElf+1","theDuelist:WingedKuribohLv9+1"],"picked":"SKIP","floor":10},{"not_picked":["theDuelist:FlameTiger+1","theDuelist:Kuribohrn+1","theDuelist:PotAvarice+1","theDuelist:Kuriboh+1"],"picked":"theDuelist:MultiplicationOfAnts+1","floor":14},{"not_picked":["theDuelist:WingedKuribohLv10+1","theDuelist:LostBlueBreaker","theDuelist:Scapegoat+1","theDuelist:PotGenerosity"],"picked":"theDuelist:SwordsBurning","floor":16},{"not_picked":["theDuelist:CrossSwordBeetle","theDuelist:Relinkuriboh","theDuelist:Spore+1","theDuelist:LegendaryFlameLord"],"picked":"theDuelist:GeminiElf+1","floor":17},{"not_picked":["theDuelist:GilfordLegend","theDuelist:MillenniumScorpion+1","theDuelist:BattleguardKing","theDuelist:GiantTrapHole+1","theDuelist:LabyrinthWall+1"],"picked":"SKIP","floor":18},{"not_picked":["theDuelist:AmuletAmbition+1","theDuelist:LostBlueBreaker","theDuelist:Scapegoat+1","theDuelist:PotGenerosity"],"picked":"theDuelist:BeastFangs+1","floor":20},{"not_picked":["theDuelist:CrossSwordBeetle","theDuelist:Relinkuriboh","theDuelist:DarkFusion+1","theDuelist:JunkKuriboh+1","theDuelist:GoldenApples+1"],"picked":"SKIP","floor":22},{"not_picked":["theDuelist:LostBlueBreaker+1","theDuelist:SmashingGround+1"],"picked":"theDuelist:LightningVortex+1","floor":24},{"not_picked":["theDuelist:LegendaryFlameLord+1","theDuelist:JunkKuriboh+1","theDuelist:WingedKuribohLv10+1","theDuelist:Blockman","theDuelist:GeminiElf+1"],"picked":"SKIP","floor":27},{"not_picked":["theDuelist:HammerShot","theDuelist:Fissure","theDuelist:FluteKuriboh+1","theDuelist:PotDichotomy+1","theDuelist:GoblinSecret"],"picked":"SKIP","floor":28},{"not_picked":["theDuelist:ClearKuriboh","theDuelist:ClearKuriboh","theDuelist:Cloning+1","theDuelist:LightningDarts","theDuelist:SphereKuriboh"],"picked":"SKIP","floor":29},{"not_picked":["theDuelist:LightningVortex","theDuelist:HammerShot","theDuelist:DarkFusion+1","theDuelist:FluteKuriboh+1","theDuelist:StrayLambs+1"],"picked":"SKIP","floor":35},{"not_picked":["theDuelist:CrossSwordBeetle+1","theDuelist:Relinkuriboh+1","theDuelist:GeminiElf+1","theDuelist:Spore+1","theDuelist:ArsenalBug+1"],"picked":"SKIP","floor":37},{"not_picked":["theDuelist:SwordsBurning","theDuelist:BeastFangs+1","theDuelist:SmashingGround","theDuelist:Scapegoat+1"],"picked":"theDuelist:MultiplicationOfAnts+1","floor":40},{"not_picked":["theDuelist:ArsenalBug+1","theDuelist:FlameTiger+1","theDuelist:WingedKuribohLv9+1","theDuelist:PotDichotomy+1","theDuelist:Scapegoat+1"],"picked":"SKIP","floor":42},{"not_picked":["theDuelist:CrossSwordBeetle","theDuelist:Relinkuriboh+1","theDuelist:LegendaryFlameLord","theDuelist:ClearKuriboh+1","theDuelist:HammerShot"],"picked":"SKIP","floor":43},{"not_picked":["theDuelist:FlameTiger+1","theDuelist:DarklordSuperbia","theDuelist:WingedKuribohLv9+1","theDuelist:GoldenApples+1"],"picked":"theDuelist:HammerShot+1","floor":48},{"not_picked":["theDuelist:UltraPolymerization+1","theDuelist:SwordsBurning","theDuelist:BeastFangs+1","theDuelist:DinosaurMetronome+1","theDuelist:Solidarity+1"],"picked":"SKIP","floor":51},{"not_picked":["theDuelist:UndergroundArachnid+1","theDuelist:LostBlueBreaker+1","theDuelist:WingedKuriboh+1"],"picked":"SKIP","floor":52},{"not_picked":["theDuelist:AttackTheMoon","theDuelist:PurplePainOni+1","theDuelist:GreenGraveOni+1","theDuelist:Mausoleum+1","theDuelist:DropOff+1"],"picked":"SKIP","floor":53},{"not_picked":["theDuelist:DummyGolem+1","theDuelist:LabyrinthWall+1","theDuelist:PowerGiant","theDuelist:WeepingIdol+1","theDuelist:Blockman"],"picked":"SKIP","floor":54},{"not_picked":["theDuelist:AmuletAmbition+1","theDuelist:BeastFangs+1","theDuelist:LostBlueBreaker","theDuelist:SmashingGround"],"picked":"theDuelist:MultiplicationOfAnts+1","floor":55},{"not_picked":["theDuelist:ClearKuriboh+2","theDuelist:ArsenalBug+1","theDuelist:LegendaryFlameLord+1","theDuelist:DarkSpider+1","theDuelist:WingedKuribohLv9+1"],"picked":"SKIP","floor":61}],"player_experience":283349,"relics_obtained":[{"floor":7,"key":"hubris:BallOfYels"},{"floor":9,"key":"Akabeko"},{"floor":14,"key":"FossilizedHelix"},{"floor":16,"key":"Dota2Spire:PhaseBoots"},{"floor":22,"key":"wanderingMiniBosses:ThiefScarf"},{"floor":22,"key":"theDuelist:CardPoolMinusRelic"},{"floor":28,"key":"Dota2Spire:UrnOfShadows"},{"floor":31,"key":"Kunai"},{"floor":32,"key":"Nunchaku"},{"floor":36,"key":"hubris:TenFootPole"},{"floor":37,"key":"Oddly Smooth Stone"},{"floor":48,"key":"TungstenRod"},{"floor":50,"key":"Boot"},{"floor":51,"key":"theDuelist:BoosterPackTrapEgg"},{"floor":53,"key":"Orichalcum"},{"floor":61,"key":"Dota2Spire:PowerTreads"}],"event_choices":[{"damage_healed":0,"gold_gain":0,"player_choice":"Leave","duelist":true,"damage_taken":0,"max_hp_gain":0,"max_hp_loss":0,"event_name":"Card Trader","floor":3,"gold_loss":0},{"damage_healed":0,"gold_gain":0,"player_choice":"Grow","damage_taken":0,"max_hp_gain":0,"max_hp_loss":0,"event_name":"Living Wall","floor":12,"gold_loss":0,"cards_upgraded":["theDuelist:UltraPolymerization"]},{"damage_healed":0,"gold_gain":54,"player_choice":"Gained Gold","damage_taken":0,"max_hp_gain":0,"max_hp_loss":0,"event_name":"Golden Wing","floor":13,"gold_loss":0},{"damage_healed":0,"gold_gain":50,"player_choice":"Stole From Cult","damage_taken":0,"max_hp_gain":0,"max_hp_loss":0,"event_name":"Nest","floor":23,"gold_loss":0},{"damage_healed":0,"gold_gain":0,"player_choice":"Ignored","damage_taken":0,"max_hp_gain":0,"max_hp_loss":0,"event_name":"Ghosts","floor":25,"gold_loss":0},{"damage_healed":0,"gold_gain":0,"player_choice":"Leave","duelist":true,"damage_taken":0,"max_hp_gain":0,"max_hp_loss":0,"event_name":"Millennium Items","floor":44,"gold_loss":0},{"total_magic_score":118,"gold_gain":0,"duelist":true,"damage_taken":0,"relics_obtained":["theDuelist:NamelessWarRelicB"],"points":14,"war_reward":2,"max_hp_gain":15,"max_hp_loss":0,"spent_points":{"magic":4,"greed":0,"war":2,"power":4,"hunger":4},"event_name":"Nameless Tomb","hunger_reward":4,"floor":46,"gold_loss":94,"magic_reward":4,"cards_obtained":["theDuelist:Nameless:Magic:SpiralSpearStrike"]}],"is_beta":false,"boss_relics":[{"not_picked":["hubris:GrandSneckoEye","Sozu"],"picked":"Dota2Spire:Bloodstone"},{"not_picked":["theDuelist:ElectricKey","theDuelist:HauntedRelic"],"picked":"Astrolabe"}],"items_purged_floors":[0,0,0,0,0,33],"is_endless":false,"potions_floor_spawned":[6,7,14,16,17,22,24,27,28,43,53],"ascension_level":18}}