{"host":"rm0ctv8qd8mnbkg1","time":1614094272,"event":{"mods":["Act Like it!","Aspiration","BaseMod","Beaked The Cultist","BetterRewards","Colored Map","DNKmod","Dark Map","Defuse TimeMaze Blight","Friendly Minions","Gensokyo","Hubris","Marisa????????","Minty Spire (QoL Compilation)","MostiFishMod","Permanent Neow","Rare Cards Sparkle","Relic Sorter","Reliquary","Replay The Spire","Ruina","RumiaBox-????????","Shade Mod","Shop Mod","Spicy Shops","Spire Arcade","StSLib","The Animator","The Construct","The Servant 0.9.4","TheVacant","Wandering Minibosses","??????REMEMod"],"gold_per_floor":[10115,10134,10134,8695,8715,8725,8029,8029,8029,7701,7717,7734,7763,7774,7774,7871,7871,7885,7901,7447,7447,7447,7447,7447,7447,7447,7460,7164,7196,7207,7222,7222,7320,7320,7320],"floor_reached":34,"language":"ENG","playtime":904,"items_purged":[],"score":574,"play_id":"814470a9-1ed0-42f6-909d-d0c0a2d47ba4","local_time":"20210223153112","is_ascension_mode":false,"campfire_choices":[{"data":"Static Discharge","floor":15.0,"key":"SMITH"},{"data":"Sadistic Nature","floor":23,"key":"SMITH"},{"data":"Demonic Infusion","floor":25,"key":"SMITH"},{"data":"Metallicize","floor":32,"key":"SMITH"}],"circlet_count":0,"master_deck":["Strike_R","Strike_R","Strike_R","Defend_R","Defend_R","Defend_R","Bash","Static Discharge+1","Anger","Combust","Sadistic Nature+1","Replay:Bootleg Shield Generator","Replay:Undeath\u0027s Touch","Heavy Blade","Fire Breathing","Flex","Flechettes","ReplayTheSpireMod:From All Sides","Survivor","Fire Breathing","Run Through","Replay:Undeath\u0027s Touch","Replay:Undeath\u0027s Touch","Pummel","Demonic Infusion+1","REME_Scribble","ReplayTheSpireMod:Stacked+1","ruina:Thirst","ruina:GoldRush+1","Metallicize+1","ruina:GoldRush+1","Inflame","ReplayTheSpireMod:Corrosion Curse","Limit Break"],"relics":["Burning Blood","REME_ComplimentaryCards","DaveBox","BionicSphere","hubris:Towel","Matryoshka","Darkstone Periapt","Pen Nib","Question Card","aspiration:FetidBarrel","reliquary:TridentHead","reliquary:FingerTrap","ReplayTheSpireMod:Ninjato","aspiration:StickyExplosives_weak","Membership Card","hubris:Spice","Potion Belt","Red Skull","Counterbalance","Kunai"],"acts_visited":["Exordium","Exordium","TheBeyond"],"potions_floor_usage":[19,30],"damage_taken":[{"damage":0.0,"enemies":"Cultist","floor":1.0,"turns":3.0},{"damage":0.0,"enemies":"2 Louse","floor":2.0,"turns":1.0},{"damage":1.0,"enemies":"Small Slimes","floor":5.0,"turns":3.0},{"damage":2.0,"enemies":"Exordium Wildlife","floor":6.0,"turns":3.0},{"damage":0.0,"enemies":"3 Louse","floor":11.0,"turns":1.0},{"damage":0.0,"enemies":"2 Fungi Beasts","floor":12.0,"turns":2.0},{"damage":0.0,"enemies":"Gremlin Nob","floor":13.0,"turns":2.0},{"damage":0.0,"enemies":"Blue Slaver","floor":14.0,"turns":1.0},{"damage":0.0,"enemies":"The Guardian","floor":16.0,"turns":4.0},{"damage":0.0,"enemies":"ruina:3_Bats","floor":18.0,"turns":1.0},{"damage":0,"enemies":"ruina:Nosferatu","floor":19,"turns":2},{"damage":0,"enemies":"ruina:QueenOfHate","floor":27,"turns":3},{"damage":0,"enemies":"ruina:Mountain","floor":29,"turns":3},{"damage":0,"enemies":"ruina:KnightOfDespair","floor":30,"turns":2},{"damage":0,"enemies":"ruina:KingOfGreed","floor":31,"turns":2},{"damage":0,"enemies":"ruina:Red_and_Wolf","floor":33,"turns":3}],"seed_played":"811017518203707003","potions_obtained":[{"floor":1.0,"key":"Explosive Potion"},{"floor":14.0,"key":"BlessingOfTheForge"},{"floor":16.0,"key":"BloodPotion"},{"floor":18.0,"key":"Strength Potion"},{"floor":30,"key":"BloodPotion"}],"is_trial":false,"path_per_floor":["M","M","?","$","M","M","$","?","T","$","M","M","E","M","R","B",null,"M","M","$","?","T","R","?","R","T","M","$","E","M","M","R","B",null],"character_chosen":"IRONCLAD","items_purchased":["Sadistic Nature","Replay:Bootleg Shield Generator","Replay:Undeath\u0027s Touch","Matryoshka","Darkstone Periapt","Pen Nib","Question Card","aspiration:FetidBarrel","Flex","reliquary:TridentHead","reliquary:FingerTrap","Membership Card","Fire Breathing","hubris:Spice","hubris:Spice","Red Skull","ruina:Thirst","ruina:GoldRush","hubris:Spice","Metallicize","hubris:Spice","ReplayTheSpireMod:Corrosion Curse","hubris:Spice","Kunai"],"campfire_rested":0,"item_purchase_floors":[4,4,4,4,4,4,4,7,7,7,7,10,10,10,20,20,20,20,20,20,28,28,28,28],"current_hp_per_floor":[1000,1000,1000,1000,1000,1000,1000,1000,1000,1008,1008,1008,1008,1008,1008,1008,1016,1016,1016,1000,1000,984,984,689,689,689,695,695,707,913,925,925,933,958,958],"gold":7320,"neow_bonus":"HUNDRED_GOLD","is_daily":false,"chose_seed":false,"campfire_upgraded":4,"win_rate":0.0,"timestamp":1614094272,"path_taken":["M","M","?","$","M","M","$","?","T","$","M","M","E","M","R","BOSS","M","?","$","?","?","R","?","R","T","M","$","E","M","M","R","BOSS"],"items_purchased_type":["Card","Card","Card","Relic","Relic","Relic","Relic","Relic","Card","Relic","Relic","Relic","Card","Relic","Relic","Relic","Card","Card","Relic","Card","Relic","Card","Relic","Relic"],"build_version":"2020-12-22","purchased_purges":0,"victory":false,"max_hp_per_floor":[1000,1000,1000,1000,1000,1000,1000,1000,1000,1008,1008,1008,1008,1008,1008,1008,1016,1016,1016,1000,1000,984,984,984,984,984,984,968,958,958,956,956,958,958,958],"card_choices":[{"not_picked":["hubris:ReadiedAction","Body Slam"],"picked":"Anger","floor":1.0},{"not_picked":["Anger","ReplayTheSpireMod:LeadingStrike"],"picked":"Combust","floor":2.0},{"not_picked":["True Grit","Massacre","ReplayTheSpireMod:Strike From Hell"],"picked":"Heavy Blade","floor":5.0},{"not_picked":["True Grit","Blood for Blood","Pummel"],"picked":"Fire Breathing","floor":6.0},{"not_picked":["hubris:ReadiedAction","Iron Wave","ReplayTheSpireMod:Strike From Hell"],"picked":"Run Through","floor":11.0},{"not_picked":["Pommel Strike","REME_Fury","Headbutt"],"picked":"Replay:Undeath\u0027s Touch","floor":12.0},{"not_picked":["Warcry","Twin Strike","Iron Wave"],"picked":"Replay:Undeath\u0027s Touch","floor":13.0},{"not_picked":["Perfected Strike","Massacre","hubris:ReadiedAction"],"picked":"Pummel","floor":14.0},{"not_picked":["Offering","Brutality","MostiFishMod:NewArrival"],"picked":"Demonic Infusion","floor":16.0},{"not_picked":["Body Slam","Burning Pact","Cleave"],"picked":"REME_Scribble","floor":18.0},{"not_picked":["Headbutt+1","hubris:ReadiedAction+1","Wild Strike"],"picked":"ReplayTheSpireMod:Stacked+1","floor":19},{"not_picked":["Cleave+1","Heavy Blade","Body Slam"],"picked":"Inflame","floor":27},{"not_picked":["REME_Scribble","Heavy Blade","hubris:SpiceAddiction"],"picked":"hubris:SpiceAddiction","floor":29},{"not_picked":["Massacre","Life Link","MostiFishMod:FireWorks"],"picked":"hubris:SpiceAddiction","floor":30},{"not_picked":["REME_Scribble","Heavy Blade+1","Sever Soul"],"picked":"hubris:SpiceAddiction","floor":31},{"not_picked":["Eclipse","MostiFishMod:OrdinaryWorld","MostiFishMod:DarkDeal"],"picked":"Limit Break","floor":33}],"player_experience":285458,"relics_obtained":[{"floor":9.0,"key":"ReplayTheSpireMod:Ninjato"},{"floor":9.0,"key":"aspiration:StickyExplosives_weak"},{"floor":13.0,"key":"Potion Belt"},{"floor":22,"key":"hubris:Spice"},{"floor":22,"key":"hubris:Spice"},{"floor":26,"key":"Counterbalance"},{"floor":29,"key":"hubris:Spice"}],"event_choices":[],"is_beta":false,"boss_relics":[{"not_picked":["Runic Pyramid","reliquary:RedPaperclip"],"picked":"hubris:Spice"},{"not_picked":["Runic Dome","reliquary:KinkedSpring","RhineFirstAidKit"]}],"items_purged_floors":[],"is_endless":false,"potions_floor_spawned":[1,13,14,16,18,30],"ascension_level":0}}