{"host":"hrvs05np4ys7itky","time":1614056460,"event":{"mods":["BaseMod","Colored Map","Colored Powertips","Downfall","Emptier Cage","Hermit","Highlight Path","Minty Spire (QoL Compilation)","Permanent Neow","Rare Cards Sparkle","Relic Stats","StSLib","everything is the same but u backflip on backflip"],"gold_per_floor":[118,118,5,5,18,49,49,49,49,49,49,62,79,107,107,107,107],"floor_reached":16,"language":"ENG","playtime":430,"items_purged":["Strike_B"],"score":233,"play_id":"2c26ddc1-09ae-46ae-a086-3fbc84fbeeb0","local_time":"20210223000100","is_ascension_mode":true,"campfire_choices":[{"data":"Self Repair","floor":8.0,"key":"SMITH"},{"data":"Barrage","floor":10.0,"key":"SMITH"},{"data":"Strike_B","floor":15,"key":"PURGE"}],"circlet_count":0,"master_deck":["AscendersBane","Strike_B","Defend_B","Defend_B","Defend_B","Defend_B","Zap+1","Dualcast+1","Gash","Heatsinks","Self Repair+1","Barrage+1","Gash","Genetic Algorithm+1","Gash","Machine Learning"],"relics":["Cracked Core","NeowsBlessing","Toxic Egg 2","Turnip","Sundial","Peace Pipe"],"acts_visited":["Exordium"],"potions_floor_usage":[14,14,16],"damage_taken":[{"damage":0.0,"enemies":"Jaw Worm","floor":1.0,"turns":1.0},{"damage":0.0,"enemies":"Small Slimes","floor":5.0,"turns":1.0},{"damage":0.0,"enemies":"Gremlin Nob","floor":6.0,"turns":1.0},{"damage":6.0,"enemies":"2 Louse","floor":12.0,"turns":3.0},{"damage":8.0,"enemies":"Red Slaver","floor":13.0,"turns":3.0},{"damage":37,"enemies":"Lagavulin","floor":14,"turns":7},{"damage":26,"enemies":"Slime Boss","floor":16,"turns":5}],"seed_played":"4514076696467089571","potions_obtained":[{"floor":1.0,"key":"Regen Potion"},{"floor":6.0,"key":"LiquidMemories"},{"floor":14,"key":"hexamod:SoulburnPotion"}],"is_trial":false,"path_per_floor":["M","?","$","?","M","E","?","R","T","R","?","M","M","E","R","B"],"character_chosen":"DEFECT","items_purchased":["Self Repair"],"campfire_rested":0,"item_purchase_floors":[3],"current_hp_per_floor":[64,64,64,43,43,43,43,43,43,43,48,52,44,32,32,6,6],"gold":107,"neow_bonus":"THREE_ENEMY_KILL","is_daily":false,"chose_seed":false,"campfire_upgraded":2,"win_rate":0.0,"timestamp":1614056460,"path_taken":["M","?","$","?","M","E","?","R","T","R","?","M","M","E","R","BOSS"],"items_purchased_type":["Card"],"build_version":"2020-12-22","purchased_purges":1,"victory":false,"max_hp_per_floor":[71,71,71,71,71,71,71,71,71,71,76,76,76,76,76,76,76],"relic_stats":{"Peace Pipe":1,"counters":[7,21],"Sundial":[2],"Turnip":[0],"obtain_stats":[{"Peace Pipe":14,"NeowsBlessing":0,"Sundial":9,"Turnip":7,"Toxic Egg 2":6,"Cracked Core":0},{"Peace Pipe":6,"NeowsBlessing":0,"Sundial":3,"Turnip":3,"Toxic Egg 2":3,"Cracked Core":0},{"Peace Pipe":16,"NeowsBlessing":0,"Sundial":3,"Turnip":3,"Toxic Egg 2":3,"Cracked Core":0}]},"card_choices":[{"not_picked":["Fusion","Barrage"],"picked":"Gash","floor":1.0},{"not_picked":["Storm","Hologram"],"picked":"Barrage","floor":5.0},{"not_picked":["Consume+1","Hologram+1"],"picked":"Gash","floor":6.0},{"not_picked":["Rip and Tear","White Noise+1"],"picked":"Genetic Algorithm+1","floor":12.0},{"not_picked":["Force Field+1","Ball Lightning"],"picked":"Gash","floor":13},{"not_picked":["Cold Snap","Compile Driver"],"picked":"Machine Learning","floor":14}],"player_experience":1135032,"relics_obtained":[{"floor":6.0,"key":"Toxic Egg 2"},{"floor":9.0,"key":"Sundial"},{"floor":14,"key":"Peace Pipe"}],"event_choices":[{"damage_healed":0.0,"max_hp_gain":0.0,"max_hp_loss":0.0,"gold_gain":0.0,"cards_transformed":["Strike_B"],"event_name":"Living Wall","player_choice":"Change","floor":2.0,"gold_loss":0.0,"damage_taken":0.0,"cards_obtained":["Heatsinks"]},{"damage_healed":0.0,"max_hp_gain":0.0,"max_hp_loss":0.0,"gold_gain":0.0,"event_name":"Shining Light","player_choice":"Entered Light","floor":4.0,"gold_loss":0.0,"damage_taken":21.0,"cards_upgraded":["Dualcast","Zap"]},{"damage_healed":0.0,"max_hp_gain":0.0,"max_hp_loss":0.0,"gold_gain":0.0,"event_name":"Dead Adventurer","player_choice":"Searched \u00271\u0027 times","floor":7.0,"gold_loss":0.0,"damage_taken":0.0,"relics_obtained":["Turnip"]},{"damage_healed":0.0,"max_hp_gain":5.0,"max_hp_loss":0.0,"gold_gain":0.0,"event_name":"Big Fish","player_choice":"Donut","floor":11.0,"gold_loss":0.0,"damage_taken":0.0}],"is_beta":false,"boss_relics":[],"items_purged_floors":[3],"is_endless":false,"potions_floor_spawned":[1,6,14],"killed_by":"Slime Boss","ascension_level":15}}