{"host":"oa1po1d7a3sote6p","time":1614116423,"event":{"mods":["AchievementEnabler","BaseMod","BetterRewards","Colored Map","Colored Powertips","Hubris","Infinite Spire","Minty Spire (QoL Compilation)","Quick Restart","Rare Cards Sparkle","StSLib"],"gold_per_floor":[111,15,31,131,144,144,178,178,231,231,242,261,261,278,278,381,381,396,416,416,71,83,83,116,128,188,200,223,252,264,292,304,416,428,456,468,535,547,578,605,644,656,668,695,707,732,43,43,43,43],"floor_reached":51,"language":"ENG","playtime":1592,"items_purged":[],"score":1069,"play_id":"f45e5e84-287c-4373-a2fa-c2dca3bfe3ae","local_time":"20210223154023","is_ascension_mode":true,"campfire_choices":[{"floor":6,"key":"REST"},{"data":"Havoc","floor":8,"key":"SMITH"},{"data":"Spot Weakness","floor":10,"key":"SMITH"},{"data":"Searing Blow+1","floor":15,"key":"SMITH"},{"data":"Searing Blow+2","floor":23,"key":"SMITH"},{"floor":27,"key":"REST"},{"data":"Havoc","floor":32,"key":"SMITH"},{"floor":42,"key":"REST"},{"floor":49,"key":"REST"}],"circlet_count":0,"master_deck":["Strike_R","Strike_R","Strike_R","Strike_R","Strike_R","Defend_R","Defend_R","Bash","Wild Strike+1","Twin Strike+1","Anger+1","Warcry","Havoc+1","Anger+1","Shrug It Off","Spot Weakness+1","Twin Strike+1","Searing Blow+3","Flex","Wild Strike+1","Reaper+1","Flex","Havoc+1","Immolate+1","Flex","infinitespire:OneForAll+1","Thunderclap+1","Limit Break+1","Iron Wave+1","Anger+1","Reaper+1","Wild Strike+1","Feed+1","Anger+1","Wild Strike+1","Pommel Strike+1","Iron Wave+1","Whirlwind+1","Iron Wave+1","infinitespire:Starlight","Parasite","Havoc+1","Fiend Fire+1","Rupture","Havoc"],"relics":["Burning Blood","Molten Egg 2","Red Skull","Lantern","Bag of Preparation","infinitespire:Lucky Rock","hubris:Backtick","Brimstone","Enchiridion","Regal Pillow","MawBank","Bronze Scales","Empty Cage","hubris:FunFungus","Peace Pipe","infinitespire:WardingShard","Black Star","hubris:MysteriousPyramids","hubris:ChampionShield","Pocketwatch","The Courier"],"acts_visited":["Exordium","TheCity","TheBeyond"],"potions_floor_usage":[16,16,16,18,18,18,28,29,37,38,41,46,50,50],"damage_taken":[{"damage":0,"enemies":"Cultist","floor":1,"turns":3},{"damage":6,"enemies":"Jaw Worm","floor":3,"turns":2},{"damage":5,"enemies":"Small Slimes","floor":5,"turns":2},{"damage":16,"enemies":"Gremlin Nob","floor":7,"turns":3},{"damage":0,"enemies":"Blue Slaver","floor":11,"turns":2},{"damage":1,"enemies":"Gremlin Gang","floor":12,"turns":3},{"damage":0,"enemies":"2 Fungi Beasts","floor":14,"turns":2},{"damage":44,"enemies":"The Guardian","floor":16,"turns":6},{"damage":10,"enemies":"3 Byrds","floor":18,"turns":3},{"damage":14,"enemies":"Shell Parasite","floor":19,"turns":2},{"damage":0,"enemies":"Cultist and Chosen","floor":22,"turns":2},{"damage":45,"enemies":"Slavers","floor":24,"turns":3},{"damage":18,"enemies":"Shelled Parasite and Fungi","floor":28,"turns":3},{"damage":7,"enemies":"Snecko","floor":29,"turns":3},{"damage":4,"enemies":"Sentry and Sphere","floor":31,"turns":3},{"damage":94,"enemies":"Champ","floor":33,"turns":7},{"damage":6,"enemies":"Orb Walker","floor":35,"turns":2},{"damage":3,"enemies":"2 Orb Walkers","floor":37,"turns":2},{"damage":2,"enemies":"3 Darklings","floor":38,"turns":2},{"damage":21,"enemies":"Spire Growth","floor":39,"turns":3},{"damage":0,"enemies":"Jaw Worm Horde","floor":40,"turns":2},{"damage":58,"enemies":"Reptomancer","floor":41,"turns":5},{"damage":39,"enemies":"Maw","floor":44,"turns":5},{"damage":30,"enemies":"Writhing Mass","floor":46,"turns":4},{"damage":76,"enemies":"Donu and Deca","floor":50,"turns":4}],"seed_played":"3645291603201697774","potions_obtained":[{"floor":1,"key":"BlessingOfTheForge"},{"floor":5,"key":"EssenceOfSteel"},{"floor":11,"key":"Swift Potion"},{"floor":16,"key":"EntropicBrew"},{"floor":24,"key":"ColorlessPotion"},{"floor":28,"key":"SkillPotion"},{"floor":29,"key":"SmokeBomb"},{"floor":35,"key":"DistilledChaos"},{"floor":37,"key":"Weak Potion"},{"floor":44,"key":"LiquidMemories"},{"floor":46,"key":"SkillPotion"}],"is_trial":false,"path_per_floor":["M","$","M","?","M","R","E","R","T","R","M","M","?","M","R","B",null,"M","M","?","$","M","R","E","?","T","R","M","M","?","M","R","B",null,"M","?","?","M","M","M","E","R","T","M","AVR","M","$","T","R","B",null],"character_chosen":"IRONCLAD","items_purchased":["Molten Egg 2","Wild Strike+1","Red Skull","Twin Strike+1","Lantern","Anger+1","Havoc","Anger+1","Regal Pillow","Immolate+1","Flex","infinitespire:OneForAll+1","hubris:ChampionShield","Pocketwatch","Fiend Fire+1","Rupture","Havoc"],"campfire_rested":4,"item_purchase_floors":[0,0,0,0,0,0,2,2,21,21,21,21,47,47,47,47,47],"current_hp_per_floor":[50,50,50,50,51,75,65,65,65,65,71,76,68,74,74,36,80,76,80,64,64,70,70,41,41,41,80,80,79,79,80,80,7,80,84,84,84,84,69,75,32,72,72,51,51,61,61,61,84,14],"gold":43,"neow_bonus":"","is_daily":false,"chose_seed":false,"campfire_upgraded":5,"win_rate":0.0,"timestamp":1614116423,"path_taken":["M","?","M","?","M","R","E","R","T","R","?","M","?","?","R","BOSS","M","M","?","$","M","R","E","?","T","R","?","M","?","M","R","BOSS","M","?","?","M","M","M","E","R","T","M","AVR","M","$","?","R","BOSS"],"items_purchased_type":["Relic","Card","Relic","Card","Relic","Card","Card","Card","Relic","Card","Card","Card","Relic","Relic","Card","Card","Card"],"build_version":"2020-12-22","purchased_purges":0,"victory":true,"max_hp_per_floor":[80,80,80,80,80,80,80,80,80,80,80,80,80,80,80,80,80,80,80,80,80,80,80,80,80,80,80,80,80,80,80,80,80,80,84,84,84,84,84,84,84,84,84,84,84,84,84,84,84,84],"card_choices":[{"not_picked":["Armaments","Body Slam+1"],"picked":"Warcry","floor":1},{"not_picked":["Body Slam+1","Sever Soul+1"],"picked":"Shrug It Off","floor":3},{"not_picked":["Disarm","Cleave+1"],"picked":"Spot Weakness","floor":5},{"not_picked":["hubris:ReadiedAction","Body Slam+1"],"picked":"Twin Strike+1","floor":7},{"not_picked":["Dual Wield","Carnage+1"],"picked":"Searing Blow+1","floor":11},{"not_picked":["Armaments","Heavy Blade+1"],"picked":"Flex","floor":12},{"not_picked":["Carnage+1","Armaments"],"picked":"Wild Strike+1","floor":14},{"not_picked":["Berserk","hubris:StunningStrike+1"],"picked":"Reaper+1","floor":16},{"not_picked":["Shrug It Off+1","hubris:ReadiedAction+1"],"picked":"Flex","floor":18},{"not_picked":["Dark Embrace","Searing Blow+1"],"picked":"Havoc","floor":19},{"not_picked":["Warcry","Wild Strike+1"],"picked":"Thunderclap+1","floor":22},{"not_picked":["Body Slam+1","Combust"],"picked":"Limit Break","floor":24},{"not_picked":["Sword Boomerang+1","Power Through"],"picked":"Iron Wave+1","floor":28},{"not_picked":["Burning Pact","Cleave+1"],"picked":"Anger+1","floor":29},{"not_picked":["hubris:SharpeningStone","Warcry+1"],"picked":"Wild Strike+1","floor":31},{"not_picked":["Juggernaut","Fiend Fire+1"],"picked":"Feed+1","floor":33},{"not_picked":["Flex+1","Rampage+1"],"picked":"Anger+1","floor":35},{"not_picked":["Intimidate+1","Heavy Blade+1"],"picked":"Wild Strike+1","floor":37},{"not_picked":["Searing Blow+1","Pummel+1"],"picked":"Pommel Strike+1","floor":39},{"not_picked":["Second Wind+1","Body Slam+1"],"picked":"Iron Wave+1","floor":40},{"not_picked":["Heavy Blade+1","Metallicize+1"],"picked":"Whirlwind+1","floor":41},{"not_picked":["Disarm","Body Slam+1"],"picked":"Iron Wave+1","floor":44},{"not_picked":["Thunderclap+1","Iron Wave+1"],"picked":"Havoc+1","floor":46}],"player_experience":401004,"relics_obtained":[{"floor":7,"key":"Bag of Preparation"},{"floor":9,"key":"infinitespire:Lucky Rock"},{"floor":20,"key":"Enchiridion"},{"floor":24,"key":"MawBank"},{"floor":26,"key":"Bronze Scales"},{"floor":37,"key":"hubris:FunFungus"},{"floor":41,"key":"Peace Pipe"},{"floor":43,"key":"infinitespire:WardingShard"},{"floor":48,"key":"The Courier"}],"event_choices":[{"damage_healed":0,"gold_gain":100,"player_choice":"Pray","damage_taken":0,"max_hp_gain":0,"max_hp_loss":0,"event_name":"Golden Shrine","floor":4,"gold_loss":0},{"damage_healed":0,"gold_gain":0,"player_choice":"Damaged","damage_taken":8,"max_hp_gain":0,"max_hp_loss":0,"event_name":"Wheel of Change","floor":13,"gold_loss":0},{"damage_healed":0,"gold_gain":0,"player_choice":"Obtained Book","damage_taken":16,"max_hp_gain":0,"max_hp_loss":0,"event_name":"Cursed Tome","floor":20,"gold_loss":0},{"damage_healed":0,"gold_gain":0,"player_choice":"Forge","damage_taken":0,"max_hp_gain":0,"max_hp_loss":0,"event_name":"Accursed Blacksmith","floor":25,"gold_loss":0,"cards_upgraded":["Limit Break"]},{"damage_healed":0,"gold_gain":0,"player_choice":"Fight","damage_taken":0,"max_hp_gain":0,"max_hp_loss":0,"event_name":"Mysterious Sphere","floor":37,"gold_loss":0}],"is_beta":false,"boss_relics":[{"not_picked":["Runic Dome","hubris:VirtuousBlindfold"],"picked":"hubris:Backtick"},{"not_picked":["Fusion Hammer","Pandora\u0027s Box"],"picked":"Empty Cage"}],"items_purged_floors":[],"is_endless":false,"potions_floor_spawned":[1,5,11,16,24,28,29,35,37,44,46],"ascension_level":1}}