{"host":"5z8akj3r2akmlwyw","time":1614072633,"event":{"mods":["AchievementEnabler","BaseMod","Colored Powertips","Conspire","Downfall","KinomotoSakuraMod(ƒæ÷Æ±æ”£)","Marisa£®ÏF”Í°°ƒß¿Ì…≥£©","Minty Spire (QoL Compilation)","Quick Restart","Reimu£®≤©¿ˆ¡È√Œ£©","Remilia£®¿Ÿ√◊¿Ú—«£©","Replay The Spire","StSLib","The Construct","The Cursed","The Hierophant","The Servant 0.9.4","Youmu£®ªÍ∆«—˝√Œ£©"],"gold_per_floor":[12,12,28,45,45,45,71,87,87,87,112,127,127,153,153,153,153],"floor_reached":16,"language":"ZHS","playtime":918,"items_purged":[],"score":121,"play_id":"d45e7ff0-563d-4d36-a21e-09596ac19941","local_time":"20210223173033","is_ascension_mode":true,"campfire_choices":[{"data":"Rage","floor":6,"key":"SMITH"},{"data":"Flex","floor":13,"key":"SMITH"},{"floor":15,"key":"REST"}],"circlet_count":0,"master_deck":["Strike_R","Strike_R","Defend_R","Defend_R","Defend_R","Defend_R","Bash","Limit Break+1","Reckless Charge","Sword Boomerang","Flame Barrier","Rage+1","Inflame","Berserk","Clash","Flex+1","Reaper"],"relics":["Burning Blood","Oddly Smooth Stone","Snack Pack","Smiling Mask","Pet Ghost","Blue Doll"],"acts_visited":["Exordium"],"potions_floor_usage":[8,11,16],"damage_taken":[{"damage":13,"enemies":"Jaw Worm","floor":1,"turns":4},{"damage":1,"enemies":"2 Louse","floor":3,"turns":2},{"damage":0,"enemies":"Small Slimes","floor":4,"turns":4},{"damage":18,"enemies":"Replay:BlueRogue","floor":7,"turns":5},{"damage":0,"enemies":"Exordium Wildlife","floor":8,"turns":3},{"damage":19,"enemies":"3 Sentries","floor":11,"turns":7},{"damage":11,"enemies":"Looter","floor":12,"turns":3},{"damage":106,"enemies":"Fading Forest","floor":16,"turns":9}],"seed_played":"8545363651533040961","potions_obtained":[{"floor":4,"key":"Fire Potion"},{"floor":8,"key":"GrandPatriotsElixir:ReiMu"},{"floor":12,"key":"Languid Potion"}],"is_trial":false,"path_per_floor":["M","?","M","M","?","R","E","M","T","?","E","M","R","T","R","B"],"character_chosen":"IRONCLAD","items_purchased":[],"campfire_rested":1,"item_purchase_floors":[],"current_hp_per_floor":[73,73,78,80,68,68,56,62,62,62,51,46,46,46,70,0,0],"gold":153,"neow_bonus":"TRANSFORM_TWO_CARDS","is_daily":false,"chose_seed":false,"campfire_upgraded":2,"win_rate":0.0,"timestamp":1614072633,"path_taken":["M","?","M","M","?","R","E","M","T","?","E","?","R","?","R","BOSS"],"items_purchased_type":[],"build_version":"2020-12-22","purchased_purges":0,"victory":false,"max_hp_per_floor":[80,80,80,80,80,80,80,80,80,80,80,80,80,80,80,80,80],"card_choices":[{"not_picked":["ReplayTheSpireMod:Strike From Hell","Replay:Undeath\u0027s Touch"],"picked":"Sword Boomerang","floor":1},{"not_picked":["conspire:ExplosiveBarrier","Twin Strike"],"picked":"Rage","floor":3},{"not_picked":["Blood for Blood","Iron Wave"],"picked":"Inflame","floor":4},{"not_picked":["Wild Strike","Reckless Charge"],"picked":"Berserk","floor":7},{"not_picked":["Shrug It Off","Wild Strike"],"picked":"Clash","floor":8},{"not_picked":["Run Through","Cleave"],"picked":"Flex","floor":11},{"not_picked":["Twin Strike","Body Slam"],"picked":"Reaper","floor":12}],"player_experience":113129,"relics_obtained":[{"floor":7,"key":"Snack Pack"},{"floor":9,"key":"Smiling Mask"},{"floor":11,"key":"Pet Ghost"},{"floor":14,"key":"Blue Doll"}],"event_choices":[{"damage_healed":0,"gold_gain":0,"cards_transformed":["Strike_R"],"player_choice":"Change","damage_taken":0,"max_hp_gain":0,"max_hp_loss":0,"event_name":"Living Wall","floor":2,"gold_loss":0,"cards_obtained":["Flame Barrier"]},{"damage_healed":0,"gold_gain":0,"player_choice":"Success","damage_taken":12,"relics_obtained":["Oddly Smooth Stone"],"max_hp_gain":0,"max_hp_loss":0,"event_name":"Scrap Ooze","floor":5,"gold_loss":0},{"damage_healed":0,"gold_gain":0,"player_choice":"Forge","damage_taken":0,"max_hp_gain":0,"max_hp_loss":0,"event_name":"Accursed Blacksmith","floor":10,"gold_loss":0,"cards_upgraded":["Limit Break"]}],"is_beta":false,"boss_relics":[],"items_purged_floors":[],"is_endless":false,"potions_floor_spawned":[4,8,12],"killed_by":"Fading Forest","ascension_level":2}}