{"host":"vpnygm79y7yi43ig","time":1614060991,"event":{"mods":["BaseMod","Bestiary","Minty Spire (QoL Compilation)"],"gold_per_floor":[115,40,40,40,40,40,40,40,64,107,125,125,150,2,2,128,128,142,57,57,57,80,80,120,133,160,200,200,218,143,143,143,143,143],"floor_reached":33,"language":"ENG","playtime":1713,"items_purged":["Strike_B","Storm"],"score":279,"play_id":"6aa98a78-ef21-4062-9fc3-c11472f6ef7d","local_time":"20210222221631","is_ascension_mode":false,"campfire_choices":[{"data":"1","floor":6,"key":"LIFT"},{"data":"2","floor":7,"key":"LIFT"},{"floor":8,"key":"REST"},{"data":"3","floor":12,"key":"LIFT"},{"floor":15,"key":"REST"},{"data":"Hologram","floor":23,"key":"SMITH"},{"data":"Hologram","floor":28,"key":"SMITH"},{"floor":32,"key":"REST"}],"circlet_count":0,"master_deck":["Strike_B","Defend_B","Defend_B","Defend_B","Zap","Dualcast","Gash","Steam","Hologram+1","Gash","Conserve Battery","Reboot","Coolheaded","Hologram+1","Defragment","Leap","Steam+1","Go for the Eyes"],"relics":["Cracked Core","WingedGreaves","Girya","Golden Idol","Tiny Chest","Cables","Sozu","Sundial","Pantograph","Dream Catcher","HornCleat"],"acts_visited":["Exordium","TheCity"],"potions_floor_usage":[10,16],"damage_taken":[{"damage":1,"enemies":"Cultist","floor":1,"turns":4},{"damage":25,"enemies":"Gremlin Nob","floor":10,"turns":4},{"damage":0,"enemies":"Jaw Worm","floor":11,"turns":2},{"damage":0,"enemies":"2 Louse","floor":13,"turns":2},{"damage":25,"enemies":"Slime Boss","floor":16,"turns":7},{"damage":14,"enemies":"3 Byrds","floor":18,"turns":4},{"damage":0,"enemies":"Spheric Guardian","floor":22,"turns":3},{"damage":22,"enemies":"Gremlin Leader","floor":24,"turns":8},{"damage":0,"enemies":"Chosen and Byrds","floor":25,"turns":4},{"damage":10,"enemies":"Book of Stabbing","floor":27,"turns":8},{"damage":2,"enemies":"Centurion and Healer","floor":29,"turns":7},{"damage":92,"enemies":"Automaton","floor":33,"turns":12}],"seed_played":"-5261842890404762821","potions_obtained":[{"floor":1,"key":"Strength Potion"},{"floor":11,"key":"Explosive Potion"}],"is_trial":false,"path_per_floor":["M","$","?","?","?","R","R","R","T","E","M","R","M","$","R","B",null,"M","$","?","T","M","R","E","M","T","E","R","M","?","T","R","B"],"character_chosen":"DEFECT","items_purchased":["Conserve Battery","Hologram","Defragment"],"campfire_rested":3,"item_purchase_floors":[14,19,19],"current_hp_per_floor":[67,67,34,34,34,34,34,52,52,27,27,27,27,27,45,20,63,49,49,49,49,49,49,27,27,27,17,17,15,15,15,33,0,0],"gold":143,"neow_bonus":"ONE_RARE_RELIC","is_daily":false,"chose_seed":false,"campfire_upgraded":2,"win_rate":0.0,"timestamp":1614060991,"path_taken":["M","$","?","?","?","R","R","R","T","E","?","R","?","$","R","BOSS","M","$","?","?","?","R","E","M","T","E","R","?","?","?","R","BOSS"],"items_purchased_type":["Card","Card","Card"],"build_version":"2020-12-22","purchased_purges":2,"victory":false,"max_hp_per_floor":[68,68,68,63,63,63,63,63,63,63,63,63,63,63,63,63,63,63,63,63,63,63,63,63,63,63,63,63,63,63,63,63,63,63],"card_choices":[{"not_picked":["Cold Snap","Coolheaded"],"picked":"Gash","floor":1},{"not_picked":["Turbo","Blizzard"],"picked":"Steam","floor":10},{"not_picked":["Undo","Genetic Algorithm"],"picked":"Hologram","floor":11},{"not_picked":["Double Energy","Buffer"],"picked":"Gash","floor":13},{"not_picked":["Biased Cognition","Meteor Strike"],"picked":"Reboot","floor":16},{"not_picked":["FTL","Conserve Battery"],"picked":"Coolheaded","floor":18},{"not_picked":["Streamline","Rip and Tear"],"picked":"Leap","floor":22},{"not_picked":["Reinforced Body","Chaos","Ball Lightning"],"picked":"SKIP","floor":24},{"not_picked":["Coolheaded","Double Energy+1"],"picked":"Steam+1","floor":25},{"not_picked":["Barrage","Stack","Echo Form"],"picked":"SKIP","floor":27},{"not_picked":["Chaos","Reprogram"],"picked":"Go for the Eyes","floor":29}],"player_experience":215579,"relics_obtained":[{"floor":9,"key":"Tiny Chest"},{"floor":10,"key":"Cables"},{"floor":21,"key":"Sundial"},{"floor":24,"key":"Pantograph"},{"floor":27,"key":"Dream Catcher"},{"floor":31,"key":"HornCleat"}],"event_choices":[{"damage_healed":0,"gold_gain":0,"player_choice":"Success","damage_taken":33,"relics_obtained":["Girya"],"max_hp_gain":0,"max_hp_loss":0,"event_name":"Scrap Ooze","floor":3,"gold_loss":0},{"damage_healed":0,"gold_gain":0,"player_choice":"Lose Max HP","damage_taken":0,"relics_obtained":["Golden Idol"],"max_hp_gain":0,"max_hp_loss":5,"event_name":"Golden Idol","floor":4,"gold_loss":0},{"damage_healed":0,"gold_gain":0,"cards_transformed":["Defend_B"],"player_choice":"Change","damage_taken":0,"max_hp_gain":0,"max_hp_loss":0,"event_name":"Living Wall","floor":5,"gold_loss":0,"cards_obtained":["Storm"]},{"cards_removed":["Strike_B"],"damage_healed":0,"gold_gain":0,"player_choice":"Elegance","damage_taken":0,"max_hp_gain":0,"max_hp_loss":0,"event_name":"Back to Basics","floor":20,"gold_loss":0},{"cards_removed":["Strike_B"],"damage_healed":0,"gold_gain":0,"player_choice":"Gave Gold","damage_taken":0,"max_hp_gain":0,"max_hp_loss":0,"event_name":"Beggar","floor":30,"gold_loss":75}],"is_beta":false,"boss_relics":[{"not_picked":["SacredBark","Busted Crown"],"picked":"Sozu"}],"items_purged_floors":[2,14],"is_endless":false,"potions_floor_spawned":[1,11,18,25,29],"killed_by":"Automaton","ascension_level":0}}