{"host":"kiehjq3lc4w5t4uc","time":1614080586,"event":{"mods":["AchievementEnabler","BaseMod","BetterRewards","Colored Map","Colored Powertips","DeckTracker","Good Game Mod","Keyboard Shortcuts","Minty Spire (QoL Compilation)","Permanent Neow","Quick Restart","Rare Cards Sparkle","Relic Stats","StSLib","SuperFastMode"],"gold_per_floor":[109,109,109,109,128,164,179,220,244,278,278,317,338,45,45,138,138,162,162,186,209,157,193,193,209,232,232,270,286,304,344,344,435,435,458,158,158,179,197,197,232,253,253,291,306,370,144,144,144,144,144],"floor_reached":50,"language":"KOR","playtime":1972,"items_purged":["Parasite"],"score":1173,"play_id":"d82bb353-146c-4239-be37-00c1876d225a","local_time":"20210223204306","is_ascension_mode":true,"campfire_choices":[{"data":"Alpha","floor":15.0,"key":"SMITH"},{"data":"Warcry","floor":27.0,"key":"SMITH"},{"data":"Madness","floor":32.0,"key":"SMITH"},{"data":"Corruption","floor":40.0,"key":"SMITH"},{"data":"Warcry","floor":49,"key":"SMITH"}],"circlet_count":3,"master_deck":["Alpha+1","Seeing Red+1","Pommel Strike+1","Entrench+1","Warcry+1","Impervious+1","Shrug It Off","Corruption+1","Shrug It Off","Metallicize","Offering+1","Warcry+1","The Bomb"],"relics":["Burning Blood","REME:ComplimentaryCards","Mango","TheAbacus","Lantern","Golden Idol","Regal Pillow","PreservedInsect","Art of War","Paper Frog","Bronze Scales","Circlet","Coffee Dripper","Orichalcum","MutagenicStrength","Tiny Chest","Toy Ornithopter","Strawberry","Cursed Key","FossilizedHelix","War Paint","Bag of Preparation","Incense Burner","Medical Kit"],"acts_visited":["Exordium","TheCity","TheBeyond"],"potions_floor_usage":[50],"damage_taken":[{"damage":0.0,"enemies":"Small Slimes","floor":1.0,"turns":2.0},{"damage":0.0,"enemies":"2 Louse","floor":5.0,"turns":2.0},{"damage":10.0,"enemies":"3 Sentries","floor":6.0,"turns":2.0},{"damage":12.0,"enemies":"Jaw Worm","floor":7.0,"turns":2.0},{"damage":0.0,"enemies":"Gremlin Nob","floor":8.0,"turns":3.0},{"damage":8.0,"enemies":"Lagavulin","floor":10.0,"turns":3.0},{"damage":10.0,"enemies":"3 Sentries","floor":12.0,"turns":2.0},{"damage":0.0,"enemies":"3 Louse","floor":13.0,"turns":3.0},{"damage":22.0,"enemies":"The Guardian","floor":16.0,"turns":6.0},{"damage":14.0,"enemies":"2 Thieves","floor":18.0,"turns":2.0},{"damage":2.0,"enemies":"Shell Parasite","floor":20.0,"turns":3.0},{"damage":0.0,"enemies":"Snake Plant","floor":21.0,"turns":3.0},{"damage":0.0,"enemies":"Slavers","floor":23.0,"turns":2.0},{"damage":5.0,"enemies":"Sentry and Sphere","floor":25.0,"turns":3.0},{"damage":0.0,"enemies":"Book of Stabbing","floor":28.0,"turns":3.0},{"damage":5.0,"enemies":"Shelled Parasite and Fungi","floor":29.0,"turns":3.0},{"damage":0.0,"enemies":"Snecko","floor":30.0,"turns":3.0},{"damage":5.0,"enemies":"Gremlin Leader","floor":31.0,"turns":3.0},{"damage":22.0,"enemies":"Collector","floor":33.0,"turns":7.0},{"damage":6.0,"enemies":"3 Darklings","floor":35.0,"turns":2.0},{"damage":0.0,"enemies":"3 Shapes","floor":38.0,"turns":3.0},{"damage":0.0,"enemies":"Maw","floor":39.0,"turns":6.0},{"damage":10.0,"enemies":"Nemesis","floor":41.0,"turns":5.0},{"damage":0.0,"enemies":"Writhing Mass","floor":42.0,"turns":5.0},{"damage":6,"enemies":"Reptomancer","floor":44,"turns":4},{"damage":0,"enemies":"Sphere and 2 Shapes","floor":45,"turns":1},{"damage":44,"enemies":"2 Orb Walkers","floor":46,"turns":4},{"damage":66,"enemies":"Awakened One","floor":50,"turns":9}],"seed_played":"-6504095847548557659","potions_obtained":[{"floor":1.0,"key":"SpeedPotion"},{"floor":5.0,"key":"Energy Potion"},{"floor":16.0,"key":"GamblersBrew"},{"floor":20.0,"key":"Energy Potion"},{"floor":31.0,"key":"DuplicationPotion"}],"is_trial":false,"path_per_floor":["M","?","?","?","M","E","M","E","T","E","$","E","M","$","R","B",null,"M","?","M","M","$","E","?","M","T","R","E","M","M","E","R","B",null,"M","$","?","M","M","R","E","M","T","E","M","?","$","?","R","B"],"character_chosen":"IRONCLAD","items_purchased":["Seeing Red","Pommel Strike","TheAbacus","Lantern","Dramatic Entrance","Shrug It Off","infinitespire:EmpoweringShard","Shrug It Off","FossilizedHelix","Medical Kit"],"campfire_rested":0,"item_purchase_floors":[0,0,0,0,0,14,14,22,36,47],"current_hp_per_floor":[88,70,48,48,54,50,44,50,50,48,48,44,50,50,50,34,75,67,67,71,77,77,83,83,84,84,84,89,89,89,96,96,80,92,92,92,91,91,91,91,87,91,91,91,91,53,53,53,53,0,0],"gold":144,"neow_bonus":"","is_daily":false,"chose_seed":false,"campfire_upgraded":5,"win_rate":0.0,"timestamp":1614080586,"path_taken":["M","?","?","?","M","E","M","E","T","E","?","E","M","$","R","BOSS","M","?","M","?","$","E","?","M","T","R","E","M","M","E","R","BOSS","M","$","?","M","M","R","E","M","T","E","M","?","$","?","R","BOSS"],"items_purchased_type":["Card","Card","Relic","Relic","Card","Card","Undefined","Card","Relic","Relic"],"build_version":"2020-12-22","purchased_purges":1,"victory":false,"max_hp_per_floor":[89,89,89,89,89,89,89,89,89,89,89,89,89,89,89,89,89,89,89,89,89,89,89,89,89,89,89,89,89,89,96,96,96,96,96,96,91,91,91,91,91,91,91,91,91,91,88,88,88,88,88],"relic_stats":{"Regal Pillow":0,"counters":[28,96],"Golden Idol":174,"PreservedInsect":303,"Bag of Preparation":[6],"Orichalcum":[18],"War Paint":["Impervious","Offering"],"Cursed Key":0,"Medical Kit":[1],"Burning Blood":133,"TheAbacus":[810],"Bronze Scales":[227],"Tiny Chest":0,"Art of War":[14],"obtain_stats":[{"Lantern":0,"Regal Pillow":6,"Mango":0,"Bag of Preparation":44,"Incense Burner":46,"Cursed Key":34,"Burning Blood":0,"TheAbacus":0,"Strawberry":31,"Tiny Chest":26,"Paper Frog":10,"Golden Idol":3,"Circlet":0,"PreservedInsect":8,"Orichalcum":19,"War Paint":41,"Medical Kit":47,"REME:ComplimentaryCards":0,"Bronze Scales":12,"MutagenicStrength":24,"Art of War":9,"infinitespire:EmpoweringShard":14,"Coffee Dripper":17,"Toy Ornithopter":28,"FossilizedHelix":36},{"Lantern":0,"Regal Pillow":3,"Mango":0,"Bag of Preparation":25,"Incense Burner":27,"Cursed Key":19,"Burning Blood":0,"TheAbacus":0,"Strawberry":18,"Tiny Chest":14,"Paper Frog":6,"Golden Idol":1,"Circlet":0,"PreservedInsect":5,"Orichalcum":10,"War Paint":23,"Medical Kit":27,"REME:ComplimentaryCards":0,"Bronze Scales":7,"MutagenicStrength":13,"Art of War":5,"infinitespire:EmpoweringShard":8,"Coffee Dripper":9,"Toy Ornithopter":15,"FossilizedHelix":20},{"Lantern":0,"Regal Pillow":6,"Mango":0,"Bag of Preparation":82,"Incense Burner":87,"Cursed Key":57,"Burning Blood":0,"TheAbacus":0,"Strawberry":50,"Tiny Chest":38,"Paper Frog":14,"Golden Idol":2,"Circlet":0,"PreservedInsect":11,"Orichalcum":27,"War Paint":73,"Medical Kit":87,"REME:ComplimentaryCards":0,"Bronze Scales":16,"MutagenicStrength":35,"Art of War":11,"infinitespire:EmpoweringShard":19,"Coffee Dripper":25,"Toy Ornithopter":41,"FossilizedHelix":59}],"Toy Ornithopter":5},"card_choices":[{"not_picked":["Thunderclap","Headbutt"],"picked":"Entrench","floor":1.0},{"not_picked":["Feel No Pain","Sword Boomerang"],"picked":"Warcry","floor":5.0},{"not_picked":["Pommel Strike","Sentinel","Heavy Blade"],"picked":"SKIP","floor":6.0},{"not_picked":["Sword Boomerang","Anger","Infernal Blade"],"picked":"SKIP","floor":7.0},{"not_picked":["Perfected Strike","Sentinel"],"picked":"Impervious","floor":8.0},{"not_picked":["Blood for Blood","Wild Strike"],"picked":"infinitespire:OneForAll","floor":10.0},{"not_picked":["Rupture","Inflame","Perfected Strike"],"picked":"SKIP","floor":12.0},{"not_picked":["Headbutt","Pommel Strike","Wild Strike"],"picked":"SKIP","floor":13.0},{"not_picked":["Limit Break","Demon Form"],"picked":"Corruption","floor":16.0},{"not_picked":["Cleave","Perfected Strike","Iron Wave"],"picked":"SKIP","floor":18.0},{"not_picked":["Flex","Limit Break","Wild Strike"],"picked":"SKIP","floor":20.0},{"not_picked":["Flex","Limit Break","Wild Strike"],"picked":"SKIP","floor":20.0},{"not_picked":["Power Through","Cleave","Armaments"],"picked":"SKIP","floor":21.0},{"not_picked":["Twin Strike","Wild Strike","Sword Boomerang+1"],"picked":"SKIP","floor":23.0},{"not_picked":["Clothesline","Iron Wave+1","Flame Barrier"],"picked":"SKIP","floor":25.0},{"not_picked":["Searing Blow","Wild Strike"],"picked":"Metallicize","floor":28.0},{"not_picked":["Second Wind","Hemokinesis","Flex"],"picked":"SKIP","floor":29.0},{"not_picked":["Entrench","Burning Pact","Clash"],"picked":"SKIP","floor":30.0},{"not_picked":["Immolate","Thunderclap","Anger"],"picked":"SKIP","floor":31.0},{"not_picked":["Reaper","Juggernaut"],"picked":"Offering","floor":33.0},{"not_picked":["Cleave","Pommel Strike","True Grit"],"picked":"SKIP","floor":35.0},{"not_picked":["Headbutt","Inflame","Wild Strike"],"picked":"SKIP","floor":38.0},{"not_picked":["Havoc","Cleave+1","Hemokinesis"],"picked":"SKIP","floor":39.0},{"not_picked":["Pommel Strike","Clothesline","Ghostly Armor"],"picked":"SKIP","floor":41.0},{"not_picked":["Limit Break","Iron Wave","Clothesline"],"picked":"SKIP","floor":42.0},{"not_picked":["Clothesline","Blood for Blood","Intimidate"],"picked":"SKIP","floor":44},{"not_picked":["Dropkick+1","Flex"],"picked":"Warcry","floor":45}],"player_experience":204454,"relics_obtained":[{"floor":6.0,"key":"Regal Pillow"},{"floor":8.0,"key":"PreservedInsect"},{"floor":9.0,"key":"Art of War"},{"floor":10.0,"key":"Paper Frog"},{"floor":12.0,"key":"Bronze Scales"},{"floor":23.0,"key":"Circlet"},{"floor":26.0,"key":"Tiny Chest"},{"floor":28.0,"key":"Toy Ornithopter"},{"floor":31.0,"key":"Strawberry"},{"floor":41.0,"key":"War Paint"},{"floor":44,"key":"Bag of Preparation"},{"floor":46,"key":"Incense Burner"}],"event_choices":[{"damage_healed":0.0,"max_hp_gain":0.0,"max_hp_loss":0.0,"gold_gain":0.0,"event_name":"Shining Light","player_choice":"Entered Light","floor":2.0,"gold_loss":0.0,"damage_taken":18.0,"cards_upgraded":["Seeing Red","Pommel Strike"]},{"damage_healed":0.0,"max_hp_gain":0.0,"max_hp_loss":0.0,"gold_gain":0.0,"event_name":"Golden Idol","player_choice":"Take Damage","floor":3.0,"gold_loss":0.0,"damage_taken":22.0,"relics_obtained":["Golden Idol"]},{"damage_healed":0.0,"max_hp_gain":0.0,"max_hp_loss":0.0,"gold_gain":0.0,"event_name":"Living Wall","player_choice":"Grow","floor":4.0,"gold_loss":0.0,"damage_taken":0.0,"cards_upgraded":["Entrench"]},{"damage_healed":0.0,"max_hp_gain":0.0,"max_hp_loss":0.0,"gold_gain":0.0,"event_name":"WeMeetAgain","player_choice":"Gave Potion","floor":19.0,"gold_loss":0.0,"damage_taken":0.0,"relics_obtained":["Orichalcum"]},{"damage_healed":0.0,"max_hp_gain":0.0,"max_hp_loss":0.0,"gold_gain":0.0,"event_name":"Drug Dealer","player_choice":"Inject Mutagens","floor":24.0,"gold_loss":0.0,"damage_taken":0.0,"relics_obtained":["MutagenicStrength"]},{"damage_healed":0.0,"max_hp_gain":0.0,"max_hp_loss":5.0,"gold_gain":0.0,"event_name":"Winding Halls","player_choice":"Max HP","floor":37.0,"gold_loss":0.0,"damage_taken":0.0},{"damage_healed":0,"gold_gain":0,"player_choice":"Fight","damage_taken":0,"max_hp_gain":0,"max_hp_loss":0,"event_name":"Mysterious Sphere","floor":46,"gold_loss":0},{"damage_healed":0,"gold_gain":0,"cards_transformed":["Madness"],"player_choice":"Transformed","damage_taken":0,"max_hp_gain":0,"max_hp_loss":0,"event_name":"Transmorgrifier","floor":48,"gold_loss":0,"cards_obtained":["The Bomb"]}],"is_beta":false,"boss_relics":[{"not_picked":["Runic Cube","Astrolabe"],"picked":"Coffee Dripper"},{"not_picked":["Snecko Eye","Tiny House"],"picked":"Cursed Key"}],"items_purged_floors":[47],"is_endless":false,"potions_floor_spawned":[1,5,7,12,16,18,20,25,31,38,41,46],"killed_by":"Awakened One","ascension_level":14}}