{"host":"lw59ann91yhh6pk4","time":1614120240,"event":{"mods":["Act Like it!","BaseMod","Colored Map","Colored Powertips","Downfall","Duelist Mod","GifTheSpireLib","Hermit","MarisaÅiñ∂âJÅ@ñÇóùçπÅj","Minty Spire (QoL Compilation)","StSLib","The Animator","The Bug Knight","The Construct","The Cursed","The Disciple","The Hierophant","The Jungle","The Necromancer","The Runesmith","The Servant 0.9.4","slay the spire mod where everything is the same but ironclad has a cowboy hat"],"gold_per_floor":[99,109,109,125,143,143,190,218,218,218,218,230,259,53,63,166,166,66,77,77,77,94,111,111,11,0,0,28,26,26,54,65,160,160,160,180,199,213,213,113,138,158,158,184,200,213,247,293,307,307,307,338,6,6,6,6],"floor_reached":57,"language":"ENG","playtime":5132,"items_purged":["Slimebound:Strike_Slimebound","Slimebound:Strike_Slimebound","Slimebound:Tackle"],"score":1279,"play_id":"cb626c1c-9f99-4c44-8499-c9ccdb681b27","local_time":"20210223234400","is_ascension_mode":true,"campfire_choices":[{"data":"Slimebound:Split","floor":1,"key":"SMITH"},{"data":"Slimebound:MassRepurpose","floor":9,"key":"SMITH"},{"data":"Slimebound:OneTwoCombo","floor":18,"key":"SMITH"},{"data":"Slimebound:LeadByExample","floor":25,"key":"SMITH"},{"floor":35,"key":"RECALL"},{"data":"Slimebound:OneTwoCombo","floor":40,"key":"SMITH"},{"data":"Slimebound:TagTeam","floor":43,"key":"SMITH"},{"floor":54,"key":"REST"}],"circlet_count":0,"master_deck":["Slimebound:Defend_Slimebound","Slimebound:Defend_Slimebound","Slimebound:Defend_Slimebound","Slimebound:Split+1","Slimebound:CorrosiveSpit","Slimebound:Equalize+1","Slimebound:LivingWall","Slimebound:PressTheAttack","Slimebound:MassRepurpose+1","Slimebound:Replication","Slimebound:Prepare","Slimebound:ForwardTackle","Slimebound:LeadByExample+1","Slimebound:SplitSpecialist","Slimebound:OneTwoCombo+1","Slimebound:ComboTackle+1","downfall:Bewildered","Slimebound:LeechEnergy","Slimebound:SplitLeeching","Slimebound:ComboTackle+1","Slimebound:ComboTackle+1","Slimebound:LeadByExample","Slimebound:RallyTheTroops","Slimebound:TagTeam+1","Slimebound:SplitSpecialist","RitualDagger","Slimebound:OneTwoCombo+1","Slimebound:SplitBruiser+1","Slimebound:OozeBath","Slimebound:Schlurp+1","Slimebound:SplitBruiser+1","Slimebound:LevelUp","expansioncontent:Chronoboost","expansioncontent:InvincibleStrength","expansioncontent:LastStand","Slimebound:SplitAcid","Slimebound:LevelUp","Slimebound:SamplingLick+1","Slimebound:GoopSpray+1","Slimebound:Overexert","Slimebound:MinionMaster"],"relics":["Slimebound:AbsorbEndCombatUpgraded","construct:BoolHorns","Juzu Bracelet","Blue Candle","Orichalcum","Philosopher\u0027s Stone","downfall:HeartBlessingGreen","sneckomod:BabySnecko","FossilizedHelix","downfall:HeartBlessingBlue","Enchiridion","InkBottle","Membership Card","Toy Ornithopter","downfall:HeartBlessingRed","Nunchaku","Happy Flower","Ancient Tea Set","Torii","Kunai","Frozen Eye","Boot"],"acts_visited":["Exordium","TheCity","TheBeyond","TheEnding"],"potions_floor_usage":[8,13,16,16,28,31,32,33,33,33,47,47,50,50,50,50,52,55,56,56],"damage_taken":[{"damage":4,"enemies":"Jaw Worm","floor":2,"turns":3},{"damage":3,"enemies":"Cultist","floor":4,"turns":2},{"damage":10,"enemies":"2 Louse","floor":5,"turns":3},{"damage":20,"enemies":"HollowMod:MossKnight","floor":8,"turns":7},{"damage":0,"enemies":"Gremlin Gang","floor":12,"turns":6},{"damage":22,"enemies":"3 Sentries","floor":13,"turns":7},{"damage":3,"enemies":"downfall:FleeingMerchant","floor":14,"turns":4},{"damage":4,"enemies":"Blue Slaver","floor":15,"turns":5},{"damage":2,"enemies":"SI_SHIV_ARCHETYPE","floor":16,"turns":5},{"damage":0,"enemies":"Spheric Guardian","floor":19,"turns":3},{"damage":14,"enemies":"downfall:LooterAlt2","floor":22,"turns":4},{"damage":5,"enemies":"Chosen and Byrds","floor":23,"turns":4},{"damage":9,"enemies":"downfall:FleeingMerchant","floor":26,"turns":4},{"damage":3,"enemies":"theDuelist:KaibaA2","floor":28,"turns":3},{"damage":0,"enemies":"downfall:FleeingMerchant","floor":29,"turns":3},{"damage":0,"enemies":"Book of Stabbing","floor":31,"turns":4},{"damage":0,"enemies":"3 Cultists","floor":32,"turns":4},{"damage":42,"enemies":"DF_ARCHETYPE_CLAW","floor":33,"turns":6},{"damage":0,"enemies":"3 Darklings","floor":36,"turns":3},{"damage":20,"enemies":"3 Shapes","floor":37,"turns":3},{"damage":18,"enemies":"3 Darklings","floor":38,"turns":4},{"damage":10,"enemies":"Maw","floor":42,"turns":5},{"damage":15,"enemies":"Writhing Mass","floor":45,"turns":4},{"damage":2,"enemies":"Jaw Worm Horde","floor":46,"turns":4},{"damage":20,"enemies":"Giant Head","floor":47,"turns":6},{"damage":39,"enemies":"2 Orb Walkers","floor":48,"turns":3},{"damage":0,"enemies":"Spire Growth","floor":49,"turns":2},{"damage":24,"enemies":"WA_ARCHETYPE_DIVINITY","floor":50,"turns":9},{"damage":39,"enemies":"downfall:CharBossMerchant","floor":52,"turns":5},{"damage":13,"enemies":"downfall:NeowBoss","floor":55,"turns":10},{"damage":65,"enemies":"downfall:NeowBossFinal","floor":56,"turns":7}],"seed_played":"-4902817314071952114","potions_obtained":[{"floor":2,"key":"champ:CounterPotion"},{"floor":8,"key":"Block Potion"},{"floor":15,"key":"DuplicationPotion"},{"floor":16,"key":"sneckomod:MuddlingPotion"},{"floor":22,"key":"SpeedPotion"},{"floor":28,"key":"Block Potion"},{"floor":31,"key":"ColorlessPotion"},{"floor":32,"key":"Strength Potion"},{"floor":33,"key":"Dexterity Potion"},{"floor":36,"key":"EntropicBrew"},{"floor":42,"key":"PowerPotion"},{"floor":46,"key":"DistilledChaos"},{"floor":48,"key":"sneckomod:MuddlingPotion"},{"floor":52,"key":"Weak Potion"}],"is_trial":false,"path_per_floor":["R","M","?","M","M","T","T","E","R","?","?","M","E","$","M","B",null,"R","M","?","?","M","M","T","R","$","?","E","$","?","E","M","B",null,"R","M","M","M","?","R","T","M","R","T","M","M","E","?","M","B",null,"E","$","R","B","B",null],"character_chosen":"SLIMEBOUND","items_purchased":["Slimebound:LeadByExample","FearPotion","Membership Card","Slimebound:TagTeam","Slimebound:SplitSpecialist","DuplicationPotion","Slimebound:MinionMaster","Slimebound:SlimyTonguePotion","Guardian:BlockOnCardUsePotion","Frozen Eye","Boot"],"campfire_rested":1,"item_purchase_floors":[14,14,29,29,29,29,53,53,53,53,53],"current_hp_per_floor":[47,47,47,60,56,56,56,48,48,48,48,50,36,43,49,55,65,65,65,65,65,55,62,62,72,73,57,60,62,56,64,73,48,75,75,75,55,60,50,50,50,46,46,46,46,53,58,19,22,33,75,42,42,64,66,26],"gold":6,"neow_bonus":"ONE_RARE_RELIC","is_daily":false,"chose_seed":false,"campfire_upgraded":6,"win_rate":0.0,"timestamp":1614120240,"path_taken":["R","M","?","M","?","?","T","E","R","?","?","M","E","$","M","BOSS","R","M","?","?","M","M","T","R","?","?","E","$","?","E","M","BOSS","R","M","M","M","?","R","T","M","R","?","M","M","E","?","M","BOSS","E","$","R","BOSS","BOSS"],"items_purchased_type":["Card","Potion","Relic","Card","Card","Potion","Card","Potion","Potion","Relic","Relic"],"build_version":"2020-12-22","purchased_purges":3,"victory":true,"max_hp_per_floor":[65,65,65,65,65,65,65,65,65,65,65,65,65,65,65,65,65,65,65,65,65,65,65,65,75,75,75,75,75,75,75,75,75,75,75,75,75,75,75,75,75,75,75,75,75,75,75,75,75,75,75,75,75,75,75,75],"card_choices":[{"not_picked":["Slimebound:ProtectTheBoss","Slimebound:Schlurp"],"picked":"Slimebound:Equalize","floor":2},{"not_picked":["Slimebound:DisruptingSlam","Slimebound:GoopTackle"],"picked":"Slimebound:LivingWall","floor":4},{"not_picked":["Slimebound:SlimeBarrage","Slimebound:ItLooksTasty"],"picked":"Slimebound:PressTheAttack","floor":5},{"not_picked":["Slimebound:DivideAndConquer","Slimebound:SplitAcid"],"picked":"Slimebound:MassRepurpose","floor":8},{"not_picked":["Slimebound:RollThrough","Slimebound:PressTheAttack"],"picked":"Slimebound:Replication","floor":12},{"not_picked":["Slimebound:RollThrough","Slimebound:LeechEnergy"],"picked":"Slimebound:Prepare","floor":13},{"not_picked":["Slimebound:SlimeSpikes","Slimebound:AcidTongue"],"picked":"Slimebound:ForwardTackle","floor":14},{"not_picked":["Slimebound:SlimeSpikes","Slimebound:LeechingTouch"],"picked":"Slimebound:SplitSpecialist","floor":15},{"not_picked":["Slimebound:Teamwork","Slimebound:OozeBath"],"picked":"Slimebound:OneTwoCombo","floor":16},{"not_picked":["Slimebound:ItLooksTasty","Slimebound:SplitAcid"],"picked":"Slimebound:ComboTackle+1","floor":19},{"not_picked":["Slimebound:RollThrough","Slimebound:ForwardTackle+1"],"picked":"Slimebound:SplitLeeching","floor":22},{"not_picked":["Slimebound:LivingWall","Slimebound:WasteNot"],"picked":"Slimebound:ComboTackle+1","floor":23},{"not_picked":["Slimebound:SlimeBarrage","Slimebound:LeechEnergy"],"picked":"Slimebound:ComboTackle+1","floor":26},{"not_picked":["Slimebound:BestDefense","Slimebound:GoopTackle+1"],"picked":"Slimebound:LeadByExample","floor":28},{"not_picked":["Slimebound:Prepare","Slimebound:DuplicatedForm"],"picked":"Slimebound:RallyTheTroops","floor":29},{"not_picked":["Slimebound:SplitLeeching","Slimebound:SplitBruiser"],"picked":"Slimebound:OneTwoCombo","floor":31},{"not_picked":["Slimebound:RollThrough","Slimebound:SlimeSpikes"],"picked":"Slimebound:SplitBruiser+1","floor":32},{"not_picked":["Slimebound:MassRepurpose","Slimebound:WasteNot"],"picked":"Slimebound:OozeBath","floor":33},{"not_picked":["Slimebound:LeechEnergy+1","Slimebound:FinishingTackle+1"],"picked":"Slimebound:Schlurp+1","floor":36},{"not_picked":["Slimebound:MegaLick","Slimebound:ItLooksTasty+1"],"picked":"Slimebound:SplitBruiser+1","floor":37},{"not_picked":["Slimebound:SplitBruiser","Slimebound:PressTheAttack"],"picked":"Slimebound:LevelUp","floor":38},{"not_picked":["expansioncontent:PolyBeam","expansioncontent:AwakenDeath"],"picked":"expansioncontent:Chronoboost","floor":39},{"not_picked":["expansioncontent:LastStand","expansioncontent:PolyBeam"],"picked":"expansioncontent:InvincibleStrength","floor":39},{"not_picked":["expansioncontent:HyperBeam","expansioncontent:Chronoboost"],"picked":"expansioncontent:LastStand","floor":39},{"not_picked":["Slimebound:Dissolve","Slimebound:ComboTackle"],"picked":"Slimebound:SplitAcid","floor":42},{"not_picked":["Slimebound:SplitAcid","Slimebound:SamplingLick","Slimebound:Nibble"],"picked":"SKIP","floor":45},{"not_picked":["Slimebound:LeechingTouch+1","Slimebound:GrowthPunch+1"],"picked":"Slimebound:LevelUp","floor":46},{"not_picked":["Slimebound:ItLooksTasty+1","Slimebound:FinishingTackle","Slimebound:FlameTackle+1"],"picked":"SKIP","floor":47},{"not_picked":["Slimebound:LeechEnergy","Slimebound:SlimeBrawl"],"picked":"Slimebound:SamplingLick+1","floor":48},{"not_picked":["Slimebound:SlimeBrawl","Slimebound:HauntingLick"],"picked":"Slimebound:GoopSpray+1","floor":49},{"not_picked":["Slimebound:SplitMire","Slimebound:PressTheAttack+1"],"picked":"Slimebound:Overexert","floor":52}],"player_experience":142791,"relics_obtained":[{"floor":7,"key":"Juzu Bracelet"},{"floor":8,"key":"Blue Candle"},{"floor":13,"key":"Orichalcum"},{"floor":24,"key":"FossilizedHelix"},{"floor":27,"key":"Enchiridion"},{"floor":28,"key":"InkBottle"},{"floor":31,"key":"Toy Ornithopter"},{"floor":41,"key":"Nunchaku"},{"floor":44,"key":"Happy Flower"},{"floor":47,"key":"Ancient Tea Set"},{"floor":48,"key":"Torii"},{"floor":52,"key":"Kunai"}],"event_choices":[{"cards_removed":["Slimebound:Defend_Slimebound"],"damage_healed":0,"gold_gain":0,"player_choice":"Offered Basic","damage_taken":0,"max_hp_gain":0,"max_hp_loss":0,"event_name":"Bonfire Elementals","floor":11,"gold_loss":0},{"damage_healed":0,"gold_gain":0,"player_choice":"Fight","damage_taken":0,"max_hp_gain":0,"max_hp_loss":0,"event_name":"Mysterious Sphere","floor":48,"gold_loss":0}],"is_beta":false,"boss_relics":[{"not_picked":["bronze:MakeshiftBattery","Fusion Hammer"],"picked":"Philosopher\u0027s Stone"},{"not_picked":["Black Star","SlaversCollar"],"picked":"Slimebound:AbsorbEndCombatUpgraded"}],"items_purged_floors":[14,29,53],"is_endless":false,"potions_floor_spawned":[2,8,15,16,22,28,31,32,33,36,42,46,48,52],"ascension_level":1}}