{"host":"nug5xkek4sujf8as","time":1614088279,"event":{"mods":["Act Like it!","Aspiration","BaseMod","Booster Modes","CapriCore","Colored Powertips","Conspire","Energized Spire","Gensokyo","Minty Spire (QoL Compilation)","Permanent Neow","Quick Restart","Reimu£®≤©¿ˆ¡È√Œ£©","Replay The Spire","Shop Mod","Spicy Shops","StSLib","°æπ¶ƒ‹Mod°øªÏ„Á÷Æª∑–ﬁ∏¥≤π∂°","°æ“≈ŒÔø®≈∆°øREMEMod","ÛÙª÷∏ƒœ"],"gold_per_floor":[115,115,115,128,140,140,175,175,175,212,242,242,261,303,303,386,458,495,504,463,472,507,581,581,642,723,48,57,94,94,130,130,234,234,259,259],"floor_reached":35,"language":"ZHS","playtime":1539,"items_purged":[],"score":1243,"play_id":"9d919582-dcac-4ba4-a067-6e2213922847","local_time":"20210223215119","is_ascension_mode":true,"campfire_choices":[{"data":"ReplayTheSpireMod:Calculation Training","floor":6.0,"key":"SMITH"},{"data":"Zap","floor":8.0,"key":"SMITH"},{"data":"Dualcast","floor":12.0,"key":"SMITH"},{"data":"REME_ForAll","floor":15.0,"key":"SMITH"},{"floor":24.0,"key":"RECALL"},{"data":"ReplayTheSpireMod:Omega Cannon","floor":30,"key":"SMITH"},{"data":"Streamline","floor":32,"key":"SMITH"}],"circlet_count":0,"master_deck":["AscendersBane","Zap+1","Dualcast+1","REME_ForAll+1","ReplayTheSpireMod:Calculation Training+1","Coolheaded+1","Leap+1","Self Repair","Streamline+1","Recycle+1","Seek+1","All For One","Creative AI","Rip and Tear","Seek+1","Chill+1","conspire:Rain+1","Whirlwind","Darkness+1","Headbutt","REME_Whirling+1","Panic Button+1","Consume+1","conspire:SpireCoStock+1","Fission+1","White Noise+1","ReplayTheSpireMod:The Works+1","ReplayTheSpireMod:Omega Cannon+1","Necronomicurse","Prepared+1","CleanRite:ReiMu+1","conspire:Purge+1"],"relics":["FrozenCore","REME_ComplimentaryCards","aspiration:Nostalgia","Replay:M_SmolderingBlood","Toxic Egg 2","Spirit Poop","Symbiotic Virus","Replay:Towering Pillar of Hats","Mastiff:ReiMu","Replay:WaspNest","Prayer Wheel","Prayer Wheel","CeramicFish","Pandora\u0027s Box","PrismaticShard","Bird Faced Urn","Bag of Marbles","ReplayTheSpireMod:TigerMarble","Torii","Necronomicon","Calipers","Replay:Mystery Machine","Replay:Grab Bag","energizedSpire:RedRose","energizedSpire:UnstableMolecules"],"acts_visited":["Exordium","TheCity","TheBeyond"],"potions_floor_usage":[],"damage_taken":[{"damage":0.0,"enemies":"Cultist","floor":1.0,"turns":3.0},{"damage":0.0,"enemies":"Small Slimes","floor":4.0,"turns":2.0},{"damage":0.0,"enemies":"Jaw Worm","floor":5.0,"turns":4.0},{"damage":9.0,"enemies":"Lagavulin","floor":7.0,"turns":6.0},{"damage":18.0,"enemies":"conspire:MimicChest","floor":10.0,"turns":6.0},{"damage":17.0,"enemies":"3 Sentries","floor":11.0,"turns":4.0},{"damage":5.0,"enemies":"Exordium Wildlife","floor":13.0,"turns":3.0},{"damage":14.0,"enemies":"Lagavulin","floor":14.0,"turns":6.0},{"damage":0.0,"enemies":"Slime Boss","floor":16.0,"turns":6.0},{"damage":0.0,"enemies":"Chosen","floor":18.0,"turns":2.0},{"damage":0.0,"enemies":"3 Byrds","floor":22.0,"turns":3.0},{"damage":0.0,"enemies":"Book of Stabbing","floor":23.0,"turns":3.0},{"damage":4.0,"enemies":"Gremlin Leader","floor":25.0,"turns":3.0},{"damage":0,"enemies":"Slavers","floor":29,"turns":1},{"damage":0,"enemies":"Gremlin Leader","floor":31,"turns":2},{"damage":53,"enemies":"conspire:MysteriousRune","floor":33,"turns":5},{"damage":61,"enemies":"3 Shapes","floor":35,"turns":2}],"seed_played":"-855235321396876920","potions_obtained":[{"floor":4.0,"key":"BlessingOfTheForge"},{"floor":10.0,"key":"Doom Potion"},{"floor":13.0,"key":"EssenceOfSteel"},{"floor":33,"key":"Elixir"}],"is_trial":false,"path_per_floor":["M","?","?","M","M","R","E","R","T","?","E","R","M","E","R","B",null,"M","?","?","?","M","E","R","E","T","$","?","E","R","E","R","B",null,"M"],"character_chosen":"DEFECT","items_purchased":["ReplayTheSpireMod:Omega Cannon","ReplayTheSpireMod:TigerMarble","Torii"],"campfire_rested":0,"item_purchase_floors":[27,27,27],"current_hp_per_floor":[64,64,64,64,64,64,55,55,55,44,27,27,29,22,22,29,61,61,49,49,49,56,63,63,70,70,70,49,60,60,62,62,22,59,0,0],"gold":259,"neow_bonus":"NOSTALGIA","is_daily":false,"chose_seed":false,"campfire_upgraded":6,"win_rate":0.0,"timestamp":1614088279,"path_taken":["M","?","?","?","M","R","E","R","T","?","E","R","M","E","R","BOSS","M","?","?","?","M","E","R","E","T","$","?","E","R","E","R","BOSS","M"],"items_purchased_type":["Card","Relic","Relic"],"build_version":"2020-12-22","purchased_purges":0,"victory":false,"max_hp_per_floor":[71,71,71,71,71,71,71,71,71,71,71,71,71,71,71,71,71,71,71,71,71,71,71,71,71,71,71,71,71,71,71,71,71,71,71,71],"card_choices":[{"not_picked":["ReplayTheSpireMod:Repulse","Hello World"],"picked":"ReplayTheSpireMod:Calculation Training","floor":1.0},{"not_picked":["FlyingSleeves","Ball Lightning"],"picked":"Coolheaded+1","floor":4.0},{"not_picked":["Compile Driver","Gash"],"picked":"Leap+1","floor":5.0},{"not_picked":["Hello World","FollowUp"],"picked":"Self Repair","floor":7.0},{"not_picked":["FTL","EmptyFist"],"picked":"Streamline","floor":10.0},{"not_picked":["ReplayTheSpireMod:Reroute Power+1","EmptyFist"],"picked":"ReplayTheSpireMod:Fabricate Wheel+1","floor":11.0},{"not_picked":["Gash","Go for the Eyes"],"picked":"Recycle+1","floor":13.0},{"not_picked":["Compile Driver","Recycle+1","Streamline"],"picked":"SKIP","floor":13.0},{"not_picked":["Bludgeon","FlyingSleeves"],"picked":"All For One","floor":14.0},{"not_picked":["Reboot+1","Bludgeon"],"picked":"Creative AI","floor":16.0},{"not_picked":["Go for the Eyes","Rebound"],"picked":"REME_Whirling+1","floor":18.0},{"not_picked":["Beam Cell","Coolheaded+1"],"picked":"Panic Button+1","floor":18.0},{"not_picked":["Coolheaded+1","Self Repair","Compile Driver"],"picked":"SKIP","floor":18.0},{"not_picked":["Coolheaded+1","Compile Driver"],"picked":"Consume+1","floor":19.0},{"not_picked":["Lockon+1","Halt+1"],"picked":"White Noise+1","floor":22.0},{"not_picked":["Sweeping Beam","ReplaySort+1","Replay:AtTheReady+1"],"picked":"SKIP","floor":22.0},{"not_picked":["Beam Cell","Combust","SealNeedle:ReiMu"],"picked":"SKIP","floor":22.0},{"not_picked":["Conserve Battery+1","Dark Embrace"],"picked":"ReplayTheSpireMod:The Works+1","floor":23.0},{"not_picked":["BowlingBash","Protect+1","ReachHeaven"],"picked":"SKIP","floor":25.0},{"not_picked":["Grand Finale","WonderfulDomain:ReiMu+1"],"picked":"Prepared+1","floor":29},{"not_picked":["Shrug It Off+1","Gash"],"picked":"CleanRite:ReiMu+1","floor":31},{"not_picked":["REME_BodyOfCthun+1","Thinking Ahead+1"],"picked":"conspire:Purge+1","floor":33}],"player_experience":994313,"relics_obtained":[{"floor":7.0,"key":"Symbiotic Virus"},{"floor":9.0,"key":"Replay:Towering Pillar of Hats"},{"floor":10.0,"key":"Mastiff:ReiMu"},{"floor":11.0,"key":"Replay:WaspNest"},{"floor":14.0,"key":"CeramicFish"},{"floor":19.0,"key":"PrismaticShard"},{"floor":23.0,"key":"Bird Faced Urn"},{"floor":25.0,"key":"Bag of Marbles"},{"floor":28.0,"key":"Necronomicon"},{"floor":29,"key":"Calipers"},{"floor":31,"key":"Replay:Mystery Machine"}],"event_choices":[{"cards_removed":["Injury"],"damage_healed":0.0,"max_hp_gain":0.0,"max_hp_loss":0.0,"gold_gain":0.0,"event_name":"Bonfire Elementals","player_choice":"Offered Curse","floor":3.0,"gold_loss":0.0,"damage_taken":0.0,"relics_obtained":["Spirit Poop"]},{"damage_healed":0.0,"max_hp_gain":0.0,"max_hp_loss":0.0,"gold_gain":0.0,"event_name":"conspire:Investor","player_choice":"Invest 1","floor":20.0,"gold_loss":0.0,"damage_taken":0.0},{"damage_healed":0.0,"max_hp_gain":0.0,"max_hp_loss":0.0,"gold_gain":0.0,"event_name":"The Library","player_choice":"Read","floor":21.0,"gold_loss":0.0,"damage_taken":0.0,"cards_obtained":["Fission"]},{"damage_healed":0.0,"max_hp_gain":0.0,"max_hp_loss":0.0,"gold_gain":0.0,"event_name":"Cursed Tome","player_choice":"Obtained Book","floor":28.0,"gold_loss":0.0,"damage_taken":21.0}],"is_beta":false,"boss_relics":[{"not_picked":["REME_ChargedStone","SlaversCollar"],"picked":"Pandora\u0027s Box"},{"not_picked":["SacredBark","REME_LowDesire"],"picked":"Replay:Grab Bag"},{"not_picked":["energizedSpire:StickyHand","energizedSpire:EnergizedDie"],"picked":"energizedSpire:RedRose"},{"not_picked":["Fusion Hammer","energizedSpire:OldTV"],"picked":"energizedSpire:UnstableMolecules"},{"not_picked":["aspiration:SecretTechniqueScroll","aspiration:PoetsPen_weak"],"picked":"FrozenCore"}],"items_purged_floors":[],"is_endless":false,"potions_floor_spawned":[4,10,13,16,22,29,33],"killed_by":"3 Shapes","ascension_level":20}}