{"host":"8lvj8oigynmckyj3","time":1614088363,"event":{"mods":["AchievementEnabler","BaseMod","Better Third Choice","Block Reminder","Colored Map","Colored Powertips","DeckTracker","Highlight Path","Minty Spire (QoL Compilation)","Permanent Neow","Quick Restart","Slay-I","StSLib"],"gold_per_floor":[112,112,126,142,67,92,92,109,109,109,124,154,154,168,168,242,242,262,262,273,291,291,291,308,308,308,6,22,38,38,58,58,58,58],"floor_reached":33,"language":"ENG","playtime":1233,"items_purged":["Burn+1","Decay"],"score":483,"play_id":"0718df11-a34f-4bff-ada0-1837dff6558c","local_time":"20210223105243","is_ascension_mode":true,"campfire_choices":[{"floor":7.0,"key":"REST"},{"floor":10.0,"key":"REST"},{"floor":13.0,"key":"REST"},{"floor":15.0,"key":"REST"},{"floor":23.0,"key":"REST"},{"floor":30,"key":"REST"},{"floor":32,"key":"REST"}],"circlet_count":0,"master_deck":["AscendersBane","Strike_R","Strike_R","Strike_R","Strike_R","Strike_R","Defend_R","Defend_R","Defend_R","Defend_R","Bash","The Bomb","Perfected Strike","Cleave","Shrug It Off","Perfected Strike","Battle Trance","Twin Strike","Anger","Corruption","Metallicize","Shame","Pommel Strike+1","RitualDagger","Sword Boomerang","Metamorphosis","Flame Barrier","Feel No Pain+1"],"relics":["Burning Blood","Paper Frog","Bottled Flame","Gremlin Horn","Fusion Hammer","Orichalcum"],"acts_visited":["Exordium","TheCity"],"potions_floor_usage":[33],"damage_taken":[{"damage":24.0,"enemies":"Small Slimes","floor":1.0,"turns":4.0},{"damage":12.0,"enemies":"2 Louse","floor":3.0,"turns":3.0},{"damage":8.0,"enemies":"Cultist","floor":4.0,"turns":4.0},{"damage":17.0,"enemies":"Gremlin Nob","floor":6.0,"turns":4.0},{"damage":18.0,"enemies":"Blue Slaver","floor":8.0,"turns":5.0},{"damage":39.0,"enemies":"Gremlin Gang","floor":11.0,"turns":4.0},{"damage":19.0,"enemies":"3 Sentries","floor":12.0,"turns":4.0},{"damage":19.0,"enemies":"Exordium Thugs","floor":14.0,"turns":4.0},{"damage":11.0,"enemies":"Slime Boss","floor":16.0,"turns":6.0},{"damage":27.0,"enemies":"3 Byrds","floor":18.0,"turns":5.0},{"damage":16.0,"enemies":"Spheric Guardian","floor":20.0,"turns":5.0},{"damage":30.0,"enemies":"Snake Plant","floor":21.0,"turns":4.0},{"damage":19.0,"enemies":"Snecko","floor":24.0,"turns":4.0},{"damage":11,"enemies":"Centurion and Healer","floor":28,"turns":6},{"damage":27,"enemies":"Snake Plant","floor":29,"turns":4},{"damage":19,"enemies":"Snecko","floor":31,"turns":4},{"damage":31,"enemies":"Collector","floor":33,"turns":5}],"seed_played":"-1298705604789288498","potions_obtained":[{"floor":4.0,"key":"Fire Potion"},{"floor":11.0,"key":"BlessingOfTheForge"},{"floor":12.0,"key":"BloodPotion"},{"floor":20.0,"key":"BloodPotion"},{"floor":21.0,"key":"Energy Potion"},{"floor":31,"key":"SteroidPotion"}],"is_trial":false,"path_per_floor":["M","?","M","M","$","E","R","M","T","R","M","E","R","M","R","B",null,"M","?","M","M","?","R","M","?","T","$","M","M","R","M","R","B"],"character_chosen":"IRONCLAD","items_purchased":["Metamorphosis"],"campfire_rested":7,"item_purchase_floors":[27],"current_hp_per_floor":[50,50,44,42,42,31,53,41,41,63,30,17,54,41,63,58,71,50,50,55,31,25,47,34,34,34,34,29,8,30,17,39,8,8],"gold":58,"neow_bonus":"RANDOM_COLORLESS_2","is_daily":false,"chose_seed":false,"campfire_upgraded":0,"win_rate":0.0,"timestamp":1614088363,"path_taken":["M","?","M","M","$","E","R","M","T","R","M","E","R","M","R","BOSS","M","?","M","M","?","R","M","?","T","$","M","M","R","M","R","BOSS"],"items_purchased_type":["Card"],"build_version":"2020-12-22","purchased_purges":2,"victory":false,"max_hp_per_floor":[75,75,75,75,75,75,75,75,75,75,75,75,75,75,75,75,75,75,75,75,75,75,75,75,75,75,75,75,75,75,75,75,75,75],"card_choices":[{"not_picked":["Metamorphosis","Magnetism"],"picked":"The Bomb","floor":0.0},{"not_picked":["Flex","Intimidate"],"picked":"Perfected Strike","floor":1.0},{"not_picked":["Headbutt","Clash"],"picked":"Cleave","floor":3.0},{"not_picked":["Heavy Blade","Havoc"],"picked":"Shrug It Off","floor":4.0},{"not_picked":["Shrug It Off","Seeing Red"],"picked":"Perfected Strike","floor":6.0},{"not_picked":["Headbutt","Sword Boomerang"],"picked":"Battle Trance","floor":8.0},{"not_picked":["Entrench","Rampage","Heavy Blade"],"picked":"SKIP","floor":11.0},{"not_picked":["Brutality","Havoc"],"picked":"Twin Strike","floor":12.0},{"not_picked":["Pommel Strike","Evolve"],"picked":"Anger","floor":14.0},{"not_picked":["Double Tap","Offering"],"picked":"Corruption","floor":16.0},{"not_picked":["Sever Soul","Bloodletting+1"],"picked":"Metallicize","floor":18.0},{"not_picked":["Cleave","Anger"],"picked":"Pommel Strike+1","floor":20.0},{"not_picked":["Heavy Blade","Blood for Blood","Cleave"],"picked":"SKIP","floor":21.0},{"not_picked":["Spot Weakness","Seeing Red"],"picked":"Sword Boomerang","floor":24.0},{"not_picked":["Cleave","Anger"],"picked":"Flame Barrier","floor":28},{"not_picked":["Pommel Strike","Second Wind","Cleave"],"picked":"SKIP","floor":29},{"not_picked":["True Grit+1","Bloodletting+1"],"picked":"Feel No Pain+1","floor":31}],"player_experience":460661,"relics_obtained":[{"floor":6.0,"key":"Paper Frog"},{"floor":9.0,"key":"Bottled Flame"},{"floor":12.0,"key":"Gremlin Horn"}],"event_choices":[{"damage_healed":50.0,"max_hp_gain":0.0,"max_hp_loss":75.0,"gold_gain":0.0,"event_name":"betterThird:BetterShining","player_choice":"Embrace Burn","floor":2.0,"gold_loss":0.0,"damage_taken":0.0},{"damage_healed":0.0,"max_hp_gain":0.0,"max_hp_loss":0.0,"gold_gain":0.0,"event_name":"Addict","player_choice":"Stole Relic","floor":19.0,"gold_loss":0.0,"damage_taken":0.0,"relics_obtained":["Orichalcum"],"cards_obtained":["Shame"]},{"damage_healed":0.0,"max_hp_gain":0.0,"max_hp_loss":0.0,"gold_gain":0.0,"event_name":"betterThird:BetterNest","player_choice":"Dagger","floor":22.0,"gold_loss":0.0,"damage_taken":6.0,"cards_obtained":["RitualDagger"]},{"damage_healed":0,"gold_gain":0,"player_choice":"Ignored","damage_taken":0,"max_hp_gain":0,"max_hp_loss":0,"event_name":"The Mausoleum","floor":25,"gold_loss":0}],"is_beta":false,"boss_relics":[{"not_picked":["Runic Dome","Sozu"],"picked":"Fusion Hammer"}],"items_purged_floors":[5,27],"is_endless":false,"potions_floor_spawned":[4,11,12,20,21,31],"killed_by":"Collector","ascension_level":17}}