{"host":"kvh5342rl0c7vxi5","time":1614120539,"event":{"mods":["Act Like it!","BaseMod","Bestiary","Better Third Choice","Challenge The Spire","Downfall","Duelist Mod","GifTheSpireLib","Gremlin Mod","Hermit","Hubris","Ironclad Rager","Jorbs\u0027s Wanderer Trilogy","Melee Mod","Minty Spire (QoL Compilation)","Potionbrewer","Quick Restart","Relic Stats","Spicy Shops","Spire Arcade","StSLib","SuperFastMode","The Forsaken","The Judge","The Mystic","The Poker Player","The Sage","slay the spire mod where everything is the same but ironclad has a cowboy hat"],"gold_per_floor":[15,33,49,49,49,84,84,84,108,123,142,167,4,24,24,118,118,139,162,175,175,16,52,52,52,52,83,108,108,147,170,170,170,170],"floor_reached":33,"language":"ENG","playtime":1044,"items_purged":["Twin Strike"],"score":587,"play_id":"801f3ed9-cf96-44f9-8cb8-099c5acc48e3","local_time":"20210223174859","is_ascension_mode":true,"campfire_choices":[{"data":"Bash","floor":7,"key":"SMITH"},{"data":"Limit Break","floor":15,"key":"SMITH"},{"data":"Armaments","floor":25,"key":"SMITH"},{"floor":29,"key":"REST"},{"data":"Offering","floor":32,"key":"SMITH"}],"circlet_count":0,"master_deck":["AscendersBane","Bash+1","stsjorbsmod:Procrastination","Twin Strike","Twin Strike","Twin Strike","Twin Strike","Iron Wave","Iron Wave","Iron Wave","Iron Wave","Armaments+1","Pommel Strike","Cleave","Perfected Strike","Hemokinesis","Inflame","Limit Break+1","Perfected Strike","Offering+1","Pommel Strike","Shockwave+1","True Grit","Burning Pact","Inflame","True Grit+1","Disarm+1"],"relics":["Burning Blood","Champion Belt","potionbrewer:SlideRule","Golden Idol","Anchor","Sozu","Letter Opener","Question Card","theForsaken:Kindling","Shuriken","Eternal Feather"],"acts_visited":["Exordium","TheCity"],"potions_floor_usage":[31],"damage_taken":[{"damage":0.0,"enemies":"Small Slimes","floor":1.0,"turns":2.0},{"damage":2,"enemies":"2 Louse","floor":2,"turns":3},{"damage":0,"enemies":"Jaw Worm","floor":3,"turns":2},{"damage":22,"enemies":"Gremlin Nob","floor":6,"turns":4},{"damage":0,"enemies":"Exordium Wildlife","floor":10,"turns":3},{"damage":10,"enemies":"Exordium Thugs","floor":11,"turns":4},{"damage":1,"enemies":"3 Louse","floor":12,"turns":3},{"damage":5,"enemies":"Large Slime","floor":14,"turns":4},{"damage":17,"enemies":"Slime Boss","floor":16,"turns":6},{"damage":8,"enemies":"Chosen","floor":18,"turns":3},{"damage":11,"enemies":"2 Thieves","floor":19,"turns":3},{"damage":6,"enemies":"3 Cultists","floor":20,"turns":3},{"damage":21,"enemies":"theDuelist:KaibaA2","floor":23,"turns":4},{"damage":7,"enemies":"Slavers","floor":27,"turns":4},{"damage":7,"enemies":"Snake Plant","floor":28,"turns":3},{"damage":15,"enemies":"theDuelist:KaibaA2","floor":30,"turns":4},{"damage":14,"enemies":"Sentry and Sphere","floor":31,"turns":4},{"damage":80,"enemies":"Automaton","floor":33,"turns":6}],"seed_played":"2221399443899970376","potions_obtained":[{"floor":3,"key":"sneckomod:MuddlingPotion"},{"floor":10,"key":"Guardian:BlockOnCardUsePotion"}],"is_trial":false,"path_per_floor":["M","M","M","?","?","E","R","?","T","M","M","M","$","M","R","B",null,"M","M","M","?","$","E","T","R","T","E","M","R","E","M","R","B"],"character_chosen":"IRONCLAD","items_purchased":["Inflame","Limit Break","Burning Pact"],"campfire_rested":1,"item_purchase_floors":[13,13,22],"current_hp_per_floor":[56,60,66,66,66,50,50,50,50,56,52,57,57,58,58,47,58,56,51,51,51,51,36,36,36,36,35,34,57,48,40,55,0,0],"gold":170,"neow_bonus":"IRONCLAD_BERSERKER","is_daily":false,"chose_seed":false,"campfire_upgraded":4,"win_rate":0.0,"timestamp":1614120539,"path_taken":["M","M","M","?","?","E","R","?","T","M","?","M","$","M","R","BOSS","M","M","M","?","$","E","?","R","T","E","M","R","E","?","R","BOSS"],"items_purchased_type":["Card","Card","Card"],"build_version":"2020-12-22","purchased_purges":1,"victory":false,"max_hp_per_floor":[68,68,68,68,68,68,68,62,62,62,62,62,62,62,62,62,62,62,62,62,62,62,62,62,62,62,62,62,67,67,67,67,67,67],"relic_stats":{"Sozu":2,"counters":[18,65],"Golden Idol":78,"Shuriken":[8],"Eternal Feather":15,"Champion Belt":[16],"Letter Opener":[20],"Question Card":4,"obtain_stats":[{"Sozu":17,"Anchor":9,"Golden Idol":8,"theForsaken:Kindling":26,"Shuriken":27,"Eternal Feather":30,"Champion Belt":4,"Letter Opener":23,"potionbrewer:SlideRule":6,"Question Card":24,"Burning Blood":0},{"Sozu":9,"Anchor":4,"Golden Idol":4,"theForsaken:Kindling":13,"Shuriken":14,"Eternal Feather":16,"Champion Belt":3,"Letter Opener":13,"potionbrewer:SlideRule":4,"Question Card":13,"Burning Blood":0},{"Sozu":31,"Anchor":11,"Golden Idol":11,"theForsaken:Kindling":44,"Shuriken":48,"Eternal Feather":55,"Champion Belt":7,"Letter Opener":44,"potionbrewer:SlideRule":11,"Question Card":44,"Burning Blood":0}],"Burning Blood":102},"card_choices":[{"not_picked":["Cleave","Second Wind"],"picked":"Armaments","floor":1.0},{"not_picked":["Burning Pact","Rupture"],"picked":"Pommel Strike","floor":2},{"not_picked":["Heavy Blade","Havoc"],"picked":"Cleave","floor":3},{"not_picked":["Shrug It Off","Sever Soul"],"picked":"Perfected Strike","floor":6},{"not_picked":["Pummel","ICR:PowerAttack","Heavy Blade"],"picked":"SKIP","floor":10},{"not_picked":["Cleave","Dropkick","Iron Wave"],"picked":"SKIP","floor":11},{"not_picked":["Bloodletting","hubris:ReadiedAction"],"picked":"Hemokinesis","floor":12},{"not_picked":["Shockwave","Headbutt"],"picked":"Perfected Strike","floor":14},{"not_picked":["Double Tap","Fiend Fire"],"picked":"Offering","floor":16},{"not_picked":["Havoc","Dark Embrace"],"picked":"Pommel Strike","floor":18},{"not_picked":["Blood for Blood","Flex"],"picked":"Shockwave+1","floor":19},{"not_picked":["Evolve","Whirlwind"],"picked":"True Grit","floor":20},{"not_picked":["hubris:CleavingFinish","Body Slam"],"picked":"Inflame","floor":23},{"not_picked":["Heavy Blade","Pummel","Twin Strike","Rampage"],"picked":"SKIP","floor":27},{"not_picked":["Havoc","Juggernaut","Combust"],"picked":"True Grit+1","floor":28},{"not_picked":["Havoc","Hemokinesis","Perfected Strike+1"],"picked":"Disarm+1","floor":30},{"not_picked":["Body Slam","Cleave","Reckless Charge+1","Wild Strike"],"picked":"SKIP","floor":31}],"player_experience":608744,"relics_obtained":[{"floor":6,"key":"potionbrewer:SlideRule"},{"floor":9,"key":"Anchor"},{"floor":23,"key":"Letter Opener"},{"floor":24,"key":"Question Card"},{"floor":26,"key":"theForsaken:Kindling"},{"floor":27,"key":"Shuriken"},{"floor":30,"key":"Eternal Feather"}],"event_choices":[{"damage_healed":0,"gold_gain":0,"player_choice":"Lose Max HP","damage_taken":0,"relics_obtained":["Golden Idol"],"max_hp_gain":0,"max_hp_loss":6,"event_name":"Golden Idol","floor":8,"gold_loss":0}],"is_beta":false,"boss_relics":[{"not_picked":["hubris:RunicObelisk","Fusion Hammer"],"picked":"Sozu"}],"items_purged_floors":[22],"is_endless":false,"potions_floor_spawned":[3,10,12,16,19,28],"killed_by":"Automaton","ascension_level":18}}