{"host":"s8caws4n06h39s1x","time":1614106379,"event":{"mods":["BaseMod","Colored Powertips","Highlight Path","Minty Spire (QoL Compilation)","Quick Restart"],"gold_per_floor":[117,127,127,127,100,130,130,160,160,193,203,203,203,218,218,313,313,329,329,346,346,363,363,363,693,719,753,753,783,783,799,799,900,900,910,924,613,623,393,423,423,456,456,481,111,136,159,168,168,168],"floor_reached":51,"language":"ENG","playtime":4128,"items_purged":[],"score":1110,"play_id":"7f13f2a2-0722-41e7-bba0-a38703eede0a","local_time":"20210223195259","daily_mods":["Heirloom","Time Dilation","Elite Swarm"],"is_ascension_mode":true,"campfire_choices":[{"floor":7,"key":"REST"},{"data":"Phantasmal Killer","floor":12,"key":"SMITH"},{"floor":15,"key":"REST"},{"floor":23,"key":"REST"},{"floor":28,"key":"REST"},{"data":"Backstab","floor":32,"key":"SMITH"},{"floor":41,"key":"REST"},{"data":"Phantasmal Killer","floor":49,"key":"SMITH"}],"circlet_count":0,"master_deck":["Strike_G","Strike_G","Strike_G","Strike_G","Defend_G","Defend_G","Defend_G","Defend_G","Defend_G","Survivor","Neutralize+1","Dagger Throw","Dagger Throw","Phantasmal Killer+1","Outmaneuver","Unload","A Thousand Cuts+1","Corpse Explosion","Backstab+1","Dagger Throw+1","Unload","Footwork+1","All Out Attack","Dagger Throw","After Image+1","Tools of the Trade+1","Unload","Dagger Throw+1","Backflip+1","Underhanded Strike","Footwork+1","Phantasmal Killer+1","Footwork+1","A Thousand Cuts+1","Tools of the Trade+1","Die Die Die","Footwork+1","Distraction+1","Neutralize"],"relics":["Ring of the Snake","Tough Bandages","Ornamental Fan","Frozen Egg 2","StrikeDummy","Boot","Incense Burner","Black Star","Enchiridion","MutagenicStrength","Calipers","Old Coin","Nunchaku","Paper Crane","Gambling Chip","Anchor","HornCleat","GremlinMask","Sozu","Eternal Feather","Oddly Smooth Stone","Pear","Blue Candle","Ancient Tea Set","Ice Cream","Dead Branch","Whetstone","Turnip","Lantern","Vajra","CeramicFish","Thread and Needle"],"acts_visited":["Exordium","TheCity","TheBeyond"],"potions_floor_usage":[27,40],"damage_taken":[{"damage":0,"enemies":"Jaw Worm","floor":1,"turns":4},{"damage":2,"enemies":"2 Louse","floor":2,"turns":2},{"damage":24,"enemies":"Gremlin Nob","floor":6,"turns":5},{"damage":7,"enemies":"3 Sentries","floor":8,"turns":9},{"damage":0,"enemies":"Gremlin Nob","floor":10,"turns":3},{"damage":0,"enemies":"Small Slimes","floor":11,"turns":2},{"damage":4,"enemies":"2 Fungi Beasts","floor":14,"turns":3},{"damage":34,"enemies":"Hexaghost","floor":16,"turns":6},{"damage":7,"enemies":"Shell Parasite","floor":18,"turns":4},{"damage":5,"enemies":"3 Byrds","floor":20,"turns":5},{"damage":0,"enemies":"Cultist and Chosen","floor":22,"turns":3},{"damage":0,"enemies":"Gremlin Leader","floor":25,"turns":5},{"damage":22,"enemies":"Slavers","floor":27,"turns":2},{"damage":0,"enemies":"Book of Stabbing","floor":29,"turns":2},{"damage":0,"enemies":"Snecko","floor":31,"turns":3},{"damage":27,"enemies":"Champ","floor":33,"turns":9},{"damage":0,"enemies":"3 Shapes","floor":35,"turns":3},{"damage":0,"enemies":"Orb Walker","floor":36,"turns":2},{"damage":0,"enemies":"3 Darklings","floor":38,"turns":2},{"damage":41,"enemies":"Nemesis","floor":40,"turns":7},{"damage":0,"enemies":"Giant Head","floor":42,"turns":9},{"damage":2,"enemies":"Reptomancer","floor":44,"turns":5},{"damage":0,"enemies":"Giant Head","floor":46,"turns":7},{"damage":0,"enemies":"Transient","floor":47,"turns":5},{"damage":9,"enemies":"Awakened One","floor":50,"turns":9}],"seed_played":"-3419175032902194271","potions_obtained":[{"floor":6,"key":"Ancient Potion"},{"floor":10,"key":"Regen Potion"},{"floor":22,"key":"Explosive Potion"},{"floor":27,"key":"Dexterity Potion"}],"is_trial":true,"path_per_floor":["M","M","?","?","$","E","R","E","T","E","M","R","T","M","R","B",null,"M","?","M","?","M","R","?","E","T","E","R","E","?","M","R","B",null,"M","M","$","M","$","E","R","E","T","E","$","E","M","?","R","B",null],"character_chosen":"THE_SILENT","items_purchased":["Outmaneuver","Footwork+1","Eternal Feather","Oddly Smooth Stone","Footwork+1","Footwork+1","Lantern","Vajra"],"campfire_rested":5,"item_purchase_floors":[5,37,37,39,39,45,45,45],"current_hp_per_floor":[70,68,68,68,68,44,65,58,58,58,58,58,58,54,70,36,70,63,63,58,42,42,63,63,63,63,41,62,62,62,62,62,35,70,70,70,70,70,70,44,80,80,80,78,78,78,78,78,80,71],"gold":168,"neow_bonus":"","is_daily":false,"chose_seed":false,"campfire_upgraded":3,"win_rate":0.0,"timestamp":1614106379,"path_taken":["M","M","?","?","?","E","R","E","T","E","?","R","?","M","R","BOSS","M","?","M","?","M","R","?","E","T","E","R","E","?","M","R","BOSS","M","?","$","M","$","E","R","E","T","E","$","E","M","?","R","BOSS"],"items_purchased_type":["Card","Card","Relic","Relic","Card","Card","Relic","Relic"],"build_version":"2020-12-22","purchased_purges":0,"victory":true,"max_hp_per_floor":[70,70,70,70,70,70,70,70,70,70,70,70,70,70,70,70,70,70,70,70,70,70,70,70,70,70,70,70,70,70,70,70,70,70,70,70,70,70,70,80,80,80,80,80,80,80,80,80,80,80],"card_choices":[{"not_picked":["Poisoned Stab","Acrobatics"],"picked":"Dagger Throw","floor":1},{"not_picked":["Sucker Punch","Backflip"],"picked":"Dagger Throw","floor":2},{"not_picked":["Corpse Explosion","Bullet Time"],"picked":"Unload","floor":6},{"not_picked":["Bullet Time","Doppelganger"],"picked":"A Thousand Cuts+1","floor":8},{"not_picked":["Doppelganger","Malaise"],"picked":"Corpse Explosion","floor":10},{"not_picked":["Terror","Dodge and Roll"],"picked":"Backstab","floor":11},{"not_picked":["Deadly Poison","Bouncing Flask"],"picked":"Dagger Throw","floor":14},{"not_picked":["Malaise","Die Die Die"],"picked":"Unload","floor":16},{"not_picked":["Slice","Backflip","PiercingWail"],"picked":"SKIP","floor":18},{"not_picked":["Slice+1","Tactician+1"],"picked":"All Out Attack","floor":20},{"not_picked":["Blade Dance","Poisoned Stab"],"picked":"Dagger Throw","floor":22},{"not_picked":["Glass Knife","Die Die Die"],"picked":"After Image+1","floor":25},{"not_picked":["Unload","Wraith Form v2+1"],"picked":"Tools of the Trade+1","floor":27},{"not_picked":["Malaise","Burst"],"picked":"Unload","floor":29},{"not_picked":["Deflect","Eviscerate"],"picked":"Dagger Throw+1","floor":31},{"not_picked":["Quick Slash","Expertise+1"],"picked":"Backflip+1","floor":35},{"not_picked":["Prepared","Backflip"],"picked":"Underhanded Strike","floor":36},{"not_picked":["Dodge and Roll","Flying Knee"],"picked":"Phantasmal Killer","floor":38},{"not_picked":["Venomology","Bullet Time"],"picked":"A Thousand Cuts+1","floor":40},{"not_picked":["A Thousand Cuts+1","Die Die Die"],"picked":"Tools of the Trade+1","floor":42},{"not_picked":["Bullet Time","Malaise"],"picked":"Die Die Die","floor":44},{"not_picked":["Glass Knife","Night Terror","Corpse Explosion"],"picked":"SKIP","floor":46},{"not_picked":["All Out Attack+1","PiercingWail+1"],"picked":"Distraction+1","floor":47}],"player_experience":500058,"relics_obtained":[{"floor":6,"key":"Ornamental Fan"},{"floor":8,"key":"Frozen Egg 2"},{"floor":9,"key":"StrikeDummy"},{"floor":10,"key":"Boot"},{"floor":13,"key":"Incense Burner"},{"floor":21,"key":"Enchiridion"},{"floor":25,"key":"Calipers"},{"floor":25,"key":"Old Coin"},{"floor":26,"key":"Nunchaku"},{"floor":27,"key":"Paper Crane"},{"floor":27,"key":"Gambling Chip"},{"floor":29,"key":"Anchor"},{"floor":29,"key":"HornCleat"},{"floor":40,"key":"Pear"},{"floor":40,"key":"Blue Candle"},{"floor":42,"key":"Ancient Tea Set"},{"floor":42,"key":"Ice Cream"},{"floor":43,"key":"Dead Branch"},{"floor":44,"key":"Whetstone"},{"floor":44,"key":"Turnip"},{"floor":46,"key":"CeramicFish"},{"floor":46,"key":"Thread and Needle"}],"event_choices":[{"damage_healed":0,"gold_gain":0,"cards_transformed":["Strike_G"],"player_choice":"Change","damage_taken":0,"max_hp_gain":0,"max_hp_loss":0,"event_name":"Living Wall","floor":3,"gold_loss":0,"cards_obtained":["Phantasmal Killer"]},{"damage_healed":0,"gold_gain":0,"player_choice":"Ignored","damage_taken":0,"max_hp_gain":0,"max_hp_loss":0,"event_name":"Golden Wing","floor":4,"gold_loss":0},{"damage_healed":0,"gold_gain":0,"player_choice":"Read","damage_taken":0,"max_hp_gain":0,"max_hp_loss":0,"event_name":"The Library","floor":19,"gold_loss":0,"cards_obtained":["Footwork"]},{"damage_healed":0,"gold_gain":0,"player_choice":"Obtained Book","damage_taken":16,"max_hp_gain":0,"max_hp_loss":0,"event_name":"Cursed Tome","floor":21,"gold_loss":0},{"damage_healed":0,"gold_gain":0,"player_choice":"Inject Mutagens","damage_taken":0,"relics_obtained":["MutagenicStrength"],"max_hp_gain":0,"max_hp_loss":0,"event_name":"Drug Dealer","floor":24,"gold_loss":0},{"damage_healed":0,"gold_gain":0,"player_choice":"Trade","damage_taken":0,"relics_obtained":["GremlinMask"],"max_hp_gain":0,"max_hp_loss":0,"event_name":"FaceTrader","floor":30,"gold_loss":0},{"damage_healed":0,"gold_gain":0,"player_choice":"1 cards matched","damage_taken":0,"max_hp_gain":0,"max_hp_loss":0,"event_name":"Match and Keep!","floor":48,"gold_loss":0,"cards_obtained":["Neutralize"]}],"is_beta":false,"boss_relics":[{"not_picked":["HoveringKite","Ectoplasm"],"picked":"Black Star"},{"not_picked":["Calling Bell","Runic Pyramid"],"picked":"Sozu"}],"items_purged_floors":[],"is_endless":false,"potions_floor_spawned":[6,10,22,27,33,35,40,42],"ascension_level":1}}