{"host":"qrfkyfrpo74atslb","time":1614079030,"event":{"mods":["Astrologer","Bartender","BaseMod","Beaked The Cultist","Better Note","Better Third Choice","CapriCore","Colored Map","Colored Powertips","Conspire","DeckTracker","Downfall","GungeonMod","Hermit","Hero for Fun","Hubris","Koishi","LagranYue(???·?)","Mad Scientist","Marisa????????","Minty Spire (QoL Compilation)","Prisma Mod","Reimu??????","Remilia??????","StSLib","The Administrix","The Alterego","The Bladedancer","The Cursed","The Gatherer","The Immortal","The Mystic","The Necromancer","The Runesmith","The Servant 0.9.4","The Wild Card","TheSwordswoman","WarShipGirlsR/????R mod","Yakumo Yukari mod","Yuyuko"],"gold_per_floor":[117,148,188,188,25,60,60,71,71,83,113,129,52,62,62,62,62],"floor_reached":16,"language":"ENG","playtime":613,"items_purged":[],"score":160,"play_id":"4a5fc10b-e450-49e2-935d-60198b5d0b35","local_time":"20210224001710","is_ascension_mode":false,"campfire_choices":[{"data":"AdministrixMod:PassageOfAges","floor":7,"key":"SMITH"},{"data":"AdministrixMod:WickedPunishment","floor":15,"key":"SMITH"}],"circlet_count":0,"master_deck":["AdministrixMod:Strike_Administrix","AdministrixMod:Strike_Administrix","AdministrixMod:Strike_Administrix","AdministrixMod:Strike_Administrix","AdministrixMod:RedCloak","AdministrixMod:Defend_Administrix","AdministrixMod:Defend_Administrix","AdministrixMod:Defend_Administrix","AdministrixMod:Defend_Administrix","AdministrixMod:BlueCloak","AdministrixMod:SipOfSparks","AdministrixMod:PassageOfAges+1","Regret","AdministrixMod:CrackingPangu","AdministrixMod:FeastOfDew","AdministrixMod:LightOfYourLife","AdministrixMod:WickedPunishment+1","AdministrixMod:HiddenPower+1","AdministrixMod:JustRewards","AdministrixMod:BishamonBlessing","AdministrixMod:WifeLightning+1"],"relics":["AdministrixMod:ConductorRitualBaton","LagranYue:RandomDrawCardRelic","NeowsBlessing","Frozen Egg 2","AdministrixMod:GoldenChickadee","hubris:FunFungus","DemoMod:GnawedKey","Omamori","FossilizedHelix","Blood Vial"],"acts_visited":["Exordium"],"potions_floor_usage":[11,11,16,16],"damage_taken":[{"damage":0,"enemies":"Small Slimes","floor":1,"turns":1},{"damage":0,"enemies":"conspire:MimicChest","floor":2,"turns":1},{"damage":0,"enemies":"Lagavulin","floor":6,"turns":1},{"damage":1,"enemies":"Jaw Worm","floor":8,"turns":3},{"damage":0,"enemies":"2 Louse","floor":10,"turns":2},{"damage":0,"enemies":"Gremlin Nob","floor":11,"turns":3},{"damage":4,"enemies":"Looter","floor":12,"turns":3},{"damage":6,"enemies":"2 Fungi Beasts","floor":14,"turns":3},{"damage":59,"enemies":"Hexaghost","floor":16,"turns":11}],"seed_played":"-7903303981722173655","potions_obtained":[{"floor":1,"key":"Fire Potion"},{"floor":8,"key":"Block Potion"},{"floor":11,"key":"ZuzhouPotion:ReiMu"},{"floor":14,"key":"champ:CounterPotion"}],"is_trial":false,"path_per_floor":["M","?","T","?","$","E","R","M","T","M","E","M","$","M","R","B"],"character_chosen":"TheAdministrix","items_purchased":["DemoMod:GnawedKey","AdministrixMod:CrackingPangu","AdministrixMod:BishamonBlessing"],"campfire_rested":0,"item_purchase_floors":[5,5,13],"current_hp_per_floor":[65,65,65,65,65,65,65,64,64,64,64,61,61,57,57,0,0],"gold":62,"neow_bonus":"THREE_ENEMY_KILL","is_daily":false,"chose_seed":false,"campfire_upgraded":2,"win_rate":0.0,"timestamp":1614079030,"path_taken":["M","?","?","?","?","E","R","M","T","M","E","M","$","M","R","BOSS"],"items_purchased_type":["Relic","Card","Card"],"build_version":"2020-12-22","purchased_purges":0,"victory":false,"max_hp_per_floor":[65,65,65,65,65,65,65,65,65,65,65,65,65,65,65,65,65],"card_choices":[{"not_picked":["AdministrixMod:RebukeDesires","AdministrixMod:Wuji"],"picked":"AdministrixMod:SipOfSparks","floor":1},{"not_picked":["AdministrixMod:QuietConspiracy","AdministrixMod:LightOfYourLife"],"picked":"AdministrixMod:PassageOfAges","floor":2},{"not_picked":["AdministrixMod:TouchOfCinnabar","AdministrixMod:BloodBargain"],"picked":"AdministrixMod:FeastOfDew","floor":6},{"not_picked":["AdministrixMod:MixOfMercury","AdministrixMod:RebukeDesires"],"picked":"AdministrixMod:LightOfYourLife","floor":8},{"not_picked":["AdministrixMod:ImmortalGrace","AdministrixMod:RebukeDesires"],"picked":"AdministrixMod:WickedPunishment","floor":10},{"not_picked":["AdministrixMod:TouchOfCinnabar","AdministrixMod:NoblePath"],"picked":"AdministrixMod:HiddenPower+1","floor":11},{"not_picked":["AdministrixMod:ImmortalPurity","AdministrixMod:FuneraryRites"],"picked":"AdministrixMod:JustRewards","floor":12},{"not_picked":["AdministrixMod:QuietConspiracy","AdministrixMod:LightOfYourLife"],"picked":"AdministrixMod:WifeLightning+1","floor":14}],"player_experience":132122,"relics_obtained":[{"floor":2,"key":"Frozen Egg 2"},{"floor":3,"key":"AdministrixMod:GoldenChickadee"},{"floor":6,"key":"Omamori"},{"floor":9,"key":"FossilizedHelix"},{"floor":11,"key":"Blood Vial"}],"event_choices":[{"damage_healed":0,"gold_gain":0,"player_choice":"Box","damage_taken":0,"relics_obtained":["hubris:FunFungus"],"max_hp_gain":0,"max_hp_loss":0,"event_name":"Big Fish","floor":4,"gold_loss":0,"cards_obtained":["Regret"]}],"is_beta":false,"boss_relics":[],"items_purged_floors":[],"is_endless":false,"potions_floor_spawned":[1,8,11,14],"killed_by":"Hexaghost","ascension_level":0}}