{"host":"9brt9rggm379u2p7","time":1614094984,"event":{"mods":["AchievementEnabler","BaseMod","Highlight Path","Minty Spire (QoL Compilation)","Permanent Neow","Quick Restart","SuperFastMode"],"gold_per_floor":[109,120,45,62,81,81,106,106,131,175,187,212,251,263,275,287,287],"floor_reached":16,"language":"ENG","playtime":486,"items_purged":["Defend_R"],"score":240,"play_id":"06b5e2ed-0a84-407a-8612-eaf9c201fe6b","local_time":"20210224004304","is_ascension_mode":true,"campfire_choices":[{"data":"Perfected Strike","floor":6.0,"key":"SMITH"},{"data":"Pommel Strike","floor":8.0,"key":"SMITH"},{"data":"Pommel Strike","floor":15.0,"key":"SMITH"}],"circlet_count":0,"master_deck":["AscendersBane","Strike_R","Strike_R","Strike_R","Strike_R","Strike_R","Defend_R","Defend_R","Defend_R","Perfected Strike+1","Pommel Strike+1","Pommel Strike+1","Wild Strike","Dark Embrace","Headbutt"],"relics":["Burning Blood","Centennial Puzzle","Omamori","MawBank","Art of War","Frozen Egg 2"],"acts_visited":["Exordium"],"potions_floor_usage":[16,16],"damage_taken":[{"damage":4.0,"enemies":"Small Slimes","floor":1.0,"turns":4.0},{"damage":4.0,"enemies":"Jaw Worm","floor":2.0,"turns":4.0},{"damage":0.0,"enemies":"Cultist","floor":4.0,"turns":2.0},{"damage":11.0,"enemies":"Looter","floor":5.0,"turns":2.0},{"damage":35.0,"enemies":"3 Sentries","floor":7.0,"turns":8.0},{"damage":8.0,"enemies":"Gremlin Nob","floor":10.0,"turns":3.0},{"damage":12.0,"enemies":"Exordium Wildlife","floor":12.0,"turns":3.0},{"damage":20.0,"enemies":"3 Sentries","floor":13.0,"turns":6.0},{"damage":22,"enemies":"Hexaghost","floor":16,"turns":7}],"seed_played":"-8517344878619251114","potions_obtained":[{"floor":4.0,"key":"Dexterity Potion"},{"floor":5.0,"key":"SteroidPotion"},{"floor":13.0,"key":"LiquidMemories"}],"is_trial":false,"path_per_floor":["M","M","$","M","M","R","E","R","T","E","?","M","E","$","R","B"],"character_chosen":"IRONCLAD","items_purchased":[],"campfire_rested":0,"item_purchase_floors":[],"current_hp_per_floor":[70,72,72,75,70,70,41,41,41,39,39,33,19,19,19,0,0],"gold":287,"neow_bonus":"RANDOM_COMMON_RELIC","is_daily":false,"chose_seed":false,"campfire_upgraded":3,"win_rate":0.0,"timestamp":1614094984,"path_taken":["M","M","$","M","M","R","E","R","T","E","?","M","E","$","R","BOSS"],"items_purchased_type":[],"build_version":"2020-12-22","purchased_purges":1,"victory":false,"max_hp_per_floor":[75,75,75,75,75,75,75,75,75,75,75,75,75,75,75,75,75],"card_choices":[{"not_picked":["Twin Strike","Warcry"],"picked":"Perfected Strike","floor":1.0},{"not_picked":["Battle Trance","Clash"],"picked":"Pommel Strike","floor":2.0},{"not_picked":["Thunderclap","Brutality","Havoc"],"picked":"SKIP","floor":4.0},{"not_picked":["Rage","Headbutt"],"picked":"Pommel Strike","floor":5.0},{"not_picked":["True Grit","Clothesline"],"picked":"Wild Strike","floor":7.0},{"not_picked":["Rupture","Blood for Blood"],"picked":"Dark Embrace","floor":10.0},{"not_picked":["Carnage","Clash","Bludgeon"],"picked":"SKIP","floor":12.0},{"not_picked":["Shockwave","Thunderclap","Flex"],"picked":"SKIP","floor":13.0}],"player_experience":436791,"relics_obtained":[{"floor":7.0,"key":"Omamori"},{"floor":9.0,"key":"MawBank"},{"floor":10.0,"key":"Art of War"},{"floor":13.0,"key":"Frozen Egg 2"}],"event_choices":[{"damage_healed":0.0,"max_hp_gain":0.0,"max_hp_loss":0.0,"gold_gain":0.0,"cards_transformed":["Bash"],"event_name":"Living Wall","player_choice":"Change","floor":11.0,"gold_loss":0.0,"damage_taken":0.0,"cards_obtained":["Headbutt"]}],"is_beta":false,"boss_relics":[],"items_purged_floors":[3],"is_endless":false,"potions_floor_spawned":[4,5,7,10,13],"killed_by":"Hexaghost","ascension_level":20}}