{"host":"z37g2hkgkh2zjyzk","time":1614044716,"event":{"mods":["2.2 Compatiblity","AchievementEnabler","BaseMod","Bestiary","Colored Map","Colored Powertips","Curses Come First","Highlight Path","Keyboard Shortcuts","Minty Spire (QoL Compilation)","Relic Stats","StSLib","SuperFastMode"],"gold_per_floor":[110,123,138,138,153,153,178,178,178,178,26,61,73,107,107,202,202,213,223,223,223,237,268,268,286,310,310,9,9,9,20,20,120,120,130,0,0,14,34,34,67,67,67,96,112,139,139,168,168,168,168,168,25,52,52],"floor_reached":56,"language":"ENG","playtime":5341,"items_purged":[],"score":1713,"play_id":"311dd5fb-1766-48fd-84d7-05356c35ed33","local_time":"20210223024516","is_ascension_mode":true,"campfire_choices":[{"data":"Bludgeon","floor":6.0,"key":"SMITH"},{"floor":8.0,"key":"REST"},{"data":"Berserk","floor":10.0,"key":"SMITH"},{"data":"Limit Break","floor":15.0,"key":"SMITH"},{"floor":24,"key":"REST"},{"data":"Warcry","floor":27,"key":"SMITH"},{"data":"Demon Form","floor":29,"key":"SMITH"},{"data":"Armaments","floor":32,"key":"SMITH"},{"floor":40,"key":"RECALL"},{"data":"Offering","floor":42,"key":"SMITH"},{"data":"Shrug It Off","floor":47,"key":"SMITH"},{"data":"Power Through","floor":49,"key":"SMITH"},{"data":"Clothesline","floor":52,"key":"SMITH"}],"circlet_count":0,"master_deck":["Thunderclap","Reaper","Limit Break+1","Power Through+1","Bludgeon+1","Shrug It Off","Armaments+1","Pummel","Headbutt","Shrug It Off+1","Clothesline+1","Twin Strike","Berserk+1","Demon Form+1","Feed","Evolve+1","Warcry+1","Shrug It Off","Fire Breathing+1","Offering+1","True Grit+1","True Grit+1","Heavy Blade+1","Warcry+1","Shrug It Off","Bloodletting+1","Impervious","Headbutt"],"relics":["Pandora\u0027s Box","Boot","Pen Nib","Oddly Smooth Stone","Pear","MealTicket","SlaversCollar","TungstenRod","Self Forming Clay","Centennial Puzzle","Bottled Tornado","SacredBark","Red Mask","Ancient Tea Set","Sundial","Orichalcum","Pantograph","Kunai"],"acts_visited":["Exordium","TheCity","TheBeyond","TheEnding"],"potions_floor_usage":[25,35,44,46,48,55],"damage_taken":[{"damage":1.0,"enemies":"Cultist","floor":1.0,"turns":3.0},{"damage":0.0,"enemies":"Jaw Worm","floor":2.0,"turns":3.0},{"damage":0.0,"enemies":"2 Louse","floor":3.0,"turns":3.0},{"damage":22.0,"enemies":"Gremlin Gang","floor":5.0,"turns":8.0},{"damage":21.0,"enemies":"Gremlin Nob","floor":7.0,"turns":4.0},{"damage":5.0,"enemies":"3 Sentries","floor":12.0,"turns":5.0},{"damage":8.0,"enemies":"Large Slime","floor":13.0,"turns":6.0},{"damage":18.0,"enemies":"Gremlin Nob","floor":14.0,"turns":3.0},{"damage":17.0,"enemies":"Hexaghost","floor":16.0,"turns":6.0},{"damage":6.0,"enemies":"Chosen","floor":18.0,"turns":6.0},{"damage":27.0,"enemies":"Shell Parasite","floor":19.0,"turns":7.0},{"damage":7,"enemies":"3 Cultists","floor":22,"turns":6},{"damage":24,"enemies":"Slavers","floor":23,"turns":4},{"damage":10,"enemies":"Snake Plant","floor":25,"turns":4},{"damage":35,"enemies":"Centurion and Healer","floor":31,"turns":7},{"damage":1,"enemies":"Automaton","floor":33,"turns":6},{"damage":15,"enemies":"Orb Walker","floor":35,"turns":3},{"damage":21,"enemies":"3 Darklings","floor":38,"turns":6},{"damage":7,"enemies":"4 Shapes","floor":39,"turns":10},{"damage":7,"enemies":"Giant Head","floor":41,"turns":6},{"damage":23,"enemies":"Reptomancer","floor":44,"turns":4},{"damage":21,"enemies":"Spire Growth","floor":45,"turns":6},{"damage":17,"enemies":"Giant Head","floor":46,"turns":6},{"damage":5,"enemies":"Nemesis","floor":48,"turns":3},{"damage":25,"enemies":"Awakened One","floor":50,"turns":8},{"damage":22,"enemies":"Shield and Spear","floor":54,"turns":4},{"damage":73,"enemies":"The Heart","floor":55,"turns":7}],"seed_played":"2473752103774512309","potions_obtained":[{"floor":3.0,"key":"FairyPotion"},{"floor":5.0,"key":"SmokeBomb"},{"floor":7.0,"key":"Dexterity Potion"},{"floor":14.0,"key":"Energy Potion"},{"floor":16.0,"key":"Swift Potion"},{"floor":19.0,"key":"DuplicationPotion"},{"floor":25,"key":"SmokeBomb"},{"floor":33,"key":"DistilledChaos"},{"floor":35,"key":"Fruit Juice"},{"floor":38,"key":"DuplicationPotion"},{"floor":44,"key":"Swift Potion"},{"floor":46,"key":"AttackPotion"},{"floor":48,"key":"GamblersBrew"}],"is_trial":false,"path_per_floor":["M","M","M","?","M","R","E","R","T","R","$","E","M","E","R","B",null,"M","M","?","?","M","E","R","M","T","R","$","R","?","M","R","B",null,"M","?","?","M","M","R","E","R","T","E","M","E","R","E","R","B",null,"R","$","E","B",null],"character_chosen":"IRONCLAD","items_purchased":["Oddly Smooth Stone","Bottled Tornado","Shrug It Off","Impervious"],"campfire_rested":2,"item_purchase_floors":[11,28,28,53],"current_hp_per_floor":[77,80,80,73,59,59,38,62,62,62,62,77,74,56,56,39,77,83,60,60,60,58,37,67,60,60,60,75,75,75,104,104,104,104,104,104,104,107,110,110,110,110,110,110,113,110,110,105,105,131,131,131,131,131,131],"gold":52,"neow_bonus":"BOSS_RELIC","is_daily":false,"chose_seed":false,"campfire_upgraded":10,"win_rate":0.0,"timestamp":1614044716,"path_taken":["M","?","M","?","M","R","E","R","T","R","$","E","M","E","R","BOSS","M","M","?","?","M","E","R","?","T","R","$","R","?","M","R","BOSS","M","?","?","?","M","R","E","R","T","E","M","E","R","E","R","BOSS","R","$","E","BOSS"],"items_purchased_type":["Relic","Relic","Card","Card"],"build_version":"2020-12-22","purchased_purges":0,"victory":true,"max_hp_per_floor":[80,80,80,80,80,80,80,80,80,80,80,90,90,90,90,90,90,94,98,98,98,98,101,101,104,104,104,104,104,104,104,104,104,104,104,104,104,107,110,110,110,110,110,110,113,127,127,127,127,131,131,131,131,131,131],"relic_stats":{"counters":[27,144],"Self Forming Clay":[189],"Pen Nib":[14],"Orichalcum":[0],"Boot":[66],"Centennial Puzzle":[39],"Sundial":[6],"Pantograph":22,"Pandora\u0027s Box":["Thunderclap","Reaper","Limit Break","Power Through","Bludgeon","Shrug It Off","Armaments","Clash","Pummel"],"MealTicket":15,"Kunai":[0],"obtain_stats":[{"Pear":12,"Self Forming Clay":23,"SacredBark":34,"Oddly Smooth Stone":11,"Pen Nib":9,"Bottled Tornado":28,"Orichalcum":46,"Boot":7,"Ancient Tea Set":41,"Burning Blood":0,"SlaversCollar":17,"Centennial Puzzle":26,"Sundial":44,"Pantograph":48,"Pandora\u0027s Box":0,"MealTicket":14,"Red Mask":36,"Kunai":54,"TungstenRod":20},{"Pear":6,"Self Forming Clay":13,"SacredBark":16,"Oddly Smooth Stone":5,"Pen Nib":5,"Bottled Tornado":14,"Orichalcum":23,"Boot":5,"Ancient Tea Set":20,"Burning Blood":0,"SlaversCollar":9,"Centennial Puzzle":14,"Sundial":21,"Pantograph":24,"Pandora\u0027s Box":0,"MealTicket":8,"Red Mask":17,"Kunai":26,"TungstenRod":11},{"Pear":26,"Self Forming Clay":64,"SacredBark":81,"Oddly Smooth Stone":21,"Pen Nib":21,"Bottled Tornado":68,"Orichalcum":122,"Boot":21,"Ancient Tea Set":106,"Burning Blood":0,"SlaversCollar":41,"Centennial Puzzle":68,"Sundial":110,"Pantograph":125,"Pandora\u0027s Box":0,"MealTicket":35,"Red Mask":84,"Kunai":137,"TungstenRod":54}],"TungstenRod":74},"card_choices":[{"not_picked":["Clothesline","Body Slam"],"picked":"Headbutt","floor":1.0},{"not_picked":["Headbutt","Iron Wave"],"picked":"Shrug It Off","floor":2.0},{"not_picked":["Havoc","Body Slam"],"picked":"Clothesline","floor":3.0},{"not_picked":["Perfected Strike","Heavy Blade"],"picked":"Twin Strike","floor":5.0},{"not_picked":["Perfected Strike","Iron Wave"],"picked":"Berserk","floor":7.0},{"not_picked":["Infernal Blade","Body Slam","Perfected Strike"],"picked":"SKIP","floor":12.0},{"not_picked":["Wild Strike","Heavy Blade","Havoc"],"picked":"SKIP","floor":13.0},{"not_picked":["Sever Soul","Cleave"],"picked":"Demon Form","floor":14.0},{"not_picked":["Impervious","Corruption"],"picked":"Feed","floor":16.0},{"not_picked":["Clothesline","Combust+1","Flex"],"picked":"SKIP","floor":18.0},{"not_picked":["Clash+1","Headbutt"],"picked":"Evolve+1","floor":19.0},{"not_picked":["Havoc+1","Thunderclap","Perfected Strike"],"picked":"SKIP","floor":22},{"not_picked":["Flex","Clothesline","Body Slam+1"],"picked":"SKIP","floor":23},{"not_picked":["Wild Strike","Bludgeon"],"picked":"Warcry","floor":25},{"not_picked":["Blood for Blood","Warcry"],"picked":"Fire Breathing+1","floor":31},{"not_picked":["Juggernaut","Demon Form"],"picked":"Offering","floor":33},{"not_picked":["Evolve+1","Pummel+1","Clothesline"],"picked":"SKIP","floor":35},{"not_picked":["Clothesline","Dark Embrace+1"],"picked":"True Grit+1","floor":38},{"not_picked":["Perfected Strike","Clash+1"],"picked":"True Grit+1","floor":39},{"not_picked":["Infernal Blade+1","Brutality"],"picked":"Heavy Blade+1","floor":41},{"not_picked":["Armaments","Hemokinesis+1"],"picked":"Warcry+1","floor":44},{"not_picked":["Thunderclap","Inflame+1","Anger"],"picked":"SKIP","floor":45},{"not_picked":["Iron Wave","Body Slam+1"],"picked":"Shrug It Off","floor":46},{"not_picked":["Shockwave","Sentinel"],"picked":"Bloodletting+1","floor":48},{"not_picked":["Hemokinesis+1","Rampage+1"],"picked":"Headbutt","floor":54}],"player_experience":215855,"relics_obtained":[{"floor":7.0,"key":"Boot"},{"floor":9.0,"key":"Pen Nib"},{"floor":12.0,"key":"Pear"},{"floor":14.0,"key":"MealTicket"},{"floor":23,"key":"Self Forming Clay"},{"floor":26,"key":"Centennial Puzzle"},{"floor":41,"key":"Ancient Tea Set"},{"floor":44,"key":"Sundial"},{"floor":46,"key":"Orichalcum"},{"floor":48,"key":"Pantograph"},{"floor":54,"key":"Kunai"}],"event_choices":[{"cards_removed":["Clash"],"damage_healed":0.0,"max_hp_gain":0.0,"max_hp_loss":0.0,"gold_gain":0.0,"event_name":"Golden Wing","player_choice":"Card Removal","floor":4.0,"gold_loss":0.0,"damage_taken":7.0},{"damage_healed":0.0,"max_hp_gain":0.0,"max_hp_loss":0.0,"gold_gain":0.0,"event_name":"The Mausoleum","player_choice":"Opened","floor":20.0,"gold_loss":0.0,"damage_taken":0.0,"relics_obtained":["TungstenRod"]},{"damage_healed":0,"gold_gain":0,"player_choice":"Ignored","damage_taken":0,"max_hp_gain":0,"max_hp_loss":0,"event_name":"Purifier","floor":21,"gold_loss":0},{"damage_healed":0,"gold_gain":0,"player_choice":"Ignored","damage_taken":0,"max_hp_gain":0,"max_hp_loss":0,"event_name":"Vampires","floor":30,"gold_loss":0},{"damage_healed":0,"gold_gain":0,"player_choice":"Paid","damage_taken":0,"relics_obtained":["Red Mask"],"max_hp_gain":0,"max_hp_loss":0,"event_name":"Tomb of Lord Red Mask","floor":36,"gold_loss":130},{"cards_removed":["Bash"],"damage_healed":0,"gold_gain":0,"player_choice":"Purged","damage_taken":0,"max_hp_gain":0,"max_hp_loss":0,"event_name":"Purifier","floor":37,"gold_loss":0}],"is_beta":false,"boss_relics":[{"not_picked":["Tiny House","Busted Crown"],"picked":"SlaversCollar"},{"not_picked":["Empty Cage","Runic Dome"],"picked":"SacredBark"}],"items_purged_floors":[],"is_endless":false,"potions_floor_spawned":[3,5,7,14,16,19,25,33,35,38,44,46,48],"ascension_level":7}}