{"host":"jfbo3eu2ui08ej1u","time":1614053177,"event":{"mods":["2.2 Compatiblity","AchievementEnabler","Act Like it!","Aspiration","BaseMod","Better Altar","Better Match","Better Note","Better Sensory Stone","Better Skull","Better Third Choice","Block Reminder","Colored Map","Colored Powertips","Conspire","DeckTracker","Displayed Cursed Tome","Energized Spire","Fox Events","GifTheSpireLib","Hermit","Hubris","Infinite Spire","Marked Mod","Minty Spire (QoL Compilation)","Monster B Gone","Pale of the Ancients","Poor People Problems","Quick Restart","Relic Filter","Reliquary","Reorder Act Four","Replay The Spire","Shop Mod","Spicy Shops","Spire Arcade","StSLib","Stuff the Spire","The Blue Laboratory","The Disciple","The Forsaken","The Hierophant","The Marked","Uncapped","Unceasing Turn Reminder","Wandering Minibosses"],"gold_per_floor":[116,136,149,164,39,66,66,66,137,171,184,184,109,109,109,109,109],"floor_reached":16,"language":"ENG","playtime":724,"items_purged":["Strike_G"],"score":220,"play_id":"237f3437-7776-4a3d-9956-bdaf38a9147e","local_time":"20210222230617","is_ascension_mode":true,"campfire_choices":[{"data":"1","floor":7.0,"key":"LIFT"},{"floor":12.0,"key":"REST"},{"floor":15.0,"key":"REST"}],"circlet_count":0,"master_deck":["AscendersBane","Strike_G","Strike_G","Strike_G","Strike_G","Defend_G","Defend_G","Defend_G","Defend_G","Defend_G","Survivor","Neutralize","hubris:TrickCloak","Dagger Throw","Blade Dance+1","Dash","ReplayTheSpireMod:Speed Training+1","Sucker Punch","Cloak And Dagger+1","Acrobatics"],"relics":["Ring of the Snake","Girya","conspire:DeflatedDodgeball","aspiration:AnachronicSnailShell"],"acts_visited":["Exordium"],"potions_floor_usage":[16],"damage_taken":[{"damage":7.0,"enemies":"Jaw Worm","floor":1.0,"turns":6.0},{"damage":6.0,"enemies":"Cultist","floor":2.0,"turns":5.0},{"damage":0.0,"enemies":"2 Louse","floor":3.0,"turns":6.0},{"damage":2.0,"enemies":"Lots of Slimes","floor":4.0,"turns":6.0},{"damage":24.0,"enemies":"3 Sentries","floor":6.0,"turns":18.0},{"damage":24.0,"enemies":"Gremlin Nob","floor":10.0,"turns":4.0},{"damage":0.0,"enemies":"Looter","floor":11.0,"turns":3.0},{"damage":44,"enemies":"Hexaghost","floor":16,"turns":16}],"seed_played":"-3482890851116488573","potions_obtained":[{"floor":2.0,"key":"Swift Potion"},{"floor":4.0,"key":"blueLaboratory:BottledHope"}],"is_trial":false,"path_per_floor":["M","M","M","M","$","E","R","?","T","E","M","R","$","?","R","B"],"character_chosen":"THE_SILENT","items_purchased":["ReplayTheSpireMod:Speed Training+1"],"campfire_rested":2,"item_purchase_floors":[5],"current_hp_per_floor":[58,52,52,50,50,26,26,26,26,2,2,23,23,23,44,0,0],"gold":109,"neow_bonus":"TEN_PERCENT_HP_BONUS","is_daily":false,"chose_seed":false,"campfire_upgraded":0,"win_rate":0.0,"timestamp":1614053177,"path_taken":["M","M","M","M","$","E","R","?","T","E","?","R","$","?","R","BOSS"],"items_purchased_type":["Card"],"build_version":"2020-12-22","purchased_purges":1,"victory":false,"max_hp_per_floor":[72,72,72,72,72,72,72,72,72,72,72,72,72,72,72,72,72],"card_choices":[{"not_picked":["StuffTheSpire:DoubleShiv","PiercingWail"],"picked":"hubris:TrickCloak","floor":1.0},{"not_picked":["Acrobatics","Prepared"],"picked":"Dagger Throw","floor":2.0},{"not_picked":["ReplayTheSpireMod:Necrosis","StuffTheSpire:Python"],"picked":"Blade Dance","floor":3.0},{"not_picked":["Deflect","Hidden Blade"],"picked":"Dash","floor":4.0},{"not_picked":["StuffTheSpire:Injection","Deadly Poison"],"picked":"Sucker Punch","floor":6.0},{"not_picked":["Slice","Grand Finale"],"picked":"Cloak And Dagger","floor":10.0},{"not_picked":["StuffTheSpire:DoubleShiv","StuffTheSpire:ClusterCrunch"],"picked":"Acrobatics","floor":11.0}],"player_experience":1365060,"relics_obtained":[{"floor":6.0,"key":"Girya"},{"floor":9.0,"key":"conspire:DeflatedDodgeball"},{"floor":10.0,"key":"aspiration:AnachronicSnailShell"}],"event_choices":[{"damage_healed":0.0,"max_hp_gain":0.0,"max_hp_loss":0.0,"gold_gain":0.0,"event_name":"Upgrade Shrine","player_choice":"Upgraded","floor":8.0,"gold_loss":0.0,"damage_taken":0.0,"cards_upgraded":["Blade Dance"]},{"damage_healed":0.0,"max_hp_gain":0.0,"max_hp_loss":0.0,"gold_gain":0.0,"event_name":"Accursed Blacksmith","player_choice":"Forge","floor":14.0,"gold_loss":0.0,"damage_taken":0.0,"cards_upgraded":["Cloak And Dagger"]}],"is_beta":false,"boss_relics":[],"items_purged_floors":[13],"is_endless":false,"potions_floor_spawned":[2,4],"killed_by":"Hexaghost","ascension_level":20}}