{"host":"lly094a91h6n5nv5","time":1614073885,"event":{"mods":["AchievementEnabler","BaseMod","Block Reminder","Colored Map","Minty Spire (QoL Compilation)","Permanent Neow"],"gold_per_floor":[17,17,28,28,47,47,57,71,71,71,71,99,99,111,111,184,184,196,196,41,41,57,57,84,84,156,156,173,189,89,118,118,197,197,209,220,233,79,94,94,129,144,193,209,209,226,239,55,55,55],"floor_reached":51,"language":"ENG","playtime":3180,"items_purged":["Strike_G","Strike_G"],"score":1293,"play_id":"69844351-6d5f-43db-9029-c844314cbf8a","local_time":"20210223035125","is_ascension_mode":true,"campfire_choices":[{"data":"Noxious Fumes","floor":6.0,"key":"SMITH"},{"data":"Skewer","floor":10.0,"key":"SMITH"},{"data":"Corpse Explosion","floor":13.0,"key":"SMITH"},{"floor":15.0,"key":"REST"},{"floor":23,"key":"REST"},{"floor":25,"key":"REST"},{"data":"Caltrops","floor":27,"key":"SMITH"},{"floor":32,"key":"REST"},{"floor":40,"key":"REST"},{"floor":45,"key":"REST"},{"floor":49,"key":"REST"}],"circlet_count":0,"master_deck":["AscendersBane","Strike_G","Defend_G","Defend_G","Defend_G","Defend_G","Defend_G","Survivor","Neutralize","Skewer+1","Noxious Fumes+1","Caltrops+1","Backflip","PiercingWail","Corpse Explosion+1","Acrobatics","Die Die Die","Noxious Fumes+1","Blur","Venomology+1","Dodge and Roll+1","Deadly Poison+1","Deadly Poison+1","Footwork"],"relics":["Ring of the Serpent","Prayer Wheel","Pear","TungstenRod","Busted Crown","Nilry\u0027s Codex","Singing Bowl","Mummified Hand","Toxic Egg 2","Chemical X","Blue Candle","Ancient Tea Set"],"acts_visited":["Exordium","TheCity","TheBeyond"],"potions_floor_usage":[31,33,35,36,37,37,37,42,44,46,47,47,50,50,50],"damage_taken":[{"damage":0.0,"enemies":"2 Louse","floor":1.0,"turns":4.0},{"damage":0.0,"enemies":"Small Slimes","floor":3.0,"turns":3.0},{"damage":2.0,"enemies":"Jaw Worm","floor":5.0,"turns":6.0},{"damage":10.0,"enemies":"3 Louse","floor":7.0,"turns":4.0},{"damage":5.0,"enemies":"Gremlin Gang","floor":8.0,"turns":5.0},{"damage":17.0,"enemies":"Gremlin Nob","floor":12.0,"turns":4.0},{"damage":3.0,"enemies":"Exordium Wildlife","floor":14.0,"turns":5.0},{"damage":39.0,"enemies":"Slime Boss","floor":16.0,"turns":12.0},{"damage":1,"enemies":"Shell Parasite","floor":18,"turns":5},{"damage":22,"enemies":"2 Thieves","floor":22,"turns":4},{"damage":25,"enemies":"Slavers","floor":24,"turns":3},{"damage":2,"enemies":"Snake Plant","floor":28,"turns":5},{"damage":16,"enemies":"Shelled Parasite and Fungi","floor":29,"turns":5},{"damage":7,"enemies":"Book of Stabbing","floor":31,"turns":5},{"damage":15,"enemies":"Champ","floor":33,"turns":12},{"damage":1,"enemies":"3 Darklings","floor":35,"turns":3},{"damage":6,"enemies":"Orb Walker","floor":36,"turns":4},{"damage":11,"enemies":"4 Shapes","floor":37,"turns":4},{"damage":33,"enemies":"Spire Growth","floor":39,"turns":6},{"damage":6,"enemies":"Nemesis","floor":41,"turns":9},{"damage":8,"enemies":"Maw","floor":42,"turns":7},{"damage":1,"enemies":"Sphere and 2 Shapes","floor":44,"turns":5},{"damage":0,"enemies":"4 Shapes","floor":46,"turns":4},{"damage":24,"enemies":"Transient","floor":47,"turns":5},{"damage":25,"enemies":"Donu and Deca","floor":50,"turns":7}],"seed_played":"-8314937885914617563","potions_obtained":[{"floor":3.0,"key":"FearPotion"},{"floor":14.0,"key":"SpeedPotion"},{"floor":29,"key":"PowerPotion"},{"floor":31,"key":"ColorlessPotion"},{"floor":33,"key":"Weak Potion"},{"floor":35,"key":"AttackPotion"},{"floor":41,"key":"SkillPotion"}],"is_trial":false,"path_per_floor":["M","?","M","?","M","R","M","M","T","R","?","E","R","M","R","B",null,"M","?","$","?","M","R","E","R","T","R","M","M","$","E","R","B",null,"M","M","M","$","M","R","E","M","T","M","R","M","M","$","R","B",null],"character_chosen":"THE_SILENT","items_purchased":["Noxious Fumes","Chemical X","Footwork","GhostInAJar"],"campfire_rested":7,"item_purchase_floors":[20,38,48,48],"current_hp_per_floor":[59,59,59,52,50,50,40,35,45,45,45,28,28,25,47,8,59,58,41,41,41,19,41,18,41,41,41,43,31,31,26,52,37,75,78,74,67,67,38,68,64,60,60,59,91,95,75,75,109,84],"gold":55,"neow_bonus":"ONE_RARE_RELIC","is_daily":false,"chose_seed":false,"campfire_upgraded":4,"win_rate":0.0,"timestamp":1614073885,"path_taken":["M","?","M","?","M","R","M","M","T","R","?","E","R","M","R","BOSS","M","?","$","?","M","R","E","R","T","R","?","M","$","E","R","BOSS","M","M","M","$","M","R","E","M","T","M","R","M","M","$","R","BOSS"],"items_purchased_type":["Card","Relic","Card","Potion"],"build_version":"2020-12-22","purchased_purges":2,"victory":true,"max_hp_per_floor":[66,66,66,66,66,66,66,66,76,76,76,76,76,76,76,76,76,76,76,76,76,76,76,78,78,78,78,82,86,86,88,88,88,88,92,94,98,98,102,102,104,108,108,108,108,112,116,116,116,116],"card_choices":[{"not_picked":["Outmaneuver","Backflip"],"picked":"Skewer","floor":1.0},{"not_picked":["Heel Hook","Underhanded Strike","Deflect"],"picked":"SKIP","floor":1.0},{"not_picked":["Quick Slash","Bouncing Flask"],"picked":"Noxious Fumes","floor":3.0},{"not_picked":["Bane","Terror","Masterful Stab"],"picked":"SKIP","floor":3.0},{"not_picked":["Finisher","Unload","Blade Dance"],"picked":"SKIP","floor":5.0},{"not_picked":["Dodge and Roll","Underhanded Strike","Setup"],"picked":"SKIP","floor":5.0},{"not_picked":["Dodge and Roll","Heel Hook"],"picked":"Caltrops","floor":7.0},{"not_picked":["Dodge and Roll","Backstab","Blade Dance"],"picked":"SKIP","floor":7.0},{"not_picked":["Acrobatics","Dagger Throw"],"picked":"Backflip","floor":8.0},{"not_picked":["Outmaneuver","Backflip"],"picked":"PiercingWail","floor":8.0},{"not_picked":["Burst","Underhanded Strike"],"picked":"Corpse Explosion","floor":12.0},{"not_picked":["Flechettes","Blade Dance"],"picked":"Acrobatics","floor":14.0},{"not_picked":["Prepared","Flying Knee","Endless Agony"],"picked":"SKIP","floor":14.0},{"not_picked":["A Thousand Cuts","Phantasmal Killer"],"picked":"Die Die Die","floor":16.0},{"not_picked":["Cloak And Dagger"],"picked":"SKIP","floor":18},{"not_picked":["Masterful Stab"],"picked":"SKIP","floor":18},{"not_picked":[],"picked":"Blur","floor":22},{"not_picked":["Quick Slash"],"picked":"SKIP","floor":22},{"not_picked":["Sucker Punch"],"picked":"Singing Bowl","floor":24},{"not_picked":["Heel Hook"],"picked":"Singing Bowl","floor":28},{"not_picked":["Dagger Throw+1"],"picked":"Singing Bowl","floor":28},{"not_picked":["Dash"],"picked":"Singing Bowl","floor":29},{"not_picked":["Dodge and Roll"],"picked":"Singing Bowl","floor":29},{"not_picked":["Dash+1"],"picked":"Singing Bowl","floor":31},{"not_picked":[],"picked":"Venomology+1","floor":33},{"not_picked":["Flying Knee"],"picked":"Singing Bowl","floor":35},{"not_picked":["Heel Hook+1"],"picked":"Singing Bowl","floor":35},{"not_picked":[],"picked":"Dodge and Roll+1","floor":36},{"not_picked":["Prepared+1"],"picked":"Singing Bowl","floor":36},{"not_picked":["Dodge and Roll+1"],"picked":"Singing Bowl","floor":37},{"not_picked":["Quick Slash"],"picked":"Singing Bowl","floor":37},{"not_picked":["Flying Knee"],"picked":"Singing Bowl","floor":39},{"not_picked":["Riddle With Holes+1"],"picked":"Singing Bowl","floor":39},{"not_picked":["Unload"],"picked":"Singing Bowl","floor":41},{"not_picked":["Dodge and Roll+1"],"picked":"Singing Bowl","floor":42},{"not_picked":["Dagger Throw"],"picked":"Singing Bowl","floor":42},{"not_picked":[],"picked":"Deadly Poison+1","floor":44},{"not_picked":[],"picked":"Deadly Poison+1","floor":44},{"not_picked":["Dagger Spray+1"],"picked":"Singing Bowl","floor":46},{"not_picked":["Quick Slash+1"],"picked":"Singing Bowl","floor":46},{"not_picked":["Outmaneuver+1"],"picked":"Singing Bowl","floor":47},{"not_picked":["Reflex+1"],"picked":"Singing Bowl","floor":47}],"player_experience":291495,"relics_obtained":[{"floor":9.0,"key":"Pear"},{"floor":12.0,"key":"TungstenRod"},{"floor":19,"key":"Nilry\u0027s Codex"},{"floor":24,"key":"Singing Bowl"},{"floor":26,"key":"Mummified Hand"},{"floor":31,"key":"Toxic Egg 2"},{"floor":41,"key":"Blue Candle"},{"floor":43,"key":"Ancient Tea Set"}],"event_choices":[{"cards_removed":["Strike_G"],"damage_healed":0.0,"max_hp_gain":0.0,"max_hp_loss":0.0,"gold_gain":0.0,"event_name":"Living Wall","player_choice":"Forget","floor":2.0,"gold_loss":0.0,"damage_taken":0.0},{"cards_removed":["Strike_G"],"damage_healed":0.0,"max_hp_gain":0.0,"max_hp_loss":0.0,"gold_gain":0.0,"event_name":"Golden Wing","player_choice":"Card Removal","floor":4.0,"gold_loss":0.0,"damage_taken":7.0},{"damage_healed":0.0,"max_hp_gain":0.0,"max_hp_loss":0.0,"gold_gain":0.0,"event_name":"Liars Game","player_choice":"Ignored","floor":11.0,"gold_loss":0.0,"damage_taken":0.0},{"damage_healed":0,"gold_gain":0,"player_choice":"Obtained Book","damage_taken":21,"max_hp_gain":0,"max_hp_loss":0,"event_name":"Cursed Tome","floor":19,"gold_loss":0},{"damage_healed":0,"gold_gain":0,"player_choice":"Upgraded","damage_taken":0,"max_hp_gain":0,"max_hp_loss":0,"event_name":"Upgrade Shrine","floor":21,"gold_loss":0,"cards_upgraded":["Noxious Fumes"]}],"is_beta":false,"boss_relics":[{"not_picked":["Runic Pyramid","Pandora\u0027s Box"],"picked":"Busted Crown"},{"not_picked":["HoveringKite","Black Star"],"picked":"Ring of the Serpent"}],"items_purged_floors":[20,30],"is_endless":false,"potions_floor_spawned":[3,14,29,31,33,35,41,42,46],"ascension_level":15}}