{"host":"zk6vb2npgw3pu6j2","time":1614116365,"event":{"mods":["Act Like it!","Aspiration","Bard","BaseMod","Beaked The Cultist","Bestiary","Better Note","Better Sensory Stone","CapriCore","Conspire","Downfall","Friendly Minions","Gensokyo","GifTheSpireLib","Hermit","Hubris","Koishi","Marisa????????","Marked Mod","Minty Spire (QoL Compilation)","Quarter Circle Forward PUNCH!","Reimu??????","Reliquary","Replay The Spire","Retaliation","Ruina","StSLib","The Administrix","The Alterego","The Blue Laboratory","The Bug Knight","The Construct","The Exalted","The Hierophant","The Immortal","The Marked","The Runesmith","The Senshi","The Servant 0.9.4","The Wild Card","TheVacant","Wandering Minibosses","yUi"],"gold_per_floor":[113,43,67,31,50,83,83,83,83,93,109,109,129,145,145,247,247,198,152,103,103,103],"floor_reached":21,"language":"ENG","playtime":1190,"items_purged":[],"score":206,"play_id":"5418e9d0-0cdc-4227-b35d-d7be6f18eb56","local_time":"20210223163925","is_ascension_mode":false,"campfire_choices":[{"data":"theSenshi:MoonTiaraMagic","floor":7,"key":"SMITH"},{"data":"theSenshi:TallSilhouette","floor":15,"key":"SMITH"}],"circlet_count":0,"master_deck":["theSenshi:SailorKick","theSenshi:SailorKick","theSenshi:SailorKick","theSenshi:SailorKick","theSenshi:SailorBlock+1","theSenshi:SailorBlock","theSenshi:SailorBlock","theSenshi:SailorBlock","theSenshi:RoseThrow","theSenshi:MoonPrismPowerMakeUp","theSenshi:SupersonicWaves+1","theSenshi:SailorV","theSenshi:MoonTiaraMagic+1","theSenshi:MoonKick","theSenshi:SailorNeptuneAssists","theSenshi:SailorMercuryAssists","theSenshi:MoonTwilightFlash","theSenshi:TallSilhouette+1","theSenshi:SailorStarHealerAssists","theSenshi:MoonPrincessHalation","Gensokyo:Shovel","theSenshi:SailorStarMakerAssists"],"relics":["theSenshi:TransformationBroochRelic","NeowsBlessing","theSenshi:TiaraRelic","Mercury Hourglass","conspire:SlowCooker"],"acts_visited":["Gensokyo:Gensokyo","Gensokyo:Gensokyoer"],"potions_floor_usage":[16],"damage_taken":[{"damage":0,"enemies":"Gensokyo:Gryphon","floor":1,"turns":1},{"damage":0,"enemies":"Gensokyo:2_Kodama","floor":5,"turns":2},{"damage":0,"enemies":"Gensokyo:Mamizou","floor":6,"turns":3},{"damage":0,"enemies":"Gensokyo:Python","floor":10,"turns":2},{"damage":7,"enemies":"Gensokyo:2_Rabbits","floor":11,"turns":2},{"damage":9,"enemies":"Gensokyo:Gryphon_and_Rabbit","floor":13,"turns":3},{"damage":8,"enemies":"Gensokyo:3_Kodama","floor":14,"turns":2},{"damage":21,"enemies":"Gensokyo:Kokoro","floor":16,"turns":13},{"damage":20,"enemies":"Gensokyo:AngelMirror","floor":18,"turns":7},{"damage":32,"enemies":"Gensokyo:CosmicMonolith","floor":20,"turns":8},{"damage":44,"enemies":"Gensokyo:Slime_Group","floor":21,"turns":4}],"seed_played":"-7983287133569989964","potions_obtained":[{"floor":5,"key":"Ancient Potion"},{"floor":13,"key":"blueLaboratory:NullPotion"},{"floor":14,"key":"blueLaboratory:Moonshine"},{"floor":18,"key":"Strength Potion"}],"is_trial":false,"path_per_floor":["M","?","T","$","M","E","R","?","T","M","M","?","M","M","R","B",null,"M","COS","M","M"],"character_chosen":"THE_SENSHI","items_purchased":["theSenshi:SailorV"],"campfire_rested":0,"item_purchase_floors":[4],"current_hp_per_floor":[75,75,75,75,75,75,75,75,75,75,68,75,66,58,58,37,75,60,60,33,0,0],"gold":103,"neow_bonus":"THREE_ENEMY_KILL","is_daily":false,"chose_seed":false,"campfire_upgraded":2,"win_rate":0.0,"timestamp":1614116365,"path_taken":["M","?","?","$","M","E","R","?","T","?","M","?","M","M","R","BOSS","M","COS","?","?"],"items_purchased_type":["Card"],"build_version":"2020-12-22","purchased_purges":0,"victory":false,"max_hp_per_floor":[75,75,75,75,75,75,75,75,75,75,75,75,75,75,75,75,75,75,75,75,75,75],"card_choices":[{"not_picked":["theSenshi:SailorChibiMoonAssists","theSenshi:TuxedoMaskAssists"],"picked":"theSenshi:SupersonicWaves","floor":1},{"not_picked":["theSenshi:GatheringStrength","theSenshi:LunasBite"],"picked":"theSenshi:MoonTiaraMagic","floor":5},{"not_picked":["theSenshi:SailorChibiMoonAssists","theSenshi:LunasBite"],"picked":"theSenshi:MoonKick","floor":6},{"not_picked":["theSenshi:SailorCosmosAssists","theSenshi:SteeledNerves"],"picked":"theSenshi:SailorNeptuneAssists","floor":10},{"not_picked":["theSenshi:MoonKick","theSenshi:MoonPunch"],"picked":"theSenshi:SailorMercuryAssists","floor":11},{"not_picked":["theSenshi:SailorMercuryAssists","theSenshi:SailorMarsAssists"],"picked":"theSenshi:MoonTwilightFlash","floor":13},{"not_picked":["theSenshi:LunasBite","theSenshi:MoonKick"],"picked":"theSenshi:TallSilhouette","floor":14},{"not_picked":["theSenshi:LunaSensingAllies","theSenshi:SilverMoonCrystalPowerKiss"],"picked":"theSenshi:SailorStarHealerAssists","floor":16},{"not_picked":["theSenshi:EncouragingSpeech","theSenshi:SchoolBag+1"],"picked":"theSenshi:MoonPrincessHalation","floor":18},{"not_picked":["theSenshi:SupersonicWaves","theSenshi:MoonsReflection+1"],"picked":"theSenshi:SailorStarMakerAssists","floor":20}],"player_experience":315628,"relics_obtained":[{"floor":3,"key":"theSenshi:TiaraRelic"},{"floor":6,"key":"Mercury Hourglass"}],"event_choices":[],"is_beta":false,"boss_relics":[{"not_picked":["conspire:RunicOctahedron","hubris:CrackedHourglass"],"picked":"conspire:SlowCooker"}],"items_purged_floors":[],"is_endless":false,"potions_floor_spawned":[5,13,14,18],"killed_by":"Gensokyo:Slime_Group","ascension_level":0}}