{"host":"k2fk6k4lf3fy23m9","time":1614119160,"event":{"mods":["AchievementEnabler","BaseMod","Card Forge","CatGirl Mod","Colored Map","DeckTracker","Duelist Mod","FoggyMod","Fox Events","Hero for Fun","Minty Spire (QoL Compilation)","READ ME - Snecko Mod","SIMod","Shop Mod","StSLib","Synergy Search","UnlockEverythingMod","Waifu the Spire"],"gold_per_floor":[145,163,90,90,100,129,129,129,129,129,138,161,5,71,71,177,177,177,177],"floor_reached":18,"language":"DEU","playtime":1042,"items_purged":[],"score":157,"play_id":"1c65fa8f-9b49-4c16-80ba-1238c261bed8","local_time":"20210223232600","is_ascension_mode":false,"campfire_choices":[{"floor":8,"key":"RECALL"},{"floor":15,"key":"REST"}],"circlet_count":0,"master_deck":["theDuelist:BeaverWarrior","theDuelist:BeaverWarrior","theDuelist:CastleWalls","theDuelist:CastleWalls","theDuelist:FinalFlame","theDuelist:GiantSoldier","theDuelist:GiantSoldier","theDuelist:ScrapFactory","theDuelist:Sparks","theDuelist:Sparks","theDuelist:SilentDoom","theDuelist:FairyBox","theDuelist:CurseAging","theDuelist:Raigeki","theDuelist:BigFire","theDuelist:PsiCurse","theDuelist:FusionFire","theDuelist:EvilswarmHeliotrope","theDuelist:RainbowKuriboh"],"relics":["theDuelist:MillenniumPuzzle","theDuelist:CardPoolRelic","theDuelist:CardPoolBasicRelic","theDuelist:BoosterPackPoolRelic","theDuelist:CardPoolAddRelic","theDuelist:CardPoolMinusRelic","theDuelist:CardPoolSaveRelic","theDuelist:CardPoolOptionsRelic","Hammer of Thor","Seething Fire","Anvil of the Gods","NeowsBlessing","theDuelist:NamelessPowerRelicA","Spirit Poop","theDuelist:TributeEggRelic","CeramicFish","theDuelist:MillenniumPrayerbook","MerchantsRug","Pen Nib","Runic Pyramid"],"acts_visited":["Exordium","TheCity"],"potions_floor_usage":[],"damage_taken":[{"damage":0,"enemies":"Cultist","floor":1,"turns":1},{"damage":0,"enemies":"Jaw Worm","floor":2,"turns":1},{"damage":0,"enemies":"2 Louse","floor":5,"turns":1},{"damage":22,"enemies":"Lagavulin","floor":6,"turns":6},{"damage":9,"enemies":"2 Fungi Beasts","floor":12,"turns":4},{"damage":13,"enemies":"3 Sentries","floor":14,"turns":4},{"damage":24,"enemies":"Hexaghost","floor":16,"turns":7},{"damage":5,"enemies":"Shell Parasite","floor":18,"turns":3}],"seed_played":"-3923736653006903056","potions_obtained":[{"floor":1,"key":"SteroidPotion"},{"floor":2,"key":"theDuelist:StunPotion"},{"floor":14,"key":"SkillPotion"},{"floor":16,"key":"theDuelist:FireBottle"}],"is_trial":false,"path_per_floor":["M","M","?","?","M","E","?","R","T","?","?","M","$","?","R","B",null,"M"],"character_chosen":"THE_DUELIST","items_purchased":["MerchantsRug"],"campfire_rested":1,"item_purchase_floors":[13],"current_hp_per_floor":[80,80,94,94,94,72,65,65,65,65,65,56,56,43,71,47,94,89,89],"gold":177,"neow_bonus":"THREE_ENEMY_KILL","is_daily":false,"chose_seed":false,"campfire_upgraded":0,"win_rate":0.0,"timestamp":1614119160,"path_taken":["M","?","?","?","?","E","?","R","T","?","?","?","?","?","R","BOSS","M"],"items_purchased_type":["Relic"],"build_version":"2020-12-22","purchased_purges":0,"victory":false,"max_hp_per_floor":[80,80,94,94,94,94,94,94,94,94,94,94,94,94,94,94,94,94,94],"card_choices":[{"not_picked":["theDuelist:CrossAttack","theDuelist:SangaEarth","theDuelist:LegendarySword","theDuelist:LightningBlade"],"picked":"theDuelist:SilentDoom","floor":1},{"not_picked":["theDuelist:DoubleTool","theDuelist:Tuningware","theDuelist:Eva","theDuelist:ChaosSeed"],"picked":"theDuelist:FairyBox","floor":2},{"not_picked":["theDuelist:SwordsConcealing","theDuelist:SevenCompleted","theDuelist:LightningBlade","theDuelist:ForbiddenLance"],"picked":"theDuelist:Raigeki","floor":5},{"not_picked":["theDuelist:SpellShatteringArrow","theDuelist:Hinotama","theDuelist:DoubleTool","theDuelist:SpiralSpearStrike"],"picked":"theDuelist:BigFire","floor":6},{"not_picked":["theDuelist:BigFire","theDuelist:LegendHeart","theDuelist:GravityAxe","theDuelist:ElectromagneticShield"],"picked":"theDuelist:FusionFire","floor":12},{"not_picked":["theDuelist:BigFire","theDuelist:GauntletWarrior","theDuelist:LightningVortex","theDuelist:Mudora"],"picked":"theDuelist:EvilswarmHeliotrope","floor":14},{"not_picked":["theDuelist:RainbowNeos","theDuelist:HappyLover","theDuelist:Eva","theDuelist:RainbowOverdragon"],"picked":"theDuelist:RainbowKuriboh","floor":16}],"player_experience":215776,"relics_obtained":[{"floor":6,"key":"theDuelist:TributeEggRelic"}],"event_choices":[{"power_reward":2,"total_magic_score":25,"gold_gain":0,"duelist":true,"damage_taken":0,"relics_obtained":["theDuelist:NamelessPowerRelicA"],"points":3,"max_hp_gain":14,"max_hp_loss":0,"spent_points":{"magic":0,"greed":0,"war":0,"power":2,"hunger":1},"event_name":"Nameless Tomb","hunger_reward":1,"floor":3,"gold_loss":73,"cards_obtained":["Pain","theDuelist:CurseAging"]},{"cards_removed":["Pain"],"damage_healed":0,"gold_gain":0,"player_choice":"Offered Curse","damage_taken":0,"relics_obtained":["Spirit Poop"],"max_hp_gain":0,"max_hp_loss":0,"event_name":"Bonfire Elementals","floor":4,"gold_loss":0},{"damage_healed":0,"gold_gain":0,"player_choice":"Success","damage_taken":7,"relics_obtained":["CeramicFish"],"max_hp_gain":0,"max_hp_loss":0,"event_name":"Scrap Ooze","floor":7,"gold_loss":0},{"damage_healed":0,"gold_gain":0,"player_choice":"Leave","duelist":true,"damage_taken":0,"max_hp_gain":0,"max_hp_loss":0,"event_name":"Relic Duplicator","floor":10,"gold_loss":0},{"damage_healed":0,"gold_gain":0,"player_choice":"Took item - Received: Millennium Prayerbook","duelist":true,"damage_taken":0,"max_hp_gain":0,"max_hp_loss":0,"event_name":"Millennium Items","floor":11,"gold_loss":0},{"damage_healed":0,"gold_gain":0,"player_choice":"Searched \u00272\u0027 times","damage_taken":0,"relics_obtained":["Pen Nib"],"max_hp_gain":0,"max_hp_loss":0,"event_name":"Dead Adventurer","floor":14,"gold_loss":0}],"is_beta":false,"boss_relics":[{"not_picked":["Ectoplasm","Fusion Hammer"],"picked":"Runic Pyramid"}],"items_purged_floors":[],"is_endless":false,"potions_floor_spawned":[1,2,14,16],"killed_by":"Shell Parasite","ascension_level":0}}