{"host":"wqwfknj40rilnol1","time":1614096731,"event":{"mods":["AchievementEnabler","Aspiration","BaseMod","BetterRewards","Block Reminder","Colored Map","Conspire","Highlight Path","Hubris","Minty Spire (QoL Compilation)","Permanent Neow","Quick Restart","Relic Stats","Replay The Spire","Shop Mod","StSLib","The Cursed"],"gold_per_floor":[113,113,123,137,240,240,255,255,255],"floor_reached":8,"language":"ENG","playtime":308,"items_purged":[],"score":50,"play_id":"670b3827-45b4-48c4-8839-e53777c13e1c","local_time":"20210223171211","is_ascension_mode":true,"campfire_choices":[{"data":"Replay:LoomingThreat","floor":6,"key":"SMITH"}],"circlet_count":0,"master_deck":["Strike_P","Strike_P","Strike_P","Strike_P","Defend_P","Defend_P","Defend_P","Defend_P","Eruption","Vigilance","Replay:LoomingThreat+1","CutThroughFate","Regret","Replay:BluntJabs","CarveReality","TalkToTheHand","Evaluate"],"relics":["PureWater","hubris:GlazedTorus"],"acts_visited":["Exordium"],"potions_floor_usage":[],"damage_taken":[{"damage":13,"enemies":"Jaw Worm","floor":1,"turns":4},{"damage":14,"enemies":"Small Slimes","floor":3,"turns":4},{"damage":2,"enemies":"Cultist","floor":4,"turns":3},{"damage":22,"enemies":"Gremlin Gang","floor":7,"turns":3},{"damage":0,"enemies":"3 Sentries","floor":8,"turns":1}],"seed_played":"-8016971550842384593","potions_obtained":[{"floor":1,"key":"SmokeBomb"},{"floor":7,"key":"EssenceOfSteel"}],"is_trial":false,"path_per_floor":["M","?","M","M","?","R","M","E"],"character_chosen":"WATCHER","items_purchased":[],"campfire_rested":0,"item_purchase_floors":[],"current_hp_per_floor":[52,52,38,36,36,36,14,14,14],"gold":255,"neow_bonus":"THREE_RARE_CARDS","is_daily":false,"chose_seed":false,"campfire_upgraded":1,"win_rate":0.0,"timestamp":1614096731,"path_taken":["M","?","M","M","?","R","?","E"],"items_purchased_type":[],"build_version":"2020-12-22","purchased_purges":0,"victory":false,"max_hp_per_floor":[65,65,65,65,65,65,65,65,65],"relic_stats":{"counters":[5,14],"obtain_stats":[{"PureWater":0,"hubris:GlazedTorus":2},{"PureWater":0,"hubris:GlazedTorus":1},{"PureWater":0,"hubris:GlazedTorus":4}]},"card_choices":[{"not_picked":["MasterReality","Replay:AllIn"],"picked":"Replay:LoomingThreat","floor":0},{"not_picked":["WreathOfFlame","BowlingBash"],"picked":"CutThroughFate","floor":1},{"not_picked":["Replay:Battleflow","Weave","Replay:ManipulateFuture"],"picked":"SKIP","floor":3},{"not_picked":["EmptyFist","BowlingBash"],"picked":"Replay:BluntJabs","floor":4},{"not_picked":["BowlingBash","PathToVictory"],"picked":"CarveReality","floor":5},{"not_picked":["CrushJoints","CutThroughFate"],"picked":"TalkToTheHand","floor":5},{"not_picked":["CrushJoints","CutThroughFate"],"picked":"Evaluate","floor":5},{"not_picked":["JustLucky","ThirdEye","Pray"],"picked":"SKIP","floor":7}],"player_experience":315190,"relics_obtained":[],"event_choices":[{"damage_healed":0,"gold_gain":0,"player_choice":"Box","damage_taken":0,"relics_obtained":["hubris:GlazedTorus"],"max_hp_gain":0,"max_hp_loss":0,"event_name":"Big Fish","floor":2,"gold_loss":0,"cards_obtained":["Regret"]}],"is_beta":false,"boss_relics":[],"items_purged_floors":[],"is_endless":false,"potions_floor_spawned":[1,7],"killed_by":"3 Sentries","ascension_level":1}}