{"host":"llzxi9jqk7yykm8l","time":1614124615,"event":{"mods":["BaseMod","Colored Map","Highlight Path","Minty Spire (QoL Compilation)","Replay The Spire","StSLib","Transform Curses"],"gold_per_floor":[115,127,144,144,157,78,97,97,97,97,111,122,72,83,83,185,185,204,214,230,249,264,264,25,37,37,37,37,70,88,170,170,170,170],"floor_reached":33,"language":"ENG","playtime":3059,"items_purged":[],"score":245,"play_id":"2d7c9df5-0a11-4f3a-a29d-0de856c69ca6","local_time":"20210223175655","is_ascension_mode":false,"campfire_choices":[{"floor":8,"key":"REST"},{"data":"Iron Wave","floor":10,"key":"SMITH"},{"data":"Seeing Red","floor":15,"key":"SMITH"},{"data":"Iron Wave","floor":23,"key":"SMITH"},{"floor":28,"key":"REST"},{"data":"Cleave","floor":32,"key":"SMITH"}],"circlet_count":0,"master_deck":["Strike_R","Strike_R","Strike_R","Strike_R","Strike_R","Defend_R","Defend_R","Defend_R","Defend_R","Bash","ReplayTheSpireMod:Stacked","Wild Strike","Headbutt","Iron Wave+1","Ghostly Armor","Twin Strike","Iron Wave+1","Cleave+1","Seeing Red+1","Feed","Anger","Anger","ReplayTheSpireMod:Strike From Hell+1","Dual Wield","ReplayReversal","Cleave","Shrug It Off+1","Evolve+1"],"relics":["Burning Blood","PreservedInsect","Garlic","Iron Hammer","Honey Jar","Sundial","ReplayTheSpireMod:Lightbulb","Red Mask","Snack Pack"],"acts_visited":["Exordium","TheCity"],"potions_floor_usage":[5,16,16,18,19,21,29,33],"damage_taken":[{"damage":1,"enemies":"Cultist","floor":1,"turns":3},{"damage":0,"enemies":"Small Slimes","floor":2,"turns":3},{"damage":5,"enemies":"Jaw Worm","floor":3,"turns":4},{"damage":9,"enemies":"Gremlin Gang","floor":5,"turns":6},{"damage":7,"enemies":"Blue Slaver","floor":7,"turns":5},{"damage":5,"enemies":"2 Fungi Beasts","floor":11,"turns":3},{"damage":0,"enemies":"Looter","floor":12,"turns":3},{"damage":0,"enemies":"Blue Slaver","floor":14,"turns":2},{"damage":33,"enemies":"Fading Forest","floor":16,"turns":11},{"damage":8,"enemies":"2 Thieves","floor":18,"turns":4},{"damage":0,"enemies":"Spheric Guardian","floor":19,"turns":1},{"damage":10,"enemies":"Chosen and Byrds","floor":20,"turns":6},{"damage":0,"enemies":"Snecko","floor":21,"turns":5},{"damage":5,"enemies":"Centurion and Healer","floor":22,"turns":6},{"damage":24,"enemies":"Cultist and Chosen","floor":25,"turns":7},{"damage":4,"enemies":"Masked Bandits","floor":29,"turns":4},{"damage":0,"enemies":"Shelled Parasite and Fungi","floor":30,"turns":4},{"damage":116,"enemies":"Collector","floor":33,"turns":13}],"seed_played":"688106888461533717","potions_obtained":[{"floor":3,"key":"AttackPotion"},{"floor":12,"key":"BloodPotion"},{"floor":14,"key":"PowerPotion"},{"floor":16,"key":"Cursed Concoction"},{"floor":18,"key":"Swift Potion"},{"floor":20,"key":"SpeedPotion"},{"floor":22,"key":"SteroidPotion"},{"floor":30,"key":"Explosive Potion"}],"is_trial":false,"path_per_floor":["M","M","M","$","M","$","M","R","T","R","M","M","?","M","R","B",null,"M","M","M","M","M","R","$","M","T","?","R","?","M","T","R","B"],"character_chosen":"IRONCLAD","items_purchased":["Ghostly Armor","Sundial"],"campfire_rested":2,"item_purchase_floors":[6,24],"current_hp_per_floor":[80,80,80,80,77,77,76,80,80,80,80,80,80,80,80,69,80,78,80,76,80,80,80,80,62,62,62,80,80,80,80,80,0,0],"gold":170,"neow_bonus":"RANDOM_COMMON_RELIC","is_daily":false,"chose_seed":false,"campfire_upgraded":4,"win_rate":0.0,"timestamp":1614124615,"path_taken":["M","?","M","$","M","?","M","R","T","R","M","M","?","M","R","BOSS","M","M","M","M","M","R","$","?","T","?","R","?","M","?","R","BOSS"],"items_purchased_type":["Card","Relic"],"build_version":"2020-12-22","purchased_purges":0,"victory":false,"max_hp_per_floor":[80,80,80,80,80,80,80,80,80,80,80,80,80,80,80,80,80,80,80,80,80,80,80,80,80,80,80,80,80,80,80,80,80,80],"card_choices":[{"not_picked":["True Grit","Flex"],"picked":"ReplayTheSpireMod:Stacked","floor":1},{"not_picked":["Carnage","Sever Soul"],"picked":"Wild Strike","floor":2},{"not_picked":["Pummel","Havoc"],"picked":"Headbutt","floor":3},{"not_picked":["ReplayTheSpireMod:Stacked","Havoc"],"picked":"Iron Wave","floor":5},{"not_picked":["Havoc","Bludgeon"],"picked":"Twin Strike","floor":7},{"not_picked":["Warcry","Heavy Blade"],"picked":"Iron Wave","floor":11},{"not_picked":["Warcry","Hemokinesis"],"picked":"Cleave","floor":12},{"not_picked":["Run Through","ReplayTheSpireMod:LeadingStrike"],"picked":"Seeing Red","floor":14},{"not_picked":["Barricade","Juggernaut"],"picked":"Feed","floor":16},{"not_picked":["Ghostly Armor","Wild Strike+1","Sword Boomerang"],"picked":"Anger","floor":18},{"not_picked":["Perfected Strike","Warcry","Bloodletting+1"],"picked":"Anger","floor":19},{"not_picked":["Hemokinesis","Thunderclap","ReplayTheSpireMod:Corrosion Curse"],"picked":"ReplayTheSpireMod:Strike From Hell+1","floor":20},{"not_picked":["Fiend Fire","Warcry","Carnage"],"picked":"Dual Wield","floor":21},{"not_picked":["Life Link","Dual Wield","ReplayTheSpireMod:Strike From Hell"],"picked":"ReplayReversal","floor":22},{"not_picked":["Wild Strike","Havoc","Twin Strike+1"],"picked":"Cleave","floor":25},{"not_picked":["Clothesline+1","Blood for Blood","Flex+1"],"picked":"Shrug It Off+1","floor":29},{"not_picked":["Havoc","Battle Trance","Burning Pact"],"picked":"Evolve+1","floor":30}],"player_experience":2443073,"relics_obtained":[{"floor":9,"key":"Garlic"},{"floor":26,"key":"ReplayTheSpireMod:Lightbulb"},{"floor":29,"key":"Red Mask"},{"floor":31,"key":"Snack Pack"}],"event_choices":[{"damage_healed":0,"gold_gain":0,"player_choice":"Paid Gold","damage_taken":0,"relics_obtained":["Iron Hammer"],"max_hp_gain":0,"max_hp_loss":0,"event_name":"WeMeetAgain","floor":13,"gold_loss":50},{"damage_healed":0,"gold_gain":0,"player_choice":"Fought Bandits","damage_taken":0,"max_hp_gain":0,"max_hp_loss":0,"event_name":"Masked Bandits","floor":29,"gold_loss":0}],"is_beta":false,"boss_relics":[{"not_picked":["Velvet Choker","Empty Cage"],"picked":"Honey Jar"}],"items_purged_floors":[],"is_endless":false,"potions_floor_spawned":[3,5,12,14,16,18,20,22,30],"killed_by":"Collector","ascension_level":0}}