{"host":"f2zkc2gsfwbibc34","time":1614086150,"event":{"mods":["AchievementEnabler","BaseMod","Better Note","Colored Map","Colored Powertips","Defuse TimeMaze Blight","Minty Spire (QoL Compilation)","Permanent Neow","StSLib","SuperFastMode","The Servant 0.9.4"],"gold_per_floor":[412,430,450,467,2038,2038,1400,1400,1400,1435,1454,1503,1503,1520,1520,1619,1619,1631,1631,1546,1112,1112,1147,1147,1147,1174,1174,0,0,20,54,54,157,157,172,172,172,191,191,191,94,144,144,144,144,144,176,176,176,176],"floor_reached":51,"language":"ENG","playtime":1713,"items_purged":["Strike_P","Strike_P","Strike_P"],"score":813,"play_id":"17a75a6e-1ead-4b7b-afa4-2bc52a56af65","local_time":"20210223141550","is_ascension_mode":true,"campfire_choices":[{"data":"SandsOfTime","floor":6.0,"key":"SMITH"},{"data":"LikeWater","floor":8.0,"key":"SMITH"},{"data":"SpiritShield","floor":13.0,"key":"SMITH"},{"data":"PathToVictory","floor":15.0,"key":"SMITH"},{"data":"Establishment","floor":25.0,"key":"SMITH"},{"data":"PathToVictory","floor":27.0,"key":"SMITH"},{"data":"DevaForm","floor":29.0,"key":"SMITH"},{"data":"PathToVictory","floor":32.0,"key":"SMITH"},{"data":"LessonLearned","floor":40,"key":"SMITH"},{"data":"LikeWater","floor":46,"key":"SMITH"},{"data":"Protect","floor":49,"key":"SMITH"}],"circlet_count":0,"master_deck":["Defend_P","Defend_P","Defend_P","Eruption+1","Vigilance","SandsOfTime+1","Protect+1","FlyingSleeves+1","LikeWater+1","Brilliance","Master of Strategy","FearNoEvil","PathToVictory+1","ReachHeaven+1","FollowUp+1","SpiritShield+1","DevaForm+1","PathToVictory+1","Establishment+1","PathToVictory+1","LessonLearned+1","PathToVictory+1","Madness","Madness","LikeWater+1"],"relics":["PureWater","Old Coin","Calipers","TheAbacus","Matryoshka","Boot","Meat on the Bone","Orrery","Anchor","InkBottle","Pear","Juzu Bracelet","Centennial Puzzle","Coffee Dripper","Eternal Feather","Membership Card","Toy Ornithopter","Question Card","Lantern","Prayer Wheel","Whetstone","Happy Flower","Busted Crown","Torii","Kunai","The Courier","Thread and Needle"],"acts_visited":["Exordium","TheCity","TheBeyond"],"potions_floor_usage":[38,47,50,50],"damage_taken":[{"damage":0.0,"enemies":"Cultist","floor":1.0,"turns":2.0},{"damage":0.0,"enemies":"2 Louse","floor":2.0,"turns":1.0},{"damage":7.0,"enemies":"Jaw Worm","floor":3.0,"turns":5.0},{"damage":4.0,"enemies":"Blue Slaver","floor":4.0,"turns":5.0},{"damage":18.0,"enemies":"Gremlin Nob","floor":10.0,"turns":5.0},{"damage":2.0,"enemies":"Exordium Thugs","floor":11.0,"turns":4.0},{"damage":3.0,"enemies":"Gremlin Gang","floor":14.0,"turns":4.0},{"damage":9.0,"enemies":"Hexaghost","floor":16.0,"turns":8.0},{"damage":0.0,"enemies":"Chosen","floor":18.0,"turns":5.0},{"damage":14.0,"enemies":"Slavers","floor":23.0,"turns":7.0},{"damage":3.0,"enemies":"Shell Parasite","floor":30.0,"turns":3.0},{"damage":22.0,"enemies":"Gremlin Leader","floor":31.0,"turns":5.0},{"damage":31.0,"enemies":"Champ","floor":33.0,"turns":9.0},{"damage":0,"enemies":"3 Shapes","floor":35,"turns":5},{"damage":8,"enemies":"Orb Walker","floor":38,"turns":3},{"damage":0,"enemies":"Mind Bloom Boss Battle","floor":42,"turns":4},{"damage":47,"enemies":"Reptomancer","floor":47,"turns":6},{"damage":35,"enemies":"Awakened One","floor":50,"turns":13}],"seed_played":"-5248775242774112603","potions_obtained":[{"floor":2.0,"key":"SkillPotion"},{"floor":11.0,"key":"Ancient Potion"},{"floor":14.0,"key":"FearPotion"},{"floor":16.0,"key":"Ancient Potion"},{"floor":18.0,"key":"GamblersBrew"},{"floor":31.0,"key":"AttackPotion"},{"floor":42,"key":"LiquidBronze"},{"floor":47,"key":"Regen Potion"}],"is_trial":false,"path_per_floor":["M","M","M","M","$","R","$","R","T","E","M","T","R","M","R","B",null,"M","?","?","$","?","E","?","R","T","R","?","R","M","E","R","B",null,"M","?","?","M","?","R","$","?","T","T","?","R","E","?","R","B",null],"character_chosen":"WATCHER","items_purchased":["Calipers","LikeWater","Brilliance","TheAbacus","Matryoshka","Master of Strategy","Boot","FearNoEvil","Meat on the Bone","Orrery","Membership Card","PathToVictory","Toy Ornithopter","Question Card","LikeWater"],"campfire_rested":0,"item_purchase_floors":[5,5,5,5,5,5,7,7,7,7,21,21,21,21,41],"current_hp_per_floor":[51,51,44,40,40,40,40,40,40,44,42,42,42,51,51,42,82,82,82,82,82,82,68,68,80,80,82,82,82,79,57,69,50,82,82,82,82,79,69,82,82,82,82,82,82,82,47,47,62,50],"gold":176,"neow_bonus":"ONE_RARE_RELIC","is_daily":false,"chose_seed":false,"campfire_upgraded":11,"win_rate":0.0,"timestamp":1614086150,"path_taken":["M","M","M","M","$","R","$","R","T","E","M","?","R","M","R","BOSS","M","?","?","$","?","E","?","R","T","R","?","R","M","E","R","BOSS","M","?","?","M","?","R","$","?","T","?","?","R","E","?","R","BOSS"],"items_purchased_type":["Relic","Card","Card","Relic","Relic","Card","Relic","Card","Relic","Relic","Relic","Card","Relic","Relic","Card"],"build_version":"2020-12-22","purchased_purges":3,"victory":true,"max_hp_per_floor":[72,72,72,72,72,72,72,72,72,82,82,82,82,82,82,82,82,82,82,82,82,82,82,82,82,82,82,82,82,82,82,82,82,82,82,82,82,82,82,82,82,82,82,82,82,82,82,82,82,82],"card_choices":[{"not_picked":["Protect","FlurryOfBlows"],"picked":"SandsOfTime","floor":1.0},{"not_picked":["Sanctity","TalkToTheHand","FollowUp"],"picked":"SKIP","floor":2.0},{"not_picked":["Crescendo","Nirvana"],"picked":"Protect","floor":3.0},{"not_picked":["DeceiveReality","FlurryOfBlows"],"picked":"FlyingSleeves","floor":4.0},{"not_picked":["Swivel","Consecrate"],"picked":"PathToVictory","floor":7.0},{"not_picked":["Halt","FlyingSleeves"],"picked":"ReachHeaven","floor":7.0},{"not_picked":["Indignation","EmptyMind"],"picked":"FollowUp","floor":7.0},{"not_picked":["Prostrate","ForeignInfluence"],"picked":"SpiritShield","floor":10.0},{"not_picked":["EmptyBody","Halt","FlurryOfBlows"],"picked":"SKIP","floor":11.0},{"not_picked":["BowlingBash","Halt","Pray"],"picked":"SKIP","floor":14.0},{"not_picked":["Brilliance","Scrawl"],"picked":"DevaForm","floor":16.0},{"not_picked":["Conclude","Sanctity","Halt"],"picked":"SKIP","floor":18.0},{"not_picked":["ThirdEye","Halt+1","ClearTheMind"],"picked":"Establishment","floor":23.0},{"not_picked":["JustLucky","Crescendo+1","FollowUp+1"],"picked":"CutThroughFate+1","floor":30.0},{"not_picked":["Nirvana","MentalFortress","SashWhip"],"picked":"PathToVictory","floor":30.0},{"not_picked":["EmptyBody","MentalFortress","Worship","CutThroughFate"],"picked":"SKIP","floor":31.0},{"not_picked":["ConjureBlade","Judgement","Establishment"],"picked":"LessonLearned","floor":33.0},{"not_picked":["FlyingSleeves","Vengeance"],"picked":"SKIP","floor":35},{"not_picked":["Adaptation","Nirvana"],"picked":"SKIP","floor":35},{"not_picked":["FlurryOfBlows+1"],"picked":"PathToVictory+1","floor":38},{"not_picked":["JustLucky","Nirvana+1"],"picked":"SKIP","floor":38},{"not_picked":["Adaptation","Nirvana"],"picked":"SKIP","floor":47}],"player_experience":124596,"relics_obtained":[{"floor":9.0,"key":"Anchor"},{"floor":9.0,"key":"InkBottle"},{"floor":10.0,"key":"Pear"},{"floor":12.0,"key":"Juzu Bracelet"},{"floor":12.0,"key":"Centennial Puzzle"},{"floor":23.0,"key":"Lantern"},{"floor":26.0,"key":"Whetstone"},{"floor":31.0,"key":"Happy Flower"},{"floor":42,"key":"Torii"},{"floor":43,"key":"Kunai"},{"floor":44,"key":"The Courier"},{"floor":47,"key":"Thread and Needle"}],"event_choices":[{"cards_removed":["DevaForm"],"damage_healed":0.0,"max_hp_gain":0.0,"max_hp_loss":0.0,"gold_gain":0.0,"event_name":"betterNote:BetterNote","player_choice":"Give","floor":19.0,"gold_loss":0.0,"damage_taken":0.0,"cards_obtained":["Sadistic Nature"]},{"damage_healed":0.0,"max_hp_gain":0.0,"max_hp_loss":0.0,"gold_gain":0.0,"event_name":"Addict","player_choice":"Obtained Relic","floor":20.0,"gold_loss":85.0,"damage_taken":0.0,"relics_obtained":["Eternal Feather"]},{"cards_removed":["Strike_P"],"damage_healed":0.0,"max_hp_gain":0.0,"max_hp_loss":0.0,"gold_gain":0.0,"event_name":"Wheel of Change","player_choice":"Card Removal","floor":22.0,"gold_loss":0.0,"damage_taken":0.0},{"damage_healed":0.0,"max_hp_gain":0.0,"max_hp_loss":0.0,"gold_gain":0.0,"event_name":"The Mausoleum","player_choice":"Opened","floor":24.0,"gold_loss":0.0,"damage_taken":0.0,"relics_obtained":["Prayer Wheel"]},{"damage_healed":0.0,"max_hp_gain":0.0,"max_hp_loss":0.0,"gold_gain":0.0,"event_name":"Masked Bandits","player_choice":"Paid Fearfully","floor":28.0,"gold_loss":1174.0,"damage_taken":0.0},{"damage_healed":0,"gold_gain":0,"player_choice":"Ignored","damage_taken":0,"max_hp_gain":0,"max_hp_loss":0,"event_name":"Tomb of Lord Red Mask","floor":36,"gold_loss":0},{"damage_healed":0,"gold_gain":0,"player_choice":"Memory 1","damage_taken":0,"max_hp_gain":0,"max_hp_loss":0,"event_name":"SensoryStone","floor":37,"gold_loss":0},{"damage_healed":0,"gold_gain":0,"player_choice":"Embrace Madness","damage_taken":10,"max_hp_gain":0,"max_hp_loss":0,"event_name":"Winding Halls","floor":39,"gold_loss":0,"cards_obtained":["Madness","Madness"]},{"damage_healed":0,"gold_gain":0,"player_choice":"Fight","damage_taken":0,"max_hp_gain":0,"max_hp_loss":0,"event_name":"MindBloom","floor":42,"gold_loss":0},{"cards_removed":["Defend_P"],"damage_healed":0,"gold_gain":0,"player_choice":"Offered Basic","damage_taken":0,"max_hp_gain":0,"max_hp_loss":0,"event_name":"Bonfire Elementals","floor":45,"gold_loss":0},{"cards_removed":["CutThroughFate"],"damage_healed":0,"gold_gain":0,"player_choice":"Removed Attack","damage_taken":0,"max_hp_gain":0,"max_hp_loss":0,"event_name":"Falling","floor":48,"gold_loss":0}],"is_beta":false,"boss_relics":[{"not_picked":["Ectoplasm","Runic Pyramid"],"picked":"Coffee Dripper"},{"not_picked":["Cursed Key","Astrolabe"],"picked":"Busted Crown"}],"items_purged_floors":[5,21,41],"is_endless":false,"potions_floor_spawned":[2,11,14,16,18,31,42,47],"ascension_level":1}}