{"host":"ul3z8ex5o8l5j7mh","time":1614113437,"event":{"mods":["2.2 Compatiblity","AchievementEnabler","BaseMod","Bestiary","Colored Map","Colored Powertips","Curses Come First","DeckTracker","Highlight Path","Keyboard Shortcuts","Minty Spire (QoL Compilation)","Relic Sorter","Relic Stats","StSLib","SuperFastMode"],"gold_per_floor":[118,193,208,208,218,218,218,251,320,355,355,355,355],"floor_reached":12,"language":"ENG","playtime":411,"items_purged":[],"score":99,"play_id":"ecf45e7f-7a8c-473b-b957-8da803119369","local_time":"20210223215037","is_ascension_mode":true,"campfire_choices":[{"data":"Poisoned Stab","floor":6,"key":"SMITH"},{"floor":11,"key":"REST"}],"circlet_count":0,"master_deck":["Strike_G","Strike_G","Strike_G","Strike_G","Strike_G","Defend_G","Defend_G","Defend_G","Survivor","Neutralize","Dagger Throw+1","Tactician","Poisoned Stab+1","Injury","Distraction","Endless Agony"],"relics":["Empty Cage","Golden Idol","Bag of Preparation","Matryoshka","Boot"],"acts_visited":["Exordium"],"potions_floor_usage":[8,8,10],"damage_taken":[{"damage":4,"enemies":"Jaw Worm","floor":1,"turns":3},{"damage":6,"enemies":"2 Louse","floor":3,"turns":3},{"damage":0,"enemies":"Small Slimes","floor":5,"turns":3},{"damage":24,"enemies":"Lagavulin","floor":8,"turns":5},{"damage":22,"enemies":"Gremlin Nob","floor":10,"turns":4},{"damage":30,"enemies":"Lagavulin","floor":12,"turns":3}],"seed_played":"9094149554007994445","potions_obtained":[{"floor":3,"key":"SkillPotion"},{"floor":5,"key":"Poison Potion"},{"floor":8,"key":"Swift Potion"}],"is_trial":false,"path_per_floor":["M","?","M","?","M","R","?","E","T","E","R","E"],"character_chosen":"THE_SILENT","items_purchased":[],"campfire_rested":1,"item_purchase_floors":[],"current_hp_per_floor":[66,55,49,49,49,49,49,25,25,3,24,0,0],"gold":355,"neow_bonus":"BOSS_RELIC","is_daily":false,"chose_seed":false,"campfire_upgraded":1,"win_rate":0.0,"timestamp":1614113437,"path_taken":["M","?","M","?","M","R","?","E","T","E","R","E"],"items_purchased_type":[],"build_version":"2020-12-22","purchased_purges":0,"victory":false,"max_hp_per_floor":[70,70,70,70,70,70,70,70,70,70,70,70,70],"relic_stats":{"counters":[6,21],"Golden Idol":14,"Bag of Preparation":[4],"Boot":[2],"obtain_stats":[{"Matryoshka":9,"Golden Idol":7,"Bag of Preparation":8,"Empty Cage":0,"Boot":10,"Ring of the Snake":0},{"Matryoshka":4,"Golden Idol":3,"Bag of Preparation":4,"Empty Cage":0,"Boot":5,"Ring of the Snake":0},{"Matryoshka":14,"Golden Idol":9,"Bag of Preparation":14,"Empty Cage":0,"Boot":18,"Ring of the Snake":0}]},"card_choices":[{"not_picked":["PiercingWail","Backstab"],"picked":"Dagger Throw","floor":1},{"not_picked":["Acrobatics","Crippling Poison"],"picked":"Tactician","floor":3},{"not_picked":["Finisher","Dodge and Roll"],"picked":"Poisoned Stab","floor":5},{"not_picked":["Skewer","Prepared"],"picked":"Distraction","floor":8},{"not_picked":["Footwork","Die Die Die"],"picked":"Endless Agony","floor":10}],"player_experience":433834,"relics_obtained":[{"floor":8,"key":"Bag of Preparation"},{"floor":9,"key":"Matryoshka"},{"floor":10,"key":"Boot"}],"event_choices":[{"damage_healed":0,"gold_gain":75,"player_choice":"Gather Gold","damage_taken":11,"max_hp_gain":0,"max_hp_loss":0,"event_name":"World of Goop","floor":2,"gold_loss":0},{"damage_healed":0,"gold_gain":0,"player_choice":"Grow","damage_taken":0,"max_hp_gain":0,"max_hp_loss":0,"event_name":"Living Wall","floor":4,"gold_loss":0,"cards_upgraded":["Dagger Throw"]},{"damage_healed":0,"gold_gain":0,"player_choice":"Take Wound","damage_taken":0,"relics_obtained":["Golden Idol"],"max_hp_gain":0,"max_hp_loss":0,"event_name":"Golden Idol","floor":7,"gold_loss":0,"cards_obtained":["Injury"]}],"is_beta":false,"boss_relics":[],"items_purged_floors":[],"is_endless":false,"potions_floor_spawned":[3,5,8],"killed_by":"Lagavulin","ascension_level":3}}