{"host":"3c8ytfy490czj03c","time":1614078728,"event":{"mods":["BaseMod","Colored Powertips","Downfall","Minty Spire (QoL Compilation)","StSLib"],"gold_per_floor":[99,114,129,129,144,174,174,274,274,274,274,9,39,39,58,183,183,183,202,221,306,306,325,325,325,181,219,219,69,69,88,107,107,107,107],"floor_reached":33,"language":"ENG","playtime":23554,"items_purged":["champ:Strike"],"score":298,"play_id":"47fcdbae-2c2d-4972-b32b-5ff983769a79","local_time":"20210223031208","daily_mods":["Heirloom","Red Cards","Elite Swarm"],"is_ascension_mode":false,"campfire_choices":[{"data":"champ:Taunt","floor":1,"key":"SMITH"},{"floor":11,"key":"REST"},{"data":"champ:UltimateStance","floor":18,"key":"SMITH"},{"data":"Warcry","floor":28,"key":"SMITH"},{"data":"Disarm","floor":30,"key":"SMITH"}],"circlet_count":0,"master_deck":["champ:Strike","champ:Strike","champ:Defend","champ:Defend","champ:Defend","champ:Defend","champ:Execute","champ:Taunt+1","champ:SwordSigil","champ:PreciseThrust","Disarm+1","champ:CalledShot","champ:HoldFirm","champ:PreciseThrust","champ:UltimateStance+1","champ:ShieldThrow","champ:StanceDance+1","Intimidate+1","champ:FlashCut+1","Warcry+1","Iron Wave+1","Warcry"],"relics":["champ:ChampionCrown","Incense Burner","Omamori","Orichalcum","CloakClasp","HornCleat","Singing Bowl","Pear","Golden Idol","expansioncontent:StudyCardRelic","Torii"],"acts_visited":["Exordium","TheCity"],"potions_floor_usage":[8,8,27,33,33],"damage_taken":[{"damage":20,"enemies":"Jaw Worm","floor":2,"turns":3},{"damage":26,"enemies":"Cultist","floor":3,"turns":4},{"damage":25,"enemies":"2 Louse","floor":5,"turns":2},{"damage":36,"enemies":"Gremlin Nob","floor":6,"turns":6},{"damage":55,"enemies":"Gremlin Nob","floor":8,"turns":13},{"damage":15,"enemies":"downfall:FleeingMerchant","floor":12,"turns":4},{"damage":24,"enemies":"3 Sentries","floor":13,"turns":10},{"damage":0,"enemies":"Looter","floor":15,"turns":2},{"damage":62,"enemies":"IC_STATUS_ARCHETYPE","floor":16,"turns":11},{"damage":21,"enemies":"Chosen","floor":19,"turns":3},{"damage":3,"enemies":"Shell Parasite","floor":20,"turns":3},{"damage":0,"enemies":"Centurion and Healer","floor":23,"turns":4},{"damage":10,"enemies":"downfall:FleeingMerchant","floor":26,"turns":4},{"damage":42,"enemies":"Gremlin Leader","floor":27,"turns":6},{"damage":0,"enemies":"Shelled Parasite and Fungi","floor":31,"turns":3},{"damage":0,"enemies":"Snake Plant","floor":32,"turns":3},{"damage":164,"enemies":"SI_MIRROR_ARCHETYPE","floor":33,"turns":20}],"seed_played":"-7386017133472573341","potions_obtained":[{"floor":2,"key":"EssenceOfSteel"},{"floor":3,"key":"FairyPotion"},{"floor":6,"key":"GamblersBrew"},{"floor":23,"key":"hexamod:SoulburnPotion"},{"floor":25,"key":"CultistPotion"},{"floor":31,"key":"Strength Potion"}],"is_trial":false,"path_per_floor":["R","M","M","?","M","E","T","?","?","?","R","$","E","?","M","B",null,"R","M","M","?","?","M","T","?","$","E","R","?","R","M","M","B"],"character_chosen":"THE_CHAMP","items_purchased":["Singing Bowl","Warcry"],"campfire_rested":1,"item_purchase_floors":[12,26],"current_hp_per_floor":[90,90,89,89,89,63,63,58,55,55,82,82,90,90,92,80,104,104,104,106,88,88,88,88,88,88,83,83,118,118,118,118,0,0,0],"gold":107,"neow_bonus":"","is_daily":true,"chose_seed":false,"campfire_upgraded":4,"win_rate":0.0,"timestamp":1614078728,"path_taken":["R","M","M","?","?","E","T","?","?","?","R","?","E","?","M","BOSS","R","M","M","?","?","?","T","?","$","E","R","?","R","?","M","BOSS"],"items_purchased_type":["Relic","Card"],"build_version":"2020-12-22","purchased_purges":1,"victory":false,"max_hp_per_floor":[90,90,90,90,90,90,90,90,90,90,90,90,102,102,104,104,104,104,104,106,106,106,106,106,106,106,108,108,118,118,118,118,118,118,118],"card_choices":[{"not_picked":["Headbutt","champ:DefensiveShout"],"picked":"champ:SwordSigil","floor":2},{"not_picked":["champ:ViciousMockery","champ:GladiatorStyle"],"picked":"champ:PreciseThrust","floor":3},{"not_picked":["True Grit","Whirlwind"],"picked":"champ:CalledShot","floor":5},{"not_picked":["Fiend Fire","Exhume"],"picked":"champ:HoldFirm","floor":6},{"not_picked":["champ:EnGarde","Searing Blow"],"picked":"champ:PreciseThrust","floor":8},{"not_picked":["champ:FanOfKnives","Flame Barrier"],"picked":"champ:UltimateStance","floor":12},{"not_picked":["Corruption","champ:IgnorePain","Juggernaut"],"picked":"Singing Bowl","floor":13},{"not_picked":["champ:EndlessRage","champ:CrownThrow","Havoc"],"picked":"Singing Bowl","floor":15},{"not_picked":["champ:IgnorePain","Double Tap"],"picked":"champ:ShieldThrow","floor":16},{"not_picked":["Disarm","champ:BringItOn"],"picked":"champ:StanceDance+1","floor":19},{"not_picked":["Combust","champ:Circumvent","Reckless Charge"],"picked":"Singing Bowl","floor":20},{"not_picked":["Bloodletting+1","champ:BringItOn"],"picked":"Intimidate+1","floor":23},{"not_picked":["champ:FaceSlap","champ:PerfectedStrike"],"picked":"champ:FlashCut+1","floor":26},{"not_picked":["Impervious","Immolate","Reaper"],"picked":"Singing Bowl","floor":27},{"not_picked":["Seeing Red","Searing Blow"],"picked":"Iron Wave+1","floor":31},{"not_picked":["Wild Strike","Armaments"],"picked":"Warcry","floor":32}],"player_experience":217263,"relics_obtained":[{"floor":6,"key":"Omamori"},{"floor":7,"key":"Orichalcum"},{"floor":8,"key":"CloakClasp"},{"floor":13,"key":"Pear"},{"floor":27,"key":"Torii"}],"event_choices":[{"damage_healed":0,"gold_gain":0,"cards_transformed":["champ:Strike"],"player_choice":"Transformed","damage_taken":0,"max_hp_gain":0,"max_hp_loss":0,"event_name":"Transmorgrifier","floor":4,"gold_loss":0,"cards_obtained":["Disarm"]},{"damage_healed":0,"gold_gain":0,"player_choice":"Success","damage_taken":3,"relics_obtained":["HornCleat"],"max_hp_gain":0,"max_hp_loss":0,"event_name":"Scrap Ooze","floor":9,"gold_loss":0},{"damage_healed":0,"gold_gain":0,"player_choice":"Take Wound","damage_taken":0,"relics_obtained":["Golden Idol"],"max_hp_gain":0,"max_hp_loss":0,"event_name":"Golden Idol","floor":14,"gold_loss":0,"cards_obtained":["Injury"]}],"is_beta":false,"boss_relics":[{"not_picked":["Velvet Choker","bronze:MakeshiftBattery"],"picked":"expansioncontent:StudyCardRelic"}],"items_purged_floors":[26],"is_endless":false,"potions_floor_spawned":[2,3,6,23,31,32],"killed_by":"SI_MIRROR_ARCHETYPE","ascension_level":0}}