{"host":"y080dcqw8fj32q7d","time":1614098032,"event":{"mods":["AchievementEnabler","BaseMod","Colored Map","Colored Powertips","DeckTracker","Minty Spire (QoL Compilation)","Relic Sorter"],"gold_per_floor":[113,133,8,20,38,38,51,83,109,165,165,191,203,378,378,478,478,494,494,511,28,28,28,28,42,68,68,84,99,112,131,131,236,236,251,151,165,180,180,180,30,47,119,136,136,150,150,183,183,183,183],"floor_reached":50,"language":"ENG","playtime":3098,"items_purged":["Defend_R","Strike_R"],"score":512,"play_id":"dbdbd99e-8ce2-4c33-8293-a5071fe84e0b","local_time":"20210223193352","is_ascension_mode":true,"campfire_choices":[{"floor":6.0,"key":"RECALL"},{"floor":11.0,"key":"REST"},{"floor":15.0,"key":"REST"},{"floor":23.0,"key":"REST"},{"data":"Flame Barrier","floor":32.0,"key":"SMITH"},{"floor":40.0,"key":"REST"},{"floor":47.0,"key":"REST"},{"floor":49.0,"key":"REST"}],"circlet_count":0,"master_deck":["Strike_R","Defend_R+1","Bash","Armaments","Flame Barrier","Pommel Strike","Cleave","Shrug It Off","Body Slam","Doubt","Double Tap+1","Writhe","Rampage+1","Apotheosis+1","Rampage+1","Body Slam","Metallicize+1","Immolate","Pummel+1","Feed+1","Berserk+1","Fire Breathing","Bludgeon","Limit Break"],"relics":["Burning Blood","Red Skull","Akabeko","Vajra","Velvet Choker","War Paint","Du-Vu Doll","MutagenicStrength","Oddly Smooth Stone","Astrolabe","Lantern","HornCleat","Happy Flower"],"acts_visited":["Exordium","TheCity","TheBeyond"],"potions_floor_usage":[50,50],"damage_taken":[{"damage":2.0,"enemies":"2 Louse","floor":1.0,"turns":3.0},{"damage":0.0,"enemies":"Small Slimes","floor":2.0,"turns":5.0},{"damage":0.0,"enemies":"Cultist","floor":4.0,"turns":5.0},{"damage":5.0,"enemies":"Red Slaver","floor":5.0,"turns":5.0},{"damage":12.0,"enemies":"Gremlin Gang","floor":7.0,"turns":5.0},{"damage":35.0,"enemies":"Lagavulin","floor":8.0,"turns":11.0},{"damage":24.0,"enemies":"Lagavulin Event","floor":10.0,"turns":8.0},{"damage":16.0,"enemies":"Gremlin Nob","floor":12.0,"turns":4.0},{"damage":0.0,"enemies":"Large Slime","floor":13.0,"turns":4.0},{"damage":15.0,"enemies":"Slime Boss","floor":16.0,"turns":10.0},{"damage":3.0,"enemies":"3 Byrds","floor":18.0,"turns":3.0},{"damage":25.0,"enemies":"Shell Parasite","floor":20.0,"turns":7.0},{"damage":1.0,"enemies":"Centurion and Healer","floor":25.0,"turns":4.0},{"damage":0.0,"enemies":"Snake Plant","floor":28.0,"turns":2.0},{"damage":6.0,"enemies":"Chosen and Byrds","floor":29.0,"turns":5.0},{"damage":0.0,"enemies":"Snecko","floor":30.0,"turns":3.0},{"damage":0.0,"enemies":"Snake Plant","floor":31.0,"turns":3.0},{"damage":28.0,"enemies":"Automaton","floor":33.0,"turns":9.0},{"damage":0.0,"enemies":"3 Shapes","floor":35.0,"turns":3.0},{"damage":18.0,"enemies":"3 Darklings","floor":37.0,"turns":3.0},{"damage":45.0,"enemies":"Writhing Mass","floor":38.0,"turns":7.0},{"damage":24.0,"enemies":"Maw","floor":42.0,"turns":6.0},{"damage":0.0,"enemies":"Jaw Worm Horde","floor":44.0,"turns":3.0},{"damage":0.0,"enemies":"3 Darklings","floor":46.0,"turns":4.0},{"damage":52.0,"enemies":"Giant Head","floor":48.0,"turns":8.0},{"damage":69,"enemies":"Donu and Deca","floor":50,"turns":5}],"seed_played":"3473775242931399084","potions_obtained":[{"floor":4.0,"key":"Dexterity Potion"},{"floor":5.0,"key":"Block Potion"},{"floor":12.0,"key":"GamblersBrew"},{"floor":13.0,"key":"ColorlessPotion"},{"floor":20.0,"key":"GamblersBrew"},{"floor":25.0,"key":"Block Potion"},{"floor":28.0,"key":"EssenceOfSteel"},{"floor":31.0,"key":"EntropicBrew"},{"floor":33.0,"key":"Explosive Potion"},{"floor":44.0,"key":"LiquidBronze"},{"floor":46.0,"key":"EssenceOfSteel"},{"floor":48.0,"key":"BloodPotion"}],"is_trial":false,"path_per_floor":["M","M","$","M","M","R","M","E","T","?","R","E","M","?","R","B",null,"M","?","M","$","?","R","?","M","T","$","M","M","M","M","R","B",null,"M","$","M","M","?","R","$","M","T","M","?","M","R","E","R","B"],"character_chosen":"IRONCLAD","items_purchased":["Pommel Strike","Du-Vu Doll","Apotheosis","Lantern"],"campfire_rested":6,"item_purchase_floors":[3,21,21,41],"current_hp_per_floor":[72,72,72,72,72,72,66,37,37,19,40,30,36,36,57,48,72,72,72,53,53,53,72,72,72,72,72,72,72,72,72,72,50,72,76,76,64,25,25,47,47,29,29,35,35,41,63,17,39,0,0],"gold":183,"neow_bonus":"REMOVE_TWO","is_daily":false,"chose_seed":false,"campfire_upgraded":1,"win_rate":0.0,"timestamp":1614098032,"path_taken":["M","M","$","M","M","R","M","E","T","?","R","E","M","?","R","BOSS","M","?","M","$","?","R","?","M","T","$","M","M","M","M","R","BOSS","M","?","?","?","?","R","$","M","T","M","?","M","R","E","R","BOSS"],"items_purchased_type":["Card","Relic","Card","Relic"],"build_version":"2020-12-22","purchased_purges":2,"victory":false,"max_hp_per_floor":[72,72,72,72,72,72,72,72,72,72,72,72,72,72,72,72,72,72,72,72,72,72,72,72,72,72,72,72,72,72,72,72,72,72,76,76,76,76,76,76,76,76,76,76,76,76,76,76,76,76,76],"card_choices":[{"not_picked":["Wild Strike","Body Slam"],"picked":"Armaments","floor":1.0},{"not_picked":["Body Slam","Sentinel"],"picked":"Flame Barrier","floor":2.0},{"not_picked":["Burning Pact","Infernal Blade"],"picked":"Cleave","floor":4.0},{"not_picked":["Anger","Hemokinesis","Dark Embrace"],"picked":"SKIP","floor":5.0},{"not_picked":["Armaments","Anger"],"picked":"Shrug It Off","floor":7.0},{"not_picked":["Rupture","Limit Break","Blood for Blood"],"picked":"SKIP","floor":8.0},{"not_picked":["Clash","Clothesline"],"picked":"Flame Barrier","floor":12.0},{"not_picked":["Uppercut","Reckless Charge"],"picked":"Body Slam","floor":13.0},{"not_picked":["Impervious","Reaper"],"picked":"Double Tap","floor":16.0},{"not_picked":["Rupture+1","Searing Blow","Evolve"],"picked":"SKIP","floor":18.0},{"not_picked":["Armaments","Warcry+1"],"picked":"Rampage+1","floor":20.0},{"not_picked":["Sentinel","Feel No Pain","Thunderclap"],"picked":"SKIP","floor":25.0},{"not_picked":["Shrug It Off","Heavy Blade+1"],"picked":"Rampage+1","floor":28.0},{"not_picked":["Blood for Blood","Twin Strike"],"picked":"Body Slam","floor":29.0},{"not_picked":["Perfected Strike","Sword Boomerang+1","Wild Strike"],"picked":"SKIP","floor":30.0},{"not_picked":["Ghostly Armor","Power Through+1"],"picked":"Metallicize+1","floor":31.0},{"not_picked":["Berserk","Double Tap"],"picked":"Immolate","floor":33.0},{"not_picked":["Perfected Strike+1","Sever Soul+1"],"picked":"Fire Breathing","floor":35.0},{"not_picked":["Dark Embrace","Intimidate+1","Anger+1"],"picked":"SKIP","floor":37.0},{"not_picked":["Body Slam","Armaments+1","Anger+1"],"picked":"SKIP","floor":38.0},{"not_picked":["Headbutt","Dropkick","Havoc+1"],"picked":"SKIP","floor":42.0},{"not_picked":["Combust","Heavy Blade"],"picked":"Bludgeon","floor":44.0},{"not_picked":["Wild Strike","Thunderclap+1","Uppercut+1"],"picked":"SKIP","floor":46.0},{"not_picked":["Wild Strike","Sword Boomerang"],"picked":"Limit Break","floor":48.0}],"player_experience":368907,"relics_obtained":[{"floor":8.0,"key":"Red Skull"},{"floor":10.0,"key":"Akabeko"},{"floor":12.0,"key":"Vajra"},{"floor":26.0,"key":"Oddly Smooth Stone"},{"floor":43.0,"key":"HornCleat"},{"floor":48.0,"key":"Happy Flower"}],"event_choices":[{"damage_healed":0.0,"max_hp_gain":0.0,"max_hp_loss":0.0,"gold_gain":0.0,"event_name":"Dead Adventurer","player_choice":"Searched \u00272\u0027 times","floor":10.0,"gold_loss":0.0,"damage_taken":0.0},{"damage_healed":0.0,"max_hp_gain":0.0,"max_hp_loss":0.0,"gold_gain":175.0,"event_name":"Liars Game","player_choice":"AGREE","floor":14.0,"gold_loss":0.0,"damage_taken":0.0,"cards_obtained":["Doubt"]},{"damage_healed":0.0,"max_hp_gain":0.0,"max_hp_loss":0.0,"gold_gain":0.0,"event_name":"The Mausoleum","player_choice":"Opened","floor":19.0,"gold_loss":0.0,"damage_taken":0.0,"relics_obtained":["War Paint"],"cards_obtained":["Writhe"]},{"damage_healed":0.0,"max_hp_gain":0.0,"max_hp_loss":0.0,"gold_gain":0.0,"event_name":"Drug Dealer","player_choice":"Inject Mutagens","floor":22.0,"gold_loss":0.0,"damage_taken":0.0,"relics_obtained":["MutagenicStrength"]},{"damage_healed":0.0,"max_hp_gain":0.0,"max_hp_loss":0.0,"gold_gain":0.0,"event_name":"Upgrade Shrine","player_choice":"Upgraded","floor":24.0,"gold_loss":0.0,"damage_taken":0.0,"cards_upgraded":["Apotheosis"]},{"damage_healed":0.0,"max_hp_gain":0.0,"max_hp_loss":0.0,"gold_gain":0.0,"event_name":"Tomb of Lord Red Mask","player_choice":"Ignored","floor":39.0,"gold_loss":0.0,"damage_taken":0.0},{"cards_removed":["Flame Barrier"],"damage_healed":0.0,"max_hp_gain":0.0,"max_hp_loss":0.0,"gold_gain":0.0,"event_name":"Falling","player_choice":"Removed Skill","floor":45.0,"gold_loss":0.0,"damage_taken":0.0}],"is_beta":false,"boss_relics":[{"not_picked":["Philosopher\u0027s Stone","Tiny House"],"picked":"Velvet Choker"},{"not_picked":["Runic Dome","SlaversCollar"],"picked":"Astrolabe"}],"items_purged_floors":[3,36],"is_endless":false,"potions_floor_spawned":[4,5,12,13,20,25,28,31,33,44,46,48],"killed_by":"Donu and Deca","ascension_level":1}}