{"host":"vbnedsupt3437a3r","time":1614124692,"event":{"mods":["BaseMod","Minty Spire (QoL Compilation)"],"gold_per_floor":[110,110,122,134,96,108,137,224,312,343,355,401,464,495,507,623,635,629,30,40,60,76,76,76],"floor_reached":23,"language":"ENG","playtime":2132,"items_purged":["Strike_R"],"score":201,"play_id":"bd14de55-69a2-45ce-8496-8726d2efbffe","local_time":"20210223155812","is_ascension_mode":true,"campfire_choices":[{"data":"Body Slam","floor":6.0,"key":"SMITH"},{"data":"Cleave","floor":11.0,"key":"SMITH"},{"data":"Defend_R","floor":15.0,"key":"SMITH"}],"circlet_count":0,"master_deck":["Strike_R","Strike_R","Strike_R","Defend_R","Defend_R","Defend_R","Defend_R+1","Bash","Body Slam+1","Cleave+1","Demon Form","Barricade","Metallicize","Madness"],"relics":["Burning Blood","MawBank","White Beast Statue","Sundial","Pantograph","Runic Cube","Darkstone Periapt","Omamori"],"acts_visited":["Exordium","TheCity"],"potions_floor_usage":[23],"damage_taken":[{"damage":7.0,"enemies":"Small Slimes","floor":1.0,"turns":5.0},{"damage":2.0,"enemies":"Jaw Worm","floor":7.0,"turns":3.0},{"damage":8.0,"enemies":"2 Louse","floor":10.0,"turns":2.0},{"damage":41.0,"enemies":"Gremlin Nob","floor":12.0,"turns":5.0},{"damage":7.0,"enemies":"Looter","floor":14.0,"turns":3.0},{"damage":35.0,"enemies":"Slime Boss","floor":16.0,"turns":8.0},{"damage":20.0,"enemies":"2 Thieves","floor":18.0,"turns":4.0},{"damage":30.0,"enemies":"Spheric Guardian","floor":20.0,"turns":7.0},{"damage":16.0,"enemies":"Snecko","floor":21.0,"turns":6.0},{"damage":27.0,"enemies":"Shelled Parasite and Fungi","floor":22.0,"turns":5.0},{"damage":53,"enemies":"Gremlin Leader","floor":23,"turns":5}],"seed_played":"4421104723359515851","potions_obtained":[{"floor":7.0,"key":"Weak Potion"},{"floor":10.0,"key":"Ancient Potion"},{"floor":12.0,"key":"Explosive Potion"},{"floor":14.0,"key":"ColorlessPotion"},{"floor":16.0,"key":"SteroidPotion"},{"floor":18.0,"key":"ColorlessPotion"},{"floor":20.0,"key":"Regen Potion"},{"floor":21.0,"key":"PowerPotion"},{"floor":22.0,"key":"BloodPotion"}],"is_trial":false,"path_per_floor":["M","?","T","$","?","R","M","?","T","M","R","E","?","M","R","B",null,"M","$","M","M","M","E"],"character_chosen":"IRONCLAD","items_purchased":["Madness","Darkstone Periapt","Omamori","ColorlessPotion"],"campfire_rested":0,"item_purchase_floors":[19,19,19,19],"current_hp_per_floor":[87,80,80,80,80,80,84,73,73,71,71,36,36,35,35,31,88,74,74,50,54,33,0,0],"gold":76,"neow_bonus":"TEN_PERCENT_HP_BONUS","is_daily":false,"chose_seed":false,"campfire_upgraded":3,"win_rate":0.0,"timestamp":1614124692,"path_taken":["M","?","?","$","?","R","M","?","T","M","R","E","?","M","R","BOSS","M","$","M","M","M","E"],"items_purchased_type":["Card","Relic","Relic","Potion"],"build_version":"2020-12-22","purchased_purges":1,"victory":false,"max_hp_per_floor":[88,88,88,88,88,88,88,88,88,88,88,88,88,88,88,88,88,88,88,88,88,88,88,88],"card_choices":[{"not_picked":["Twin Strike","Shrug It Off"],"picked":"Body Slam","floor":1.0},{"not_picked":["Anger","Iron Wave"],"picked":"Cleave","floor":7.0},{"not_picked":["Thunderclap","Sentinel","Clash"],"picked":"SKIP","floor":10.0},{"not_picked":["Evolve","Battle Trance"],"picked":"Demon Form","floor":12.0},{"not_picked":["Clothesline","Sword Boomerang","Perfected Strike"],"picked":"SKIP","floor":14.0},{"not_picked":["Juggernaut","Bludgeon"],"picked":"Barricade","floor":16.0},{"not_picked":["Bloodletting","Disarm"],"picked":"Metallicize","floor":18.0},{"not_picked":["Clothesline","Warcry","Twin Strike+1"],"picked":"SKIP","floor":20.0},{"not_picked":["Fire Breathing","Heavy Blade","Sword Boomerang"],"picked":"SKIP","floor":21.0},{"not_picked":["Spot Weakness","Perfected Strike","Cleave"],"picked":"SKIP","floor":22.0}],"player_experience":199253,"relics_obtained":[{"floor":3.0,"key":"White Beast Statue"},{"floor":9.0,"key":"Sundial"},{"floor":12.0,"key":"Pantograph"}],"event_choices":[{"damage_healed":0.0,"max_hp_gain":0.0,"max_hp_loss":0.0,"gold_gain":0.0,"event_name":"Scrap Ooze","player_choice":"Success","floor":2.0,"gold_loss":0.0,"damage_taken":7.0,"relics_obtained":["MawBank"]},{"cards_removed":["Strike_R"],"damage_healed":0.0,"max_hp_gain":0.0,"max_hp_loss":0.0,"gold_gain":0.0,"event_name":"The Cleric","player_choice":"Card Removal","floor":5.0,"gold_loss":50.0,"damage_taken":0.0},{"damage_healed":0.0,"max_hp_gain":0.0,"max_hp_loss":0.0,"gold_gain":75.0,"event_name":"World of Goop","player_choice":"Gather Gold","floor":8.0,"gold_loss":0.0,"damage_taken":11.0},{"damage_healed":0.0,"max_hp_gain":0.0,"max_hp_loss":0.0,"gold_gain":51.0,"event_name":"Golden Wing","player_choice":"Gained Gold","floor":13.0,"gold_loss":0.0,"damage_taken":0.0}],"is_beta":false,"boss_relics":[{"not_picked":["Pandora\u0027s Box","Ectoplasm"],"picked":"Runic Cube"}],"items_purged_floors":[19],"is_endless":false,"potions_floor_spawned":[7,10,12,14,16,18,20,21,22],"killed_by":"Gremlin Leader","ascension_level":1}}