{"host":"8is2j71l4wmybkoi","time":1614088485,"event":{"mods":["AchievementEnabler","BaseMod","Colored Map","DeckTracker","Minty Spire (QoL Compilation)","Rare Cards Sparkle","Relic Stats","StSLib","SuperFastMode"],"gold_per_floor":[117,130,145,157,157,157,177,177,177,177,228,228,247,265,265,265,265],"floor_reached":16,"language":"KOR","playtime":453,"items_purged":[],"score":161,"play_id":"0d51c7b1-8715-494d-a788-d9836a53e524","local_time":"20210223225445","is_ascension_mode":true,"campfire_choices":[{"floor":6,"key":"REST"},{"data":"Beam Cell","floor":8,"key":"SMITH"},{"floor":10,"key":"REST"},{"data":"Zap","floor":15,"key":"SMITH"}],"circlet_count":0,"master_deck":["AscendersBane","Strike_B","Strike_B","Strike_B","Strike_B+1","Defend_B","Defend_B","Defend_B","Defend_B","Zap+1","Dualcast","Streamline","Beam Cell+1","Melter","Go for the Eyes+1","Turbo","Fission","Genetic Algorithm"],"relics":["Cracked Core","Odd Mushroom","Letter Opener","Bag of Preparation","Tiny Chest"],"acts_visited":["Exordium"],"potions_floor_usage":[14,16],"damage_taken":[{"damage":6,"enemies":"Jaw Worm","floor":1,"turns":4},{"damage":0,"enemies":"Small Slimes","floor":2,"turns":2},{"damage":4,"enemies":"2 Louse","floor":3,"turns":3},{"damage":16,"enemies":"Blue Slaver","floor":4,"turns":4},{"damage":6,"enemies":"The Mushroom Lair","floor":7,"turns":4},{"damage":19,"enemies":"Gremlin Gang","floor":13,"turns":3},{"damage":7,"enemies":"Lots of Slimes","floor":14,"turns":3},{"damage":27,"enemies":"The Guardian","floor":16,"turns":9}],"seed_played":"-8450616187240624384","potions_obtained":[{"floor":4,"key":"GamblersBrew"},{"floor":7,"key":"GamblersBrew"},{"floor":13,"key":"EssenceOfSteel"}],"is_trial":false,"path_per_floor":["M","M","M","M","?","R","?","R","T","R","T","?","M","M","R","B"],"character_chosen":"DEFECT","items_purchased":[],"campfire_rested":2,"item_purchase_floors":[],"current_hp_per_floor":[54,54,50,34,8,33,27,27,27,52,52,52,33,26,26,0,0],"gold":265,"neow_bonus":"TWENTY_PERCENT_HP_BONUS","is_daily":false,"chose_seed":false,"campfire_upgraded":2,"win_rate":0.0,"timestamp":1614088485,"path_taken":["M","M","M","M","?","R","?","R","T","R","?","?","M","?","R","BOSS"],"items_purchased_type":[],"build_version":"2020-12-22","purchased_purges":0,"victory":false,"max_hp_per_floor":[85,85,85,85,85,85,85,85,85,85,85,85,85,85,85,85,85],"relic_stats":{"counters":[8,32],"Tiny Chest":0,"Bag of Preparation":[6],"Letter Opener":[62],"obtain_stats":[{"Tiny Chest":12,"Bag of Preparation":11,"Letter Opener":9,"Odd Mushroom":7,"Cracked Core":0},{"Tiny Chest":5,"Bag of Preparation":5,"Letter Opener":5,"Odd Mushroom":5,"Cracked Core":0},{"Tiny Chest":17,"Bag of Preparation":17,"Letter Opener":17,"Odd Mushroom":17,"Cracked Core":0}]},"card_choices":[{"not_picked":["Beam Cell","FTL"],"picked":"Streamline","floor":1},{"not_picked":["Leap","Coolheaded"],"picked":"Beam Cell","floor":2},{"not_picked":["Rebound","FTL"],"picked":"Melter","floor":3},{"not_picked":["Skim","Barrage"],"picked":"Go for the Eyes","floor":4},{"not_picked":["Steam","Gash"],"picked":"Turbo","floor":7},{"not_picked":["Gash","Chill"],"picked":"Fission","floor":13},{"not_picked":["Chill","Static Discharge"],"picked":"Genetic Algorithm","floor":14}],"player_experience":1328168,"relics_obtained":[{"floor":7,"key":"Odd Mushroom"},{"floor":9,"key":"Letter Opener"},{"floor":11,"key":"Bag of Preparation"}],"event_choices":[{"damage_healed":0,"gold_gain":0,"player_choice":"Entered Light","damage_taken":26,"max_hp_gain":0,"max_hp_loss":0,"event_name":"Shining Light","floor":5,"gold_loss":0,"cards_upgraded":["Strike_B","Go for the Eyes"]},{"damage_healed":0,"gold_gain":0,"player_choice":"Fought Mushrooms","damage_taken":0,"max_hp_gain":0,"max_hp_loss":0,"event_name":"Mushrooms","floor":7,"gold_loss":0},{"damage_healed":0,"gold_gain":0,"player_choice":"Searched \u00271\u0027 times","damage_taken":0,"relics_obtained":["Tiny Chest"],"max_hp_gain":0,"max_hp_loss":0,"event_name":"Dead Adventurer","floor":12,"gold_loss":0}],"is_beta":false,"boss_relics":[],"items_purged_floors":[],"is_endless":false,"potions_floor_spawned":[4,7,13],"killed_by":"The Guardian","ascension_level":15}}