{"host":"l15sdf2mmi0nobpi","time":1614079358,"event":{"mods":["BaseMod","Highlight Path","Minty Spire (QoL Compilation)","Quick Restart","StSLib","TestMod","¡¾¹¦ÄÜMod¡¿Neow½±Àø"],"gold_per_floor":[160,173,173,9,21,21,47,47,47,47,73,93,128,28,28,99,99,118,29,50,86,112,160,186,228,228,275,275,150,199,316,316,416,416,442,483,503,540,57,57,95,185,255,316,347,383,464,522,522,600,641,641,641,159,222,309],"floor_reached":57,"language":"ZHS","playtime":3463,"items_purged":["Strike_B","Strike_B","Strike_B","Strike_B+1"],"score":3684,"play_id":"452a4f64-f410-4904-858c-de63144add22","local_time":"20210223192238","is_ascension_mode":true,"campfire_choices":[{"data":"Defragment","floor":6.0,"key":"SMITH"},{"floor":8.0,"key":"REST"},{"floor":10.0,"key":"REST"},{"floor":15.0,"key":"REST"},{"data":"Heatsinks","floor":32,"key":"SMITH"},{"floor":40,"key":"RECALL"},{"data":"Defragment","floor":49,"key":"SMITH"},{"data":"Reboot","floor":53,"key":"SMITH"}],"circlet_count":0,"master_deck":["AscendersBane","Defend_B","Defend_B+1","Defend_B","Defend_B","Zap","Dualcast","Defragment+1","Turbo","Doom and Gloom+1","Creative AI","Coolheaded","Reboot+1","Coolheaded","Echo Form","Heatsinks+1","Defragment+1","Skim","Glacier+1","Hologram","Storm","Seek","Redo+1","Creative AI","Consume+1","Seek+1"],"relics":["testmod-TestBox","testmod-RandomTest","Tiny House","Mummified Hand","Ice Cream","testmod-D¨¦j¨¤vu","Bottled Tornado","testmod-DeterminationOfClimber","Sundial","Blood Vial","Whetstone","testmod-OneHitWonder","Letter Opener","testmod-RealStoneCalender","White Beast Statue","Nuclear Battery","testmod-RainbowHikingShoes","Runic Capacitor","testmod-Acrobat","Juzu Bracelet","Toxic Egg 2","Centennial Puzzle","Orichalcum","OrangePellets","Bag of Preparation","Oddly Smooth Stone"],"acts_visited":["Exordium","TheCity","TheBeyond","TheEnding"],"potions_floor_usage":[37],"damage_taken":[{"damage":13.0,"enemies":"Jaw Worm","floor":1.0,"turns":6.0},{"damage":9.0,"enemies":"Cultist","floor":2.0,"turns":4.0},{"damage":4.0,"enemies":"Small Slimes","floor":5.0,"turns":4.0},{"damage":40.0,"enemies":"Lagavulin","floor":7.0,"turns":5.0},{"damage":37.0,"enemies":"Gremlin Nob","floor":11.0,"turns":4.0},{"damage":0.0,"enemies":"2 Fungi Beasts","floor":12.0,"turns":3.0},{"damage":9.0,"enemies":"3 Sentries","floor":13.0,"turns":6.0},{"damage":0.0,"enemies":"Slime Boss","floor":16.0,"turns":5.0},{"damage":13.0,"enemies":"2 Thieves","floor":18.0,"turns":4.0},{"damage":7.0,"enemies":"Shell Parasite","floor":20.0,"turns":3.0},{"damage":0.0,"enemies":"Snecko","floor":21.0,"turns":3.0},{"damage":3,"enemies":"Snake Plant","floor":22,"turns":3},{"damage":0,"enemies":"Book of Stabbing","floor":23,"turns":3},{"damage":0,"enemies":"Cultist and Chosen","floor":24,"turns":5},{"damage":0,"enemies":"Slavers","floor":25,"turns":4},{"damage":0,"enemies":"Book of Stabbing","floor":27,"turns":4},{"damage":5,"enemies":"Gremlin Leader","floor":30,"turns":4},{"damage":13,"enemies":"Colosseum Slavers","floor":31,"turns":2},{"damage":0,"enemies":"Colosseum Nobs","floor":31,"turns":2},{"damage":0,"enemies":"Automaton","floor":33,"turns":3},{"damage":0,"enemies":"Orb Walker","floor":35,"turns":1},{"damage":0,"enemies":"Mind Bloom Boss Battle","floor":36,"turns":2},{"damage":0,"enemies":"3 Darklings","floor":37,"turns":1},{"damage":0,"enemies":"Writhing Mass","floor":38,"turns":2},{"damage":0,"enemies":"Transient","floor":41,"turns":6},{"damage":0,"enemies":"Giant Head","floor":42,"turns":2},{"damage":0,"enemies":"Reptomancer","floor":44,"turns":1},{"damage":0,"enemies":"Jaw Worm Horde","floor":45,"turns":1},{"damage":0,"enemies":"4 Shapes","floor":46,"turns":1},{"damage":0,"enemies":"Giant Head","floor":47,"turns":3},{"damage":0,"enemies":"Maw","floor":48,"turns":2},{"damage":0,"enemies":"Awakened One","floor":50,"turns":4},{"damage":0,"enemies":"Time Eater","floor":51,"turns":3},{"damage":0,"enemies":"Shield and Spear","floor":55,"turns":1},{"damage":2,"enemies":"The Heart","floor":56,"turns":5}],"seed_played":"6048977579565634821","potions_obtained":[{"floor":0.0,"key":"testmod-EscapePotion"},{"floor":1.0,"key":"PowerPotion"},{"floor":2.0,"key":"testmod-TestPotion"},{"floor":11.0,"key":"Explosive Potion"},{"floor":12.0,"key":"EssenceOfSteel"},{"floor":16.0,"key":"SteroidPotion"},{"floor":18.0,"key":"testmod-TestPotion"},{"floor":36,"key":"PowerPotion"},{"floor":37,"key":"testmod-SpacePotion"},{"floor":38,"key":"Swift Potion"},{"floor":41,"key":"Dexterity Potion"},{"floor":55,"key":"testmod-TimePotion"}],"is_trial":false,"path_per_floor":["M","M","?","$","M","R","E","R","T","R","E","M","E","$","R","B",null,"M","$","M","M","M","E","M","E","T","E","?","$","E","?","R","B",null,"M","?","M","M","$","R","M","E","T","E","M","M","E","M","R","B","B",null,"R","$","E","B",null],"character_chosen":"DEFECT","items_purchased":["Creative AI","Defragment","Runic Capacitor","testmod-Acrobat","OrangePellets","Bag of Preparation","Seek+1"],"campfire_rested":3,"item_purchase_floors":[4,19,39,39,54,54,54],"current_hp_per_floor":[56,47,47,47,44,44,4,26,26,48,11,11,2,2,24,24,63,59,59,61,76,76,76,76,76,76,76,54,54,71,80,80,81,81,81,81,81,81,81,81,81,81,81,81,81,81,81,81,81,81,81,81,81,81,81,81],"gold":309,"neow_bonus":"BOSS_RELIC","is_daily":false,"chose_seed":false,"campfire_upgraded":4,"win_rate":0.0,"timestamp":1614079358,"path_taken":["M","M","?","$","?","R","E","R","T","R","E","M","E","$","R","BOSS","M","$","M","M","?","E","M","E","T","E","?","$","E","?","R","BOSS","M","?","M","M","$","R","M","E","T","E","M","M","E","M","R","BOSS","BOSS","R","$","E","BOSS"],"items_purchased_type":["Card","Card","Relic","Relic","Relic","Relic","Card"],"build_version":"2020-12-22","purchased_purges":4,"victory":true,"max_hp_per_floor":[76,76,76,76,76,76,76,76,76,76,76,76,76,76,76,76,76,76,76,76,76,76,76,76,76,76,76,81,81,81,81,81,81,81,81,81,81,81,81,81,81,81,81,81,81,81,81,81,81,81,81,81,81,81,81,81],"card_choices":[{"not_picked":["Hello World","Sweeping Beam"],"picked":"Defragment","floor":0.0},{"not_picked":["Leap","Gash"],"picked":"Turbo","floor":1.0},{"not_picked":["Rebound","Steam Power"],"picked":"Doom and Gloom","floor":2.0},{"not_picked":["Conserve Battery","Redo","Go for the Eyes"],"picked":"SKIP","floor":5.0},{"not_picked":["Ball Lightning","Stack"],"picked":"Coolheaded","floor":7.0},{"not_picked":["Sweeping Beam","Steam"],"picked":"Reboot","floor":11.0},{"not_picked":["Hologram","Lockon","Stack"],"picked":"SKIP","floor":12.0},{"not_picked":["Go for the Eyes","Beam Cell"],"picked":"Coolheaded","floor":13.0},{"not_picked":["Rainbow","Biased Cognition"],"picked":"Echo Form","floor":16.0},{"not_picked":["Coolheaded","Streamline"],"picked":"Heatsinks","floor":18.0},{"not_picked":["Ball Lightning","Steam+1","Melter"],"picked":"SKIP","floor":20.0},{"not_picked":["Turbo","Beam Cell+1"],"picked":"Skim","floor":21.0},{"not_picked":["Leap","Reinforced Body","Compile Driver"],"picked":"SKIP","floor":22},{"not_picked":["Self Repair","FTL"],"picked":"Glacier+1","floor":23},{"not_picked":["Streamline","Skim","Gash"],"picked":"SKIP","floor":24},{"not_picked":["Hologram","Creative AI","Compile Driver"],"picked":"SKIP","floor":25},{"not_picked":["Creative AI","Compile Driver"],"picked":"Hologram","floor":25},{"not_picked":["Ball Lightning+1","Defragment","Turbo"],"picked":"SKIP","floor":27},{"not_picked":["Fission","Rebound+1"],"picked":"Storm","floor":30},{"not_picked":["Buffer","All For One"],"picked":"Seek","floor":33},{"not_picked":["Rebound","Gash","BootSequence"],"picked":"SKIP","floor":35},{"not_picked":["Streamline","Steam","Leap+1"],"picked":"SKIP","floor":37},{"not_picked":["BootSequence","Redo+1","Sweeping Beam"],"picked":"SKIP","floor":38},{"not_picked":["BootSequence","Sweeping Beam"],"picked":"Redo+1","floor":38},{"not_picked":["Turbo","Sweeping Beam","BootSequence"],"picked":"SKIP","floor":41},{"not_picked":["Steam","Cold Snap"],"picked":"Creative AI","floor":42},{"not_picked":["Conserve Battery+1","Doom and Gloom","Darkness+1"],"picked":"SKIP","floor":44},{"not_picked":["Sweeping Beam","Heatsinks","Gash"],"picked":"SKIP","floor":45},{"not_picked":["Ball Lightning","Aggregate+1","Scrape"],"picked":"SKIP","floor":46},{"not_picked":["White Noise+1","Double Energy+1"],"picked":"Consume+1","floor":47},{"not_picked":["Steam+1","Redo+1","Melter"],"picked":"SKIP","floor":48},{"not_picked":["Reinforced Body+1","Ball Lightning","Compile Driver"],"picked":"SKIP","floor":55}],"player_experience":585720,"relics_obtained":[{"floor":7.0,"key":"Ice Cream"},{"floor":11.0,"key":"testmod-D¨¦j¨¤vu"},{"floor":13.0,"key":"Bottled Tornado"},{"floor":23,"key":"Sundial"},{"floor":25,"key":"Blood Vial"},{"floor":26,"key":"Whetstone"},{"floor":27,"key":"testmod-OneHitWonder"},{"floor":30,"key":"Letter Opener"},{"floor":31,"key":"testmod-RealStoneCalender"},{"floor":31,"key":"White Beast Statue"},{"floor":36,"key":"testmod-RainbowHikingShoes"},{"floor":42,"key":"Juzu Bracelet"},{"floor":43,"key":"Toxic Egg 2"},{"floor":44,"key":"Centennial Puzzle"},{"floor":47,"key":"Orichalcum"},{"floor":55,"key":"Oddly Smooth Stone"}],"event_choices":[{"damage_healed":0.0,"max_hp_gain":0.0,"max_hp_loss":0.0,"gold_gain":0.0,"event_name":"WeMeetAgain","player_choice":"Gave Potion","floor":3.0,"gold_loss":0.0,"damage_taken":0.0,"relics_obtained":["Mummified Hand"]},{"damage_healed":0,"gold_gain":0,"player_choice":"Shed Blood","damage_taken":27,"max_hp_gain":5,"max_hp_loss":0,"event_name":"Forgotten Altar","floor":28,"gold_loss":0},{"damage_healed":0,"gold_gain":0,"player_choice":"Fight","damage_taken":0,"max_hp_gain":0,"max_hp_loss":0,"event_name":"Colosseum","floor":31,"gold_loss":0},{"damage_healed":0,"gold_gain":0,"player_choice":"Fought Nobs","damage_taken":0,"max_hp_gain":0,"max_hp_loss":0,"event_name":"Colosseum","floor":31,"gold_loss":0},{"damage_healed":0,"gold_gain":0,"player_choice":"Fight","damage_taken":0,"max_hp_gain":0,"max_hp_loss":0,"event_name":"MindBloom","floor":36,"gold_loss":0}],"is_beta":false,"boss_relics":[{"not_picked":["Astrolabe","testmod-KeyOfTheVoid"],"picked":"testmod-DeterminationOfClimber"},{"not_picked":["Sozu","Philosopher\u0027s Stone"],"picked":"Nuclear Battery"}],"items_purged_floors":[4,14,29,39],"is_endless":false,"potions_floor_spawned":[1,2,11,12,16,18,20,21,23,25,33,35,36,37,38,41,42,44,45,46,47,48,55],"ascension_level":20}}