{"host":"mydft8i2zzydgggw","time":1614096367,"event":{"mods":["AchievementEnabler","BaseMod","Colored Map","Colored Powertips","DeckTracker","Keyboard Shortcuts","Minty Spire (QoL Compilation)","Rare Cards Sparkle","Relic Stats","StSLib","SuperFastMode","Together in Spire","everything is the same but u backflip on backflip"],"gold_per_floor":[110,130,18,29,29,60,60,60,60],"floor_reached":8,"language":"KOR","playtime":182,"items_purged":["Regret"],"score":98,"play_id":"60fc3b7e-805c-4d29-8f26-a8528d7503b1","local_time":"20210224010607","is_ascension_mode":true,"campfire_choices":[{"floor":7,"key":"REST"}],"circlet_count":0,"master_deck":["AscendersBane","Strike_G","Strike_G","Strike_G","Strike_G","Strike_G","Defend_G","Defend_G","Defend_G","Defend_G","Defend_G","Survivor","Neutralize","Bullet Time","Poisoned Stab","Prepared","Terror+1","Dagger Spray","Heel Hook"],"relics":["Ring of the Snake","Omamori"],"acts_visited":["Exordium"],"potions_floor_usage":[8],"damage_taken":[{"damage":7,"enemies":"Cultist","floor":1,"turns":5},{"damage":8,"enemies":"Small Slimes","floor":2,"turns":4},{"damage":3,"enemies":"2 Louse","floor":4,"turns":5},{"damage":38,"enemies":"Lagavulin","floor":6,"turns":8},{"damage":30,"enemies":"3 Sentries","floor":8,"turns":8}],"seed_played":"3365965109446533767","potions_obtained":[{"floor":1,"key":"SpeedPotion"}],"is_trial":false,"path_per_floor":["M","M","$","M","?","E","R","E"],"character_chosen":"THE_SILENT","items_purchased":["Terror"],"campfire_rested":1,"item_purchase_floors":[3],"current_hp_per_floor":[52,44,44,41,41,3,22,0,0],"gold":60,"neow_bonus":"THREE_RARE_CARDS","is_daily":false,"chose_seed":false,"campfire_upgraded":0,"win_rate":0.0,"timestamp":1614096367,"path_taken":["M","M","?","M","?","E","R","E"],"items_purchased_type":["Card"],"build_version":"2020-12-22","purchased_purges":1,"victory":false,"max_hp_per_floor":[66,66,66,66,66,66,66,66,66],"relic_stats":{"counters":[5,30],"obtain_stats":[{"Omamori":6,"Ring of the Snake":0},{"Omamori":4,"Ring of the Snake":0},{"Omamori":22,"Ring of the Snake":0}],"Ring of the Snake":[10]},"card_choices":[{"not_picked":["Storm of Steel","Burst"],"picked":"Bullet Time","floor":0},{"not_picked":["Backstab","Catalyst"],"picked":"Poisoned Stab","floor":1},{"not_picked":["Dagger Throw","Underhanded Strike"],"picked":"Prepared","floor":2},{"not_picked":["Deflect","Choke"],"picked":"Dagger Spray","floor":4},{"not_picked":["Dagger Spray","Escape Plan"],"picked":"Heel Hook","floor":6}],"player_experience":304415,"relics_obtained":[{"floor":6,"key":"Omamori"}],"event_choices":[{"damage_healed":0,"gold_gain":0,"player_choice":"Forge","damage_taken":0,"max_hp_gain":0,"max_hp_loss":0,"event_name":"Accursed Blacksmith","floor":5,"gold_loss":0,"cards_upgraded":["Terror"]}],"is_beta":false,"boss_relics":[],"items_purged_floors":[3],"is_endless":false,"potions_floor_spawned":[1],"killed_by":"3 Sentries","ascension_level":15}}