{"host":"sdg6l2snfu9866ti","time":1614081443,"event":{"mods":["BaseMod","Colored Map","Colored Powertips","Minty Spire (QoL Compilation)","Rare Cards Sparkle","Reimu£®≤©¿ˆ¡È√Œ£©","Remilia£®¿Ÿ√◊¿Ú—«£©","Replay The Spire","StSLib","The Senshi","The Servant 0.9.4","Youmu£®ªÍ∆«—˝√Œ£©"],"gold_per_floor":[113,125,125,144,144,144,159,159,159,44,44,18,34,74,74,74,74],"floor_reached":16,"language":"ZHS","playtime":1141,"items_purged":["Injury"],"score":200,"play_id":"27d5affc-ad58-4b7c-ab55-f074dc805ae7","local_time":"20210223195723","is_ascension_mode":true,"campfire_choices":[{"data":"ScarletShoot","floor":6.0,"key":"SMITH"},{"data":"StarOfDavid","floor":8.0,"key":"SMITH"},{"data":"BloodHunter","floor":11.0,"key":"SMITH"}],"circlet_count":0,"master_deck":["AscendersBane","Strike_RM+1","Strike_RM+1","Strike_RM+1","Strike_RM+1","Defend_RM","Defend_RM","Defend_RM","RedMoon+1","ScarletShoot+1","StarOfDavid+1","BloodHunter+1","BloodHunter","RedRainbow","ScarletImprint+1"],"relics":["ScarletHat","Golden Idol","Replay:Towering Pillar of Hats","Replay:Bottled Eggs"],"acts_visited":["Exordium"],"potions_floor_usage":[],"damage_taken":[{"damage":0.0,"enemies":"Small Slimes","floor":1.0,"turns":3.0},{"damage":1.0,"enemies":"Jaw Worm","floor":2.0,"turns":5.0},{"damage":2.0,"enemies":"2 Louse","floor":4.0,"turns":3.0},{"damage":0.0,"enemies":"2 Fungi Beasts","floor":7.0,"turns":2.0},{"damage":8.0,"enemies":"Gremlin Gang","floor":13.0,"turns":5.0},{"damage":27.0,"enemies":"Gremlin Nob","floor":14.0,"turns":5.0},{"damage":41,"enemies":"Fading Forest","floor":16,"turns":7}],"seed_played":"560505585687833084","potions_obtained":[{"floor":2.0,"key":"BlessingOfTheForge"},{"floor":13.0,"key":"Block Potion"}],"is_trial":false,"path_per_floor":["M","M","?","M","?","R","M","R","T","$","R","$","M","E","R_BF","B"],"character_chosen":"REMILIA","items_purchased":["BloodHunter","RedRainbow"],"campfire_rested":0,"item_purchase_floors":[10,12],"current_hp_per_floor":[63,64,64,62,62,62,63,63,63,63,63,63,62,43,64,38,38],"gold":74,"neow_bonus":"REMOVE_CARD","is_daily":false,"chose_seed":false,"campfire_upgraded":3,"win_rate":0.0,"timestamp":1614081443,"path_taken":["M","M","?","M","?","R","M","R","T","$","R","?","M","E","R_BF","BOSS"],"items_purchased_type":["Card","Card"],"build_version":"2020-12-22","purchased_purges":1,"victory":false,"max_hp_per_floor":[70,70,70,70,70,70,70,70,70,70,70,70,70,70,70,70,70],"card_choices":[{"not_picked":["DiffusionOfMisfortune","ScarletDream","MastersStateliness"],"picked":"SKIP","floor":1.0},{"not_picked":["BloodyMagicSquare","TwelveNightmare"],"picked":"StarOfDavid","floor":2.0},{"not_picked":["VampireKiss","MastersStateliness","Septette"],"picked":"SKIP","floor":4.0},{"not_picked":["VampireFantasy","UltimateOffering","BloodyTrap"],"picked":"SKIP","floor":7.0},{"not_picked":["Stigmanizer","AfternoonTea"],"picked":"ScarletImprint","floor":13.0},{"not_picked":["FavorOfDestiny","RedNightlessCastle","UnstableMagic"],"picked":"SKIP","floor":14.0}],"player_experience":276768,"relics_obtained":[{"floor":9.0,"key":"Replay:Towering Pillar of Hats"},{"floor":14.0,"key":"Replay:Bottled Eggs"}],"event_choices":[{"damage_healed":0.0,"max_hp_gain":0.0,"max_hp_loss":0.0,"gold_gain":0.0,"event_name":"Golden Idol","player_choice":"Take Wound","floor":3.0,"gold_loss":0.0,"damage_taken":0.0,"relics_obtained":["Golden Idol"],"cards_obtained":["Injury"]}],"is_beta":false,"boss_relics":[],"items_purged_floors":[10],"is_endless":false,"potions_floor_spawned":[2,13],"killed_by":"Fading Forest","ascension_level":20}}