{"host":"ow66nzv2xecjoor3","time":1614061357,"event":{"mods":["BaseMod","Bestiary","Block Reminder","Colored Powertips","Curses Come First","Highlight Path","Keyboard Shortcuts","Minty Spire (QoL Compilation)","Permanent Neow","Relic Stats","StSLib","UnlockEverythingMod"],"gold_per_floor":[119,135,151,12,12,38,51,51,51,51,63,98,115,158,158,241,241,260,287,312,336,144,185,211,211,211,211,230,258,14,58,58,141,150,170,181,200,200,200,200],"floor_reached":39,"language":"ENG","playtime":1926,"items_purged":["Pain"],"score":919,"play_id":"22d5330b-f0b7-4972-a33a-a9f8a42ad0d9","local_time":"20210223002237","is_ascension_mode":true,"campfire_choices":[{"data":"Seeing Red","floor":10.0,"key":"SMITH"},{"data":"Fire Breathing","floor":15.0,"key":"SMITH"},{"data":"Evolve","floor":27.0,"key":"SMITH"},{"data":"Rampage","floor":32,"key":"SMITH"}],"circlet_count":0,"master_deck":["AscendersBane","Strike_R","Strike_R","Strike_R","Strike_R","Strike_R","Defend_R","Defend_R","Defend_R","Defend_R","Bash","Burning Pact","Dark Embrace","Anger","Reckless Charge","Seeing Red+1","Fire Breathing+1","Armaments","True Grit","Combust","Seeing Red","Impervious","Shrug It Off","Hemokinesis","Evolve+1","Sentinel","Disarm","Good Instincts","Warcry+1","Rampage+1","Havoc","Corruption","Dark Embrace","Fire Breathing","Impervious","CurseOfTheBell","True Grit+1","Warcry+1"],"relics":["Burning Blood","Oddly Smooth Stone","WarpedTongs","Centennial Puzzle","Strawberry","Meat on the Bone","CeramicFish","Mark of Pain","Matryoshka","Juzu Bracelet","Molten Egg 2","Bag of Preparation","PreservedInsect","Calling Bell","Orichalcum","Singing Bowl","Incense Burner"],"acts_visited":["Exordium","TheCity","TheBeyond"],"potions_floor_usage":[29,33],"damage_taken":[{"damage":2.0,"enemies":"2 Louse","floor":1.0,"turns":3.0},{"damage":11.0,"enemies":"Cultist","floor":2.0,"turns":4.0},{"damage":10.0,"enemies":"Small Slimes","floor":3.0,"turns":5.0},{"damage":31.0,"enemies":"3 Sentries","floor":6.0,"turns":8.0},{"damage":11.0,"enemies":"3 Louse","floor":7.0,"turns":4.0},{"damage":7.0,"enemies":"2 Fungi Beasts","floor":11.0,"turns":3.0},{"damage":10.0,"enemies":"Gremlin Nob","floor":12.0,"turns":3.0},{"damage":2.0,"enemies":"Blue Slaver","floor":13.0,"turns":5.0},{"damage":8.0,"enemies":"3 Sentries","floor":14.0,"turns":4.0},{"damage":46.0,"enemies":"Hexaghost","floor":16.0,"turns":9.0},{"damage":21.0,"enemies":"Chosen","floor":18.0,"turns":6.0},{"damage":18.0,"enemies":"Shell Parasite","floor":19.0,"turns":4.0},{"damage":40.0,"enemies":"3 Cultists","floor":20.0,"turns":4.0},{"damage":1.0,"enemies":"Cultist and Chosen","floor":21.0,"turns":4.0},{"damage":27.0,"enemies":"Book of Stabbing","floor":23.0,"turns":5.0},{"damage":14.0,"enemies":"Centurion and Healer","floor":24.0,"turns":10.0},{"damage":15.0,"enemies":"3 Cultists","floor":28.0,"turns":6.0},{"damage":10,"enemies":"Snecko","floor":29,"turns":5},{"damage":29,"enemies":"Gremlin Leader","floor":31,"turns":6},{"damage":13,"enemies":"Champ","floor":33,"turns":6},{"damage":4,"enemies":"3 Shapes","floor":35,"turns":3},{"damage":7,"enemies":"Orb Walker","floor":36,"turns":5},{"damage":12,"enemies":"3 Darklings","floor":37,"turns":3},{"damage":127,"enemies":"Transient","floor":39,"turns":5}],"seed_played":"-24989687706571018","potions_obtained":[{"floor":3.0,"key":"Block Potion"},{"floor":6.0,"key":"BlessingOfTheForge"},{"floor":11.0,"key":"SteroidPotion"},{"floor":12.0,"key":"SteroidPotion"},{"floor":14.0,"key":"SteroidPotion"},{"floor":18.0,"key":"ColorlessPotion"},{"floor":19.0,"key":"Ancient Potion"},{"floor":21.0,"key":"AttackPotion"},{"floor":23.0,"key":"HeartOfIron"},{"floor":29,"key":"LiquidBronze"},{"floor":33,"key":"Ancient Potion"}],"is_trial":false,"path_per_floor":["M","M","M","$","?","E","M","$","T","R","M","E","M","E","R","B",null,"M","M","M","M","$","E","M","?","T","R","M","M","$","E","R","B",null,"M","M","M","?","M"],"character_chosen":"IRONCLAD","items_purchased":["Reckless Charge","AttackPotion","Disarm","Good Instincts","Bag of Preparation","Dark Embrace"],"campfire_rested":0,"item_purchase_floors":[4,4,22,22,30,30],"current_hp_per_floor":[72,67,63,63,63,38,33,33,40,40,39,35,51,49,49,21,67,52,52,30,47,47,38,42,42,42,42,45,53,53,42,42,47,73,75,76,70,70,0,0],"gold":200,"neow_bonus":"RANDOM_COMMON_RELIC","is_daily":false,"chose_seed":false,"campfire_upgraded":4,"win_rate":0.0,"timestamp":1614061357,"path_taken":["M","M","M","$","?","E","M","$","T","R","M","E","M","E","R","BOSS","M","M","M","M","$","E","?","?","T","R","M","M","$","E","R","BOSS","M","M","M","?","M"],"items_purchased_type":["Card","Potion","Card","Card","Relic","Card"],"build_version":"2020-12-22","purchased_purges":1,"victory":false,"max_hp_per_floor":[75,75,75,75,75,75,75,75,82,82,82,82,82,82,82,82,82,82,82,82,82,82,82,82,82,82,82,82,82,82,82,82,82,82,82,84,84,84,84,84],"relic_stats":{"Centennial Puzzle":[58],"Singing Bowl":2,"counters":[24,120],"CeramicFish":162,"PreservedInsect":0,"Juzu Bracelet":0,"Bag of Preparation":[12],"Orichalcum":[12],"obtain_stats":[{"Singing Bowl":34,"CeramicFish":14,"Oddly Smooth Stone":0,"PreservedInsect":31,"Juzu Bracelet":26,"Bag of Preparation":30,"Incense Burner":34,"Orichalcum":34,"Burning Blood":0,"WarpedTongs":5,"Calling Bell":34,"Centennial Puzzle":6,"Matryoshka":23,"Strawberry":9,"Molten Egg 2":26,"Mark of Pain":17,"Meat on the Bone":12},{"Singing Bowl":20,"CeramicFish":9,"Oddly Smooth Stone":0,"PreservedInsect":19,"Juzu Bracelet":16,"Bag of Preparation":18,"Incense Burner":20,"Orichalcum":20,"Burning Blood":0,"WarpedTongs":3,"Calling Bell":20,"Centennial Puzzle":4,"Matryoshka":15,"Strawberry":5,"Molten Egg 2":16,"Mark of Pain":10,"Meat on the Bone":7},{"Singing Bowl":104,"CeramicFish":39,"Oddly Smooth Stone":0,"PreservedInsect":98,"Juzu Bracelet":81,"Bag of Preparation":92,"Incense Burner":104,"Orichalcum":104,"Burning Blood":0,"WarpedTongs":12,"Calling Bell":104,"Centennial Puzzle":20,"Matryoshka":71,"Strawberry":24,"Molten Egg 2":81,"Mark of Pain":48,"Meat on the Bone":30}],"Burning Blood":138,"WarpedTongs":[105],"Meat on the Bone":132},"card_choices":[{"not_picked":["Wild Strike","Perfected Strike"],"picked":"Burning Pact","floor":1.0},{"not_picked":["True Grit","Armaments"],"picked":"Dark Embrace","floor":2.0},{"not_picked":["Cleave","Shrug It Off"],"picked":"Anger","floor":3.0},{"not_picked":["Wild Strike","Exhume"],"picked":"Seeing Red","floor":6.0},{"not_picked":["Bloodletting","Wild Strike"],"picked":"Fire Breathing","floor":7.0},{"not_picked":["Cleave","Flex"],"picked":"Armaments","floor":11.0},{"not_picked":["Sword Boomerang","Metallicize"],"picked":"True Grit","floor":12.0},{"not_picked":["Iron Wave","Headbutt"],"picked":"Combust","floor":13.0},{"not_picked":["Carnage","Entrench"],"picked":"Seeing Red","floor":14.0},{"not_picked":["Double Tap","Bludgeon"],"picked":"Impervious","floor":16.0},{"not_picked":["Sword Boomerang","Pommel Strike"],"picked":"Shrug It Off","floor":18.0},{"not_picked":["Flex","Cleave"],"picked":"Hemokinesis","floor":19.0},{"not_picked":["Anger","Pommel Strike+1"],"picked":"Evolve","floor":20.0},{"not_picked":["Pommel Strike","Heavy Blade"],"picked":"Sentinel","floor":21.0},{"not_picked":["Searing Blow","Flex"],"picked":"Warcry+1","floor":23.0},{"not_picked":["Sword Boomerang","Heavy Blade"],"picked":"Rampage","floor":24.0},{"not_picked":["Iron Wave+1","Bloodletting"],"picked":"Havoc","floor":28.0},{"not_picked":["Clothesline+1","Flex"],"picked":"Corruption","floor":29},{"not_picked":["Twin Strike+1","Carnage+1"],"picked":"Fire Breathing","floor":31},{"not_picked":["Limit Break","Reaper+1"],"picked":"Impervious","floor":33},{"not_picked":["Rupture","Bloodletting"],"picked":"True Grit+1","floor":35},{"not_picked":["Anger+1","Body Slam+1","Rupture"],"picked":"Singing Bowl","floor":36},{"not_picked":["Havoc","Wild Strike+1"],"picked":"Warcry+1","floor":37}],"player_experience":2948876,"relics_obtained":[{"floor":6.0,"key":"Centennial Puzzle"},{"floor":9.0,"key":"Strawberry"},{"floor":12.0,"key":"Meat on the Bone"},{"floor":14.0,"key":"CeramicFish"},{"floor":23.0,"key":"Matryoshka"},{"floor":26.0,"key":"Juzu Bracelet"},{"floor":26.0,"key":"Molten Egg 2"},{"floor":31,"key":"PreservedInsect"},{"floor":34,"key":"Orichalcum"},{"floor":34,"key":"Singing Bowl"},{"floor":34,"key":"Incense Burner"}],"event_choices":[{"damage_healed":0.0,"max_hp_gain":0.0,"max_hp_loss":0.0,"gold_gain":0.0,"event_name":"Accursed Blacksmith","player_choice":"Rummage","floor":5.0,"gold_loss":0.0,"damage_taken":0.0,"relics_obtained":["WarpedTongs"],"cards_obtained":["Pain"]},{"damage_healed":0.0,"max_hp_gain":0.0,"max_hp_loss":0.0,"gold_gain":0.0,"event_name":"Ghosts","player_choice":"Ignored","floor":25.0,"gold_loss":0.0,"damage_taken":0.0},{"damage_healed":0,"gold_gain":0,"player_choice":"Ignored","damage_taken":0,"max_hp_gain":0,"max_hp_loss":0,"event_name":"Tomb of Lord Red Mask","floor":38,"gold_loss":0}],"is_beta":false,"boss_relics":[{"not_picked":["Runic Dome","Tiny House"],"picked":"Mark of Pain"},{"not_picked":["Black Blood","Black Star"],"picked":"Calling Bell"}],"items_purged_floors":[22],"is_endless":false,"potions_floor_spawned":[3,6,11,12,14,18,19,21,23,29,33,36],"killed_by":"Transient","ascension_level":20}}