{"host":"yzy3lyltrgq1sam1","time":1614091191,"event":{"mods":["Act Like it!","BaseMod","CapriCore","Downfall","Gensokyo","Koishi","Marisa£®ÏF”Í°°ƒß¿Ì…≥£©","Minty Spire (QoL Compilation)","Quick Restart","Reimu£®≤©¿ˆ¡È√Œ£©","Reliquary","Remilia£®¿Ÿ√◊¿Ú—«£©","StSLib","The Administrix","The Alterego","The Gatherer","WarShipGirlsR/’ΩΩ¢…Ÿ≈ÆR mod","Youmu£®ªÍ∆«—˝√Œ£©","°æ“≈ŒÔø®≈∆°øREMEMod"],"gold_per_floor":[113,113,195,115,132,166,166,178,226,226,258,258,288,300,300,300,300],"floor_reached":16,"language":"ZHS","playtime":1313,"items_purged":[],"score":236,"play_id":"bfa8170f-97e6-4e5c-a28a-03cfb34a6d12","local_time":"20210223223951","is_ascension_mode":true,"campfire_choices":[{"data":"FastingOfTheYoungPreta","floor":7,"key":"SMITH"},{"floor":10,"key":"RECALL"},{"data":"CelestialStarSword","floor":12,"key":"SMITH"},{"data":"FourBirthsSword","floor":15,"key":"SMITH"}],"circlet_count":0,"master_deck":["AscendersBane","SlashOfPresentWorld","WheelOfPainOfLivingAndDead","FourBirthsSword+1","KarmicPunishmentOfTheIdleAndUnfocused","TransmigrationSlash","FastingOfTheYoungPreta+1","CrescentMoonSlash","GhostSword","PretaSword","DispleasureOfTheSevenHakus","alterego_mod:IdEs","SlashOfMeditation","HellFireSword","FiveSignsOfTheDyingDeva","PretaSword","CelestialStarSword+1","ThreeKonsSevenHakus"],"relics":["REME_ComplimentaryCards","Pandora\u0027s Box","Dead Branch","reliquary:ExpiredCoupon","Oddly Smooth Stone","reliquary:QuartzCube","Anchor"],"acts_visited":["Exordium"],"potions_floor_usage":[],"damage_taken":[{"damage":0,"enemies":"Jaw Worm","floor":1,"turns":3},{"damage":4,"enemies":"2 Louse","floor":5,"turns":2},{"damage":7,"enemies":"3 Sentries","floor":6,"turns":4},{"damage":0,"enemies":"Small Slimes","floor":8,"turns":3},{"damage":9,"enemies":"Lagavulin","floor":11,"turns":4},{"damage":6,"enemies":"Gremlin Nob","floor":13,"turns":3},{"damage":0,"enemies":"Blue Slaver","floor":14,"turns":3},{"damage":0,"enemies":"The Guardian","floor":16,"turns":1}],"seed_played":"-8817443041218739540","potions_obtained":[{"floor":1,"key":"SmokeBomb"},{"floor":8,"key":"Strength Potion"},{"floor":13,"key":"FearPotion"}],"is_trial":false,"path_per_floor":["M","?","T","$","M","E","R","M","T","R","E","R","E","M","R","B"],"character_chosen":"YOUMU","items_purchased":["HellFireSword"],"campfire_rested":0,"item_purchase_floors":[4],"current_hp_per_floor":[63,52,52,52,48,62,62,62,62,62,70,70,64,64,64,64,64],"gold":300,"neow_bonus":"BOSS_RELIC","is_daily":false,"chose_seed":false,"campfire_upgraded":3,"win_rate":0.0,"timestamp":1614091191,"path_taken":["M","?","?","$","M","E","R","M","T","R","E","R","E","M","R","BOSS"],"items_purchased_type":["Card"],"build_version":"2020-12-22","purchased_purges":0,"victory":false,"max_hp_per_floor":[70,70,70,70,70,70,70,70,70,70,70,70,70,70,70,70,70],"card_choices":[{"not_picked":["HumanKnowledgeSword","SpiritCuttingSword"],"picked":"SlashOfMeditation","floor":1},{"not_picked":["SpiritCuttingSword","HellFireSword"],"picked":"FiveSignsOfTheDyingDeva","floor":5},{"not_picked":["SlashOfDelusionalInnerEye","HesitationCuttingSword","TwoHundredYojanaInOneSlash"],"picked":"SKIP","floor":6},{"not_picked":["ConstancyOfTheConventionalTruth","SpiritMediumsBind"],"picked":"PretaSword","floor":8},{"not_picked":["SpiritMediumsBind","LowerRealmReflectionSlash"],"picked":"CelestialStarSword","floor":11},{"not_picked":["HeartExcerptSlash","FlashingScatteredFlowers"],"picked":"ThreeKonsSevenHakus","floor":13},{"not_picked":["BloodOfAsura","SpiritCuttingSword","DispleasureOfTheSevenHakus"],"picked":"SKIP","floor":14}],"player_experience":905592,"relics_obtained":[{"floor":6,"key":"reliquary:ExpiredCoupon"},{"floor":9,"key":"Oddly Smooth Stone"},{"floor":11,"key":"reliquary:QuartzCube"},{"floor":13,"key":"Anchor"}],"event_choices":[{"damage_healed":0,"gold_gain":0,"player_choice":"Success","damage_taken":11,"relics_obtained":["Dead Branch"],"max_hp_gain":0,"max_hp_loss":0,"event_name":"Scrap Ooze","floor":2,"gold_loss":0}],"is_beta":false,"boss_relics":[],"items_purged_floors":[],"is_endless":false,"potions_floor_spawned":[1,8,13],"killed_by":"The Guardian","ascension_level":20}}