{"host":"zcytydgb505ghzux","time":1614111972,"event":{"mods":["Act Like it!","BaseMod","Colored Powertips","Downfall","Halation","Highlight Path","Hubris","Infinite Spire","Jorbs\u0027s Wanderer Trilogy","Marisa????????","Minty Spire (QoL Compilation)","Replay The Spire","StSLib","The Construct","The Mystic","The Wild Card"],"gold_per_floor":[112,123,123,298,133,133,133,148,198,498,516,265,265,292,292,387,487,500,552,562,576,587,587,616,616,616,633,633,643,653,653,653,751,751,768,768,768,668,680,680,705,705,705,725,749,768,768,768,778,790,790,790],"floor_reached":53,"language":"ENG","playtime":2629,"items_purged":["Doubt","Strike_B"],"score":834,"play_id":"0ccce7da-f353-4507-bb54-e270906fe406","local_time":"20210223152612","is_ascension_mode":false,"campfire_choices":[{"data":"Dualcast","floor":6,"key":"SMITH"},{"data":"Redo","floor":13,"key":"SMITH"},{"floor":15,"key":"REST"},{"floor":23,"key":"REST"},{"floor":25,"key":"REST"},{"floor":28,"key":"REST"},{"data":"BasicCrystalCard","floor":32,"key":"SMITH"},{"data":"Mirror Shield","floor":40,"key":"SMITH"},{"data":"ReplayTheSpireMod:Trickstab","floor":51,"key":"SMITH"}],"circlet_count":0,"master_deck":["Strike_B+1","Strike_B+1","Strike_B+2","Defend_B+1","Defend_B+2","Defend_B+1","Defend_B+1","Zap+1","Dualcast+1","UpSweep+1","stsjorbsmod:FreshAdventure+1","Gash+1","Time Bomb+1","Gash+1","Panic Button+1","Redo+1","Scrape+1","Steam+1","Tempest+1","Mirror Shield+1","Compile Driver+1","Steam+1","Gash+1","BasicCrystalCard+1","Conserve Battery+1","Defragment+1","Hologram+1","Gash+1","Streamline+1","Go for the Eyes+1","Sweeping Beam+1","Conserve Battery+1","Gash+1","Leap+1","Self Repair+1","ReplayTheSpireMod:Trickstab+1","BootSequence+1","Darkness+1"],"relics":["FrozenCore","halation:EternalFortune","halation:AfternoonTea","Old Coin","hubris:Reverence","Simple Rune","Replay:Wanted Poster","Onion Ring","Happy Flower","Mercury Hourglass","Prayer Wheel","hubris:Towel","Kunai","halation:PromiseList","Mark of the Bloom"],"acts_visited":["Exordium","TheCity","TheBeyond"],"potions_floor_usage":[49],"damage_taken":[{"damage":0,"enemies":"Cultist","floor":1,"turns":2},{"damage":0,"enemies":"2 Louse","floor":2,"turns":2},{"damage":6,"enemies":"Jaw Worm","floor":8,"turns":3},{"damage":10,"enemies":"Exordium Thugs","floor":11,"turns":3},{"damage":21,"enemies":"Lagavulin","floor":14,"turns":5},{"damage":63,"enemies":"Fading Forest","floor":16,"turns":11},{"damage":10,"enemies":"Spheric Guardian","floor":18,"turns":3},{"damage":2,"enemies":"Chosen","floor":20,"turns":3},{"damage":11,"enemies":"Snecko","floor":21,"turns":5},{"damage":19,"enemies":"Sentry and Sphere","floor":22,"turns":4},{"damage":52,"enemies":"Slavers","floor":24,"turns":4},{"damage":15,"enemies":"Centurion and Healer","floor":27,"turns":5},{"damage":4,"enemies":"Snecko","floor":29,"turns":4},{"damage":4,"enemies":"Chosen and Byrds","floor":30,"turns":4},{"damage":61,"enemies":"Collector","floor":33,"turns":8},{"damage":6,"enemies":"Orb Walker","floor":35,"turns":4},{"damage":1,"enemies":"3 Darklings","floor":39,"turns":5},{"damage":11,"enemies":"Reptomancer","floor":41,"turns":5},{"damage":0,"enemies":"4 Shapes","floor":44,"turns":7},{"damage":0,"enemies":"Transient","floor":46,"turns":5},{"damage":0,"enemies":"Jaw Worm Horde","floor":49,"turns":4},{"damage":0,"enemies":"4 Shapes","floor":50,"turns":4},{"damage":19,"enemies":"hubris:GrandSnecko","floor":52,"turns":16}],"seed_played":"-2184250515298971376","potions_obtained":[{"floor":1,"key":"Doom Potion"},{"floor":18,"key":"construct:ShiftPotion"},{"floor":19,"key":"hexamod:SoulburnPotion"},{"floor":21,"key":"ColorlessPotion"},{"floor":30,"key":"Energy Potion"},{"floor":49,"key":"hexamod:SoulburnPotion"}],"is_trial":false,"path_per_floor":["M","M","?","?","$","R","?","M","T","?","M","$","R","E","R","B",null,"M","?","M","M","M","R","E","R","T","M","R","M","M","?","R","B",null,"M","?","?","$","M","R","E","PTL","PTL","M","T","M","?","?","M","M","R","B",null],"character_chosen":"DEFECT","items_purchased":["Gash","Panic Button","hubris:Reverence"],"campfire_rested":4,"item_purchase_floors":[5,5,12],"current_hp_per_floor":[89,89,92,92,92,92,92,86,86,86,76,76,76,55,82,40,92,82,59,57,46,27,54,14,41,41,40,67,75,71,71,71,10,92,86,86,86,86,85,85,77,77,77,80,80,80,80,80,80,80,80,61],"gold":790,"neow_bonus":"TWENTY_PERCENT_HP_BONUS","is_daily":false,"chose_seed":false,"campfire_upgraded":5,"win_rate":0.0,"timestamp":1614111972,"path_taken":["M","?","?","?","$","R","?","?","T","?","M","$","R","E","R","BOSS","M","?","M","M","M","R","E","R","T","M","R","?","M","?","R","BOSS","M","?","?","?","?","R","E","PTL","PTL","M","T","M","?","?","M","M","R","BOSS"],"items_purchased_type":["Card","Card","Relic"],"build_version":"2020-12-22","purchased_purges":2,"victory":true,"max_hp_per_floor":[89,89,92,92,92,92,92,92,92,92,92,92,92,92,92,92,92,92,92,92,92,92,92,92,92,92,92,92,92,92,92,92,92,92,92,92,92,92,92,92,95,95,95,98,98,98,98,98,98,98,98,98],"card_choices":[{"not_picked":["Reprogram","Rebound"],"picked":"Gash","floor":1},{"not_picked":["Steam Power","Lockon"],"picked":"Time Bomb","floor":2},{"not_picked":["Cold Snap","Conserve Battery"],"picked":"Scrape","floor":8},{"not_picked":["Cold Snap","Redo"],"picked":"Steam","floor":11},{"not_picked":["Leap","Skim"],"picked":"Tempest","floor":14},{"not_picked":["hubris:Prefetch","hubris:SpecializedCircuitry"],"picked":"Mirror Shield","floor":16},{"not_picked":["Ball Lightning","Glacier"],"picked":"Compile Driver","floor":18},{"not_picked":["Panic Button","Streamline+1"],"picked":"Steam+1","floor":19},{"not_picked":["ReplaySolidLightProjector","Redo"],"picked":"Gash","floor":20},{"not_picked":["Panic Button","Compile Driver"],"picked":"BasicCrystalCard","floor":21},{"not_picked":["Stack+1","BasicCrystalCard"],"picked":"Conserve Battery","floor":22},{"not_picked":["Barrage+1","ReplayTheSpireMod:Reroute Power+1"],"picked":"Defragment","floor":24},{"not_picked":["Compile Driver","ReplayTheSpireMod:Repulse","Ball Lightning"],"picked":"SKIP","floor":27},{"not_picked":["Seek","ReplayTheSpireMod:GoodbyeWorld"],"picked":"Hologram","floor":29},{"not_picked":["Rebound","Panic Button"],"picked":"Gash","floor":30},{"not_picked":["hubris:SpecializedCircuitry","Electrodynamics"],"picked":"ReplayTheSpireMod:Fabricate Wheel","floor":33},{"not_picked":["Coolheaded+1","Force Field+1"],"picked":"Streamline+1","floor":35},{"not_picked":["ReplayTheSpireMod:System Scan+1","Cold Snap"],"picked":"Go for the Eyes+1","floor":35},{"not_picked":["Barrage+1","Steam"],"picked":"Sweeping Beam+1","floor":39},{"not_picked":["ReplayTheSpireMod:GoodbyeWorld+1","Sweeping Beam","Hologram+1"],"picked":"SKIP","floor":39},{"not_picked":["Panic Button+1","Rip and Tear"],"picked":"Conserve Battery","floor":41},{"not_picked":["Barrage+1","Compile Driver+1"],"picked":"Gash+1","floor":44},{"not_picked":["Barrage","Cold Snap"],"picked":"Leap+1","floor":44},{"not_picked":["Stack","Hologram+1"],"picked":"Self Repair+1","floor":46},{"not_picked":["Barrage","Aggregate+1","Streamline+1"],"picked":"SKIP","floor":46},{"not_picked":["Madness","Trip"],"picked":"ReplayTheSpireMod:Trickstab","floor":48},{"not_picked":["Sweeping Beam","Go for the Eyes+1"],"picked":"BootSequence+1","floor":49},{"not_picked":["Doom and Gloom","Gash+1"],"picked":"Darkness+1","floor":49},{"not_picked":["Leap+1","Gash","Glacier"],"picked":"SKIP","floor":50},{"not_picked":["Cold Snap+1","Time Bomb+1","Echo Form"],"picked":"SKIP","floor":50}],"player_experience":77961,"relics_obtained":[{"floor":9,"key":"halation:AfternoonTea"},{"floor":14,"key":"Simple Rune"},{"floor":19,"key":"Onion Ring"},{"floor":24,"key":"Happy Flower"},{"floor":26,"key":"Mercury Hourglass"},{"floor":41,"key":"halation:EternalFortune"},{"floor":41,"key":"Kunai"},{"floor":44,"key":"halation:EternalFortune"},{"floor":45,"key":"halation:PromiseList"}],"event_choices":[{"damage_healed":0,"gold_gain":175,"player_choice":"AGREE","damage_taken":0,"max_hp_gain":0,"max_hp_loss":0,"event_name":"Liars Game","floor":4,"gold_loss":0,"cards_obtained":["Doubt"]},{"damage_healed":0,"gold_gain":0,"player_choice":"1 cards matched","damage_taken":0,"max_hp_gain":0,"max_hp_loss":0,"event_name":"Match and Keep!","floor":7,"gold_loss":0,"cards_obtained":["Redo"]},{"damage_healed":0,"gold_gain":0,"player_choice":"Gave Potion","damage_taken":0,"relics_obtained":["Old Coin"],"max_hp_gain":0,"max_hp_loss":0,"event_name":"WeMeetAgain","floor":10,"gold_loss":0},{"damage_healed":0,"gold_gain":0,"player_choice":"Ignored","damage_taken":0,"max_hp_gain":0,"max_hp_loss":0,"event_name":"Vampires","floor":31,"gold_loss":0},{"damage_healed":0,"gold_gain":0,"player_choice":"Upgrade","damage_taken":0,"relics_obtained":["Mark of the Bloom"],"max_hp_gain":0,"max_hp_loss":0,"event_name":"MindBloom","floor":47,"gold_loss":0,"cards_upgraded":["Strike_B","Strike_B","Strike_B","Defend_B","Defend_B","Defend_B","Defend_B","Zap","UpSweep","stsjorbsmod:FreshAdventure","Gash","Time Bomb","Gash","Panic Button","Scrape","Steam","Tempest","Compile Driver","Gash","Conserve Battery","Defragment","Hologram","Gash","Conserve Battery"]},{"damage_healed":0,"gold_gain":0,"player_choice":"Memory 1","damage_taken":0,"max_hp_gain":0,"max_hp_loss":0,"event_name":"SensoryStone","floor":48,"gold_loss":0}],"is_beta":false,"boss_relics":[{"not_picked":["Ring of Chaos","Inserter"],"picked":"Replay:Wanted Poster"},{"not_picked":["Kintsugi","ReplayTheSpireMod:DimensionalGlitch"],"picked":"FrozenCore"}],"items_purged_floors":[5,38],"is_endless":false,"potions_floor_spawned":[1,18,21,24,30,41,46,49],"ascension_level":0}}