{"host":"b1dzdo8uo7e6jx8g","time":1614110702,"event":{"mods":["AchievementEnabler","BaseMod","BetterRewards","Colored Map","Downfall","Highlight Path","Minty Spire (QoL Compilation)","StSLib"],"gold_per_floor":[117,117,130,147,147,173,173,202,255,281,296,296,296],"floor_reached":12,"language":"ENG","playtime":464,"items_purged":[],"score":123,"play_id":"a3ab9cc0-c004-43f5-b48a-25a2931ace0b","local_time":"20210223210502","is_ascension_mode":true,"campfire_choices":[{"floor":7,"key":"REST"}],"circlet_count":0,"master_deck":["Strike_B","Strike_B","Strike_B","Strike_B","Defend_B","Defend_B","Defend_B","Defend_B","Zap","Dualcast","Static Discharge","Beam Cell","Tempest","Conserve Battery","Ball Lightning","Go for the Eyes","Capacitor","Defragment"],"relics":["Cracked Core","Membership Card","Dream Catcher","MealTicket","FaceOfCleric","Orichalcum","Regal Pillow","Centennial Puzzle","Lantern","Question Card"],"acts_visited":["Exordium"],"potions_floor_usage":[10,12],"damage_taken":[{"damage":12,"enemies":"2 Louse","floor":1,"turns":3},{"damage":6,"enemies":"Cultist","floor":3,"turns":3},{"damage":3,"enemies":"Jaw Worm","floor":4,"turns":4},{"damage":33,"enemies":"Gremlin Nob","floor":6,"turns":5},{"damage":22,"enemies":"3 Sentries","floor":8,"turns":5},{"damage":13,"enemies":"Lagavulin","floor":10,"turns":6},{"damage":2,"enemies":"Blue Slaver","floor":11,"turns":3},{"damage":13,"enemies":"3 Sentries","floor":12,"turns":4}],"seed_played":"5425453577558920043","potions_obtained":[{"floor":1,"key":"AttackPotion"},{"floor":3,"key":"Energy Potion"},{"floor":10,"key":"Energy Potion"}],"is_trial":false,"path_per_floor":["M","?","M","M","T","E","R","E","T","E","M","E"],"character_chosen":"DEFECT","items_purchased":["Membership Card","Dream Catcher","MealTicket","Static Discharge","Beam Cell","Tempest"],"campfire_rested":1,"item_purchase_floors":[0,0,0,0,0,0],"current_hp_per_floor":[47,47,42,40,40,8,46,25,25,13,12,0,0],"gold":296,"neow_bonus":"","is_daily":false,"chose_seed":false,"campfire_upgraded":0,"win_rate":0.0,"timestamp":1614110702,"path_taken":["M","?","?","M","?","E","R","E","T","E","M","E"],"items_purchased_type":["Relic","Relic","Relic","Card","Card","Card"],"build_version":"2020-12-22","purchased_purges":0,"victory":false,"max_hp_per_floor":[75,75,76,77,77,78,78,79,79,80,81,81,81],"card_choices":[{"not_picked":["Fusion","Beam Cell","Leap"],"picked":"SKIP","floor":1},{"not_picked":["Streamline","Barrage","Turbo"],"picked":"SKIP","floor":3},{"not_picked":["Hologram","Gash"],"picked":"Conserve Battery","floor":4},{"not_picked":["Barrage","Glacier"],"picked":"Ball Lightning","floor":6},{"not_picked":["Steam Power","Tempest"],"picked":"Go for the Eyes","floor":7},{"not_picked":["Steam","Tempest"],"picked":"Capacitor","floor":8},{"not_picked":["Biased Cognition","Compile Driver","Hologram"],"picked":"SKIP","floor":10},{"not_picked":["Auto Shields","Reprogram","Skim"],"picked":"Defragment","floor":11}],"player_experience":265581,"relics_obtained":[{"floor":5,"key":"Orichalcum"},{"floor":6,"key":"Regal Pillow"},{"floor":8,"key":"Centennial Puzzle"},{"floor":9,"key":"Lantern"},{"floor":10,"key":"Question Card"}],"event_choices":[{"damage_healed":0,"gold_gain":0,"player_choice":"Trade","damage_taken":0,"relics_obtained":["FaceOfCleric"],"max_hp_gain":0,"max_hp_loss":0,"event_name":"FaceTrader","floor":2,"gold_loss":0}],"is_beta":false,"boss_relics":[],"items_purged_floors":[],"is_endless":false,"potions_floor_spawned":[1,3,10],"killed_by":"3 Sentries","ascension_level":5}}