{"host":"lehbxtjrpalkmwwj","time":1614097909,"event":{"mods":["ATMod(°¢èªMod)","Aspiration","BaseMod","Challenge The Spire","Colored Map","Colored Powertips","Conspire","Dota2Spire","Energized Spire","Hunter ÁÔÈË","Minty Spire (QoL Compilation)","Quick Restart","Relic Stats","Reliquary","Replay The Spire","Spicy Shops","StSLib","TestMod","The Cursed","The IronCluck","The Poker Player","Waifu the Spire","Wide Potions","[IsaacMod]ÒÔÈö¼âËþ","¡¾ÒÅÎï¿¨ÅÆ¡¿REMEMod","É³µñ²ÄÖÊ°ümod","óô»ðÖ¸ÄÏ"],"gold_per_floor":[113,113,170,170,170,203,250,333,378,409,484,522,522,522,522,675,675,739,739,806,125,125,227,227,319,319,335,335],"floor_reached":27,"language":"ZHS","playtime":921,"items_purged":["Regret"],"score":488,"play_id":"5c55d5d7-90bc-4d64-8fc6-657d49524aaf","local_time":"20210224003149","is_ascension_mode":true,"campfire_choices":[{"floor":13.0,"key":"RECALL"},{"floor":15.0,"key":"DIG"},{"data":"Decay","floor":24.0,"key":"PURGE"}],"circlet_count":0,"master_deck":["AscendersBane","Strike_G","Strike_G","Strike_G","Strike_G","Strike_G","Defend_G","Defend_G","Defend_G","Defend_G","Defend_G","Survivor","Neutralize","EpicFetus+1","AT_Dispersion+1","Reaper+1","Hidden Blade","Draining Mist","Deadly Poison","Deadly Poison","Endless Agony","Acrobatics","Glass Knife","ReplayTheSpireMod:Scrap Shanks","A Thousand Cuts+1","Dagger Throw+1","Deadly Poison+1","Atom Bomb"],"relics":["Ring of the Snake","HushsDoor","AT_ATBox","testmod-TestBox","REME_ComplimentaryCards","SalivaCoin","testmod-Nyarlathotep","NeowsBlessing","ReplayTheSpireMod:Ninjato","Blue Candle","reliquary:PorcupineQuills","AT_DeathDance","Dota2Spire:LotusOrb","Incense Burner","AT_SilvercatRing","Omamori","reliquary:ThirdArm","Blood Vial","TwistedFunnel","Toolbox","reliquary:Vitrine","Peace Pipe","reliquary:TuningFork","testmod-TheFather","reliquary:RadioactivePellet","Sundial"],"acts_visited":["Exordium","TheCity"],"potions_floor_usage":[25],"damage_taken":[{"damage":0.0,"enemies":"2 Louse","floor":1.0,"turns":1.0},{"damage":0.0,"enemies":"Hiden Room Battle","floor":3.0,"turns":1.0},{"damage":0.0,"enemies":"Gremlin Nob","floor":6.0,"turns":1.0},{"damage":5.0,"enemies":"Cultist","floor":7.0,"turns":3.0},{"damage":15.0,"enemies":"Lagavulin","floor":8.0,"turns":5.0},{"damage":3.0,"enemies":"Small Slimes","floor":10.0,"turns":4.0},{"damage":23.0,"enemies":"Gremlin Nob","floor":11.0,"turns":4.0},{"damage":8.0,"enemies":"Blue Slaver","floor":12.0,"turns":4.0},{"damage":8.0,"enemies":"Hexaghost","floor":16.0,"turns":10.0},{"damage":14.0,"enemies":"3 Byrds","floor":18.0,"turns":4.0},{"damage":11.0,"enemies":"Chosen","floor":20.0,"turns":6.0},{"damage":28.0,"enemies":"Replay:Snechameleon","floor":23.0,"turns":5.0},{"damage":16,"enemies":"Gremlin Leader","floor":25,"turns":4},{"damage":7,"enemies":"Centurion and Healer","floor":27,"turns":1}],"seed_played":"-723533701800935404","potions_obtained":[{"floor":1.0,"key":"REME_GoldPotion"},{"floor":7.0,"key":"CunningPotion"},{"floor":8.0,"key":"Fruit Juice"},{"floor":12.0,"key":"Elixir"},{"floor":18.0,"key":"DuplicationPotion"}],"is_trial":false,"path_per_floor":["M","?","?","?","?","E","M","E","T","M","E","M","R","T","R_BF","B",null,"M","?","M","$","?","E","R","E","T","M"],"character_chosen":"THE_SILENT","items_purchased":["Blood Vial","TwistedFunnel","Toolbox","reliquary:Vitrine","Peace Pipe"],"campfire_rested":0,"item_purchase_floors":[21,21,21,21,21],"current_hp_per_floor":[63,63,48,48,48,48,43,37,37,42,19,15,15,15,15,7,58,44,44,37,37,37,11,11,2,2,0,0],"gold":335,"neow_bonus":"THREE_ENEMY_KILL","is_daily":false,"chose_seed":false,"campfire_upgraded":0,"win_rate":0.0,"timestamp":1614097909,"path_taken":["M","?","?","?","?","E","M","E","T","M","E","?","R","?","R_BF","BOSS","M","?","M","$","?","E","R","E","T","M"],"items_purchased_type":["Relic","Relic","Relic","Relic","Relic"],"build_version":"2020-12-22","purchased_purges":1,"victory":false,"max_hp_per_floor":[70,70,70,70,70,70,70,75,75,75,75,75,75,75,75,75,75,75,75,75,75,75,75,75,75,75,75,75],"relic_stats":{"Blood Vial":6,"Peace Pipe":1,"counters":[14,53],"Sundial":[0],"Blue Candle":[19],"obtain_stats":[{"TwistedFunnel":21,"AT_ATBox":0,"Incense Burner":11,"testmod-Nyarlathotep":0,"reliquary:ThirdArm":17,"Dota2Spire:LotusOrb":8,"Blood Vial":21,"Sundial":26,"Toolbox":21,"testmod-TheFather":23,"reliquary:RadioactivePellet":25,"reliquary:Vitrine":21,"Ring of the Snake":0,"KeepersGift":0,"testmod-TestBox":0,"ReplayTheSpireMod:Ninjato":2,"NeowsBlessing":0,"Blue Candle":3,"Omamori":15,"AT_SilvercatRing":14,"Peace Pipe":21,"reliquary:PorcupineQuills":3,"SalivaCoin":0,"reliquary:TuningFork":22,"AT_DeathDance":6,"HushsDoor":0,"REME_ComplimentaryCards":0},{"TwistedFunnel":11,"AT_ATBox":0,"Incense Burner":7,"testmod-Nyarlathotep":0,"reliquary:ThirdArm":9,"Dota2Spire:LotusOrb":5,"Blood Vial":11,"Sundial":13,"Toolbox":11,"testmod-TheFather":12,"reliquary:RadioactivePellet":13,"reliquary:Vitrine":11,"Ring of the Snake":0,"KeepersGift":0,"testmod-TestBox":0,"ReplayTheSpireMod:Ninjato":1,"NeowsBlessing":0,"Blue Candle":2,"Omamori":8,"AT_SilvercatRing":8,"Peace Pipe":11,"reliquary:PorcupineQuills":2,"SalivaCoin":0,"reliquary:TuningFork":11,"AT_DeathDance":3,"HushsDoor":0,"REME_ComplimentaryCards":0},{"TwistedFunnel":43,"AT_ATBox":0,"Incense Burner":19,"testmod-Nyarlathotep":0,"reliquary:ThirdArm":33,"Dota2Spire:LotusOrb":11,"Blood Vial":43,"Sundial":52,"Toolbox":43,"testmod-TheFather":48,"reliquary:RadioactivePellet":52,"reliquary:Vitrine":43,"Ring of the Snake":0,"KeepersGift":0,"testmod-TestBox":0,"ReplayTheSpireMod:Ninjato":1,"NeowsBlessing":0,"Blue Candle":2,"Omamori":23,"AT_SilvercatRing":23,"Peace Pipe":43,"reliquary:PorcupineQuills":2,"SalivaCoin":0,"reliquary:TuningFork":43,"AT_DeathDance":3,"HushsDoor":0,"REME_ComplimentaryCards":0}],"Ring of the Snake":[28]},"card_choices":[{"not_picked":[],"picked":"EpicFetus","floor":0.0},{"not_picked":["Outmaneuver","Flying Knee"],"picked":"Hidden Blade","floor":1.0},{"not_picked":["AT_TinkerSharpsword","AT_WindRun"],"picked":"Draining Mist","floor":3.0},{"not_picked":["AT_WindRun","Acrobatics"],"picked":"Deadly Poison","floor":6.0},{"not_picked":["Underhanded Strike","Heel Hook"],"picked":"Deadly Poison","floor":7.0},{"not_picked":["Bomb","AT_WindFlip"],"picked":"Endless Agony","floor":8.0},{"not_picked":["ReplayTheSpireMod:Exploit Weakness","Deflect"],"picked":"Acrobatics","floor":10.0},{"not_picked":["AT_ShadowStep","Fluid Movement"],"picked":"Glass Knife","floor":11.0},{"not_picked":["Acrobatics","Bomb"],"picked":"ReplayTheSpireMod:Scrap Shanks","floor":12.0},{"not_picked":["Envenom","Grand Finale"],"picked":"A Thousand Cuts","floor":16.0},{"not_picked":["Concentrate","Acrobatics"],"picked":"Dagger Throw+1","floor":18.0},{"not_picked":["AT_KneejerkReflex","PiercingWail"],"picked":"Toxin Wave+1","floor":20.0},{"not_picked":["Cloak And Dagger","Bane"],"picked":"Deadly Poison+1","floor":23.0},{"not_picked":["conspire:PoisonWeapons","Burst"],"picked":"Atom Bomb","floor":25}],"player_experience":214962,"relics_obtained":[{"floor":3.0,"key":"Blue Candle"},{"floor":3.0,"key":"reliquary:PorcupineQuills"},{"floor":6.0,"key":"AT_DeathDance"},{"floor":8.0,"key":"Dota2Spire:LotusOrb"},{"floor":11.0,"key":"Incense Burner"},{"floor":14.0,"key":"AT_SilvercatRing"},{"floor":15.0,"key":"Omamori"},{"floor":23.0,"key":"testmod-TheFather"},{"floor":25,"key":"reliquary:RadioactivePellet"},{"floor":26,"key":"Sundial"}],"event_choices":[{"damage_healed":0.0,"max_hp_gain":0.0,"max_hp_loss":0.0,"gold_gain":0.0,"event_name":"Big Fish","player_choice":"Box","floor":2.0,"gold_loss":0.0,"damage_taken":0.0,"relics_obtained":["ReplayTheSpireMod:Ninjato"],"cards_obtained":["Regret"]},{"damage_healed":0.0,"max_hp_gain":0.0,"max_hp_loss":0.0,"gold_gain":0.0,"event_name":"HidenRoomEvent","player_choice":"Fight","floor":3.0,"gold_loss":0.0,"damage_taken":0.0},{"damage_healed":0.0,"max_hp_gain":0.0,"max_hp_loss":0.0,"gold_gain":0.0,"event_name":"Wheel of Change","player_choice":"Cursed","floor":4.0,"gold_loss":0.0,"damage_taken":0.0,"cards_obtained":["Decay"]},{"damage_healed":0.0,"max_hp_gain":0.0,"max_hp_loss":0.0,"gold_gain":0.0,"event_name":"The Woman in Blue","player_choice":"Bought 0 Potions","floor":19.0,"gold_loss":0.0,"damage_taken":0.0},{"damage_healed":0.0,"max_hp_gain":0.0,"max_hp_loss":0.0,"gold_gain":0.0,"event_name":"Addict","player_choice":"Stole Relic","floor":22.0,"gold_loss":0.0,"damage_taken":0.0,"relics_obtained":["reliquary:TuningFork"],"cards_obtained":["Shame"]}],"is_beta":false,"boss_relics":[{"not_picked":["HoveringKite","aspiration:IroncladSkillbook"],"picked":"reliquary:ThirdArm"},{"not_picked":[]}],"items_purged_floors":[21],"is_endless":false,"potions_floor_spawned":[1,7,8,12,18],"killed_by":"Centurion and Healer","ascension_level":10}}