{"host":"wqwfknj40rilnol1","time":1614095005,"event":{"mods":["AchievementEnabler","Aspiration","BaseMod","BetterRewards","Block Reminder","Colored Map","Conspire","Highlight Path","Hubris","Minty Spire (QoL Compilation)","Permanent Neow","Quick Restart","Relic Stats","Replay The Spire","Shop Mod","StSLib","The Cursed"],"gold_per_floor":[109,384,403,403,178,178,206,218,280,327,339,361,373,405,417,524,536,558,570,597,626,638,650,690,702,739,751,781,793,377,389,389,494,494,512,512,512,412,432,432,450,450,450,468,487,521,521,535,535,535],"floor_reached":51,"language":"ENG","playtime":3010,"items_purged":["Regret","Strike_P"],"score":675,"play_id":"2e4f10e4-996f-4011-8df0-c3a691d73199","local_time":"20210223164325","is_ascension_mode":false,"campfire_choices":[{"data":"Eruption","floor":6,"key":"SMITH"},{"data":"Crescendo","floor":13,"key":"SMITH"},{"floor":23,"key":"REST"},{"floor":27,"key":"REST"},{"floor":29,"key":"REST"},{"floor":32,"key":"DIG"},{"data":"BattleHymn","floor":40,"key":"SMITH"},{"data":"MasterReality","floor":42,"key":"SMITH"},{"floor":49,"key":"REST"}],"circlet_count":0,"master_deck":["Strike_P+1","Strike_P+1","Strike_P+1","Defend_P","Defend_P","Defend_P","Defend_P","Eruption+1","Vigilance+1","BattleHymn+1","Crescendo+1","CutThroughFate+1","Adaptation","Halt","EmptyFist","MasterReality+1","CutThroughFate+1","Consecrate+1","Crow Ritual","SandsOfTime","EmptyFist+1","ClearTheMind","DeusExMachina","WindmillStrike+1","Replay:Hum+1"],"relics":["PureWater","aspiration:Nostalgia","Sizzling Blood","hubris:CuriousFeather","MerchantsRug","MawBank","Strawberry","Pen Nib","hubris:Backtick","aspiration:StickyExplosives","Boot","Orichalcum","Gremlin Food","Frozen Eye","Toy Ornithopter","aspiration:RitualDagger","hubris:Towel","Potion Belt","HornCleat"],"acts_visited":["Exordium","TheCity","TheBeyond"],"potions_floor_usage":[16,20,24,24,50,50,50],"damage_taken":[{"damage":9,"enemies":"Small Slimes","floor":1,"turns":3},{"damage":4,"enemies":"Cultist","floor":3,"turns":4},{"damage":44,"enemies":"Lagavulin","floor":7,"turns":6},{"damage":10,"enemies":"Gremlin Nob","floor":10,"turns":3},{"damage":8,"enemies":"2 Louse","floor":12,"turns":2},{"damage":7,"enemies":"Exordium Wildlife","floor":14,"turns":4},{"damage":6,"enemies":"Hexaghost","floor":16,"turns":6},{"damage":39,"enemies":"2 Thieves","floor":18,"turns":4},{"damage":2,"enemies":"Spheric Guardian","floor":20,"turns":3},{"damage":0,"enemies":"Centurion and Healer","floor":21,"turns":3},{"damage":56,"enemies":"Slavers","floor":24,"turns":4},{"damage":4,"enemies":"3 Cultists","floor":28,"turns":3},{"damage":0,"enemies":"Snecko","floor":31,"turns":3},{"damage":17,"enemies":"Champ","floor":33,"turns":6},{"damage":54,"enemies":"3 Darklings","floor":35,"turns":6},{"damage":33,"enemies":"3 Shapes","floor":39,"turns":3},{"damage":53,"enemies":"Maw","floor":41,"turns":3},{"damage":15,"enemies":"Transient","floor":44,"turns":5},{"damage":21,"enemies":"Jaw Worm Horde","floor":45,"turns":3},{"damage":30,"enemies":"conspire:MimicChest","floor":46,"turns":4},{"damage":40,"enemies":"Spire Growth","floor":48,"turns":4},{"damage":143,"enemies":"Awakened One","floor":50,"turns":8}],"seed_played":"406402658794656625","potions_obtained":[{"floor":10,"key":"DistilledChaos"},{"floor":14,"key":"Energy Potion"},{"floor":16,"key":"DuplicationPotion"},{"floor":20,"key":"Regen Potion"},{"floor":24,"key":"Ancient Potion"},{"floor":28,"key":"Dexterity Potion"},{"floor":31,"key":"Swift Potion"},{"floor":35,"key":"Death Potion"},{"floor":41,"key":"PowerPotion"},{"floor":45,"key":"Ancient Potion"}],"is_trial":false,"path_per_floor":["M","?","M","?","$","R","E","$","T","E","?","M","R","M","R_BF","B",null,"M","$","M","M","?","R","E","?","T","R","M","R","$","M","R_BF","B",null,"M","?","?","$","M","R","M","R","T","M","M","?","?","M","R","B",null],"character_chosen":"WATCHER","items_purchased":["MerchantsRug","Crow Ritual","Frozen Eye","SandsOfTime","EmptyFist+1"],"campfire_rested":4,"item_purchase_floors":[5,30,30,30,30],"current_hp_per_floor":[71,71,71,59,59,59,19,19,26,20,40,36,36,33,16,14,83,48,48,50,54,38,64,21,21,21,47,47,73,73,77,77,64,88,38,38,38,38,9,9,85,85,85,85,80,70,70,53,78,28],"gold":535,"neow_bonus":"NOSTALGIA","is_daily":false,"chose_seed":false,"campfire_upgraded":4,"win_rate":0.0,"timestamp":1614095005,"path_taken":["M","?","?","?","?","R","E","$","T","E","?","M","R","M","R_BF","BOSS","M","$","M","M","?","R","E","?","T","R","M","R","$","M","R_BF","BOSS","M","?","?","$","M","R","M","R","T","M","?","?","?","M","R","BOSS"],"items_purchased_type":["Relic","Card","Relic","Card","Card"],"build_version":"2020-12-22","purchased_purges":2,"victory":true,"max_hp_per_floor":[76,76,76,76,76,76,76,76,83,83,83,83,83,83,83,83,83,83,83,83,83,88,88,88,88,88,88,88,88,88,88,88,88,88,88,88,85,85,85,85,85,85,85,85,85,85,85,85,85,85],"relic_stats":{"counters":[22,90],"Pen Nib":[16],"Orichalcum":[120],"MawBank":276,"Boot":[11],"obtain_stats":[{"Gremlin Food":26,"Potion Belt":43,"MerchantsRug":5,"aspiration:StickyExplosives":17,"aspiration:Nostalgia":0,"Pen Nib":10,"Sizzling Blood":0,"Orichalcum":25,"hubris:Towel":36,"MawBank":7,"Boot":24,"Frozen Eye":30,"hubris:Backtick":17,"HornCleat":46,"Strawberry":9,"hubris:CuriousFeather":4,"aspiration:RitualDagger":34,"PureWater":0,"Toy Ornithopter":32},{"Gremlin Food":11,"Potion Belt":17,"MerchantsRug":2,"aspiration:StickyExplosives":7,"aspiration:Nostalgia":0,"Pen Nib":4,"Sizzling Blood":0,"Orichalcum":11,"hubris:Towel":15,"MawBank":3,"Boot":11,"Frozen Eye":12,"hubris:Backtick":7,"HornCleat":20,"Strawberry":3,"hubris:CuriousFeather":2,"aspiration:RitualDagger":14,"PureWater":0,"Toy Ornithopter":13},{"Gremlin Food":42,"Potion Belt":66,"MerchantsRug":7,"aspiration:StickyExplosives":28,"aspiration:Nostalgia":0,"Pen Nib":16,"Sizzling Blood":0,"Orichalcum":42,"hubris:Towel":60,"MawBank":13,"Boot":42,"Frozen Eye":45,"hubris:Backtick":28,"HornCleat":78,"Strawberry":13,"hubris:CuriousFeather":7,"aspiration:RitualDagger":54,"PureWater":0,"Toy Ornithopter":48}],"Toy Ornithopter":10},"card_choices":[{"not_picked":["Crescendo","Replay:BluntJabs"],"picked":"BattleHymn","floor":1},{"not_picked":["CutThroughFate","SignatureMove"],"picked":"Crescendo","floor":3},{"not_picked":["WreathOfFlame","EmptyBody"],"picked":"CutThroughFate","floor":7},{"not_picked":["Replay:Vibes","FollowUp"],"picked":"Adaptation","floor":10},{"not_picked":["WheelKick","Nirvana"],"picked":"Halt","floor":12},{"not_picked":["SignatureMove","ReachHeaven"],"picked":"EmptyFist","floor":14},{"not_picked":["DevaForm","Omniscience"],"picked":"MasterReality","floor":16},{"not_picked":["CrushJoints","Crescendo"],"picked":"CutThroughFate+1","floor":18},{"not_picked":["CrushJoints","FlurryOfBlows","Replay:AtTheReady"],"picked":"SKIP","floor":20},{"not_picked":["Replay:AtTheReady+1","Collect","Crescendo"],"picked":"SKIP","floor":21},{"not_picked":["Replay:DivineShield","Vengeance","SashWhip"],"picked":"SKIP","floor":24},{"not_picked":["Replay:ManipulateFuture","Crescendo"],"picked":"Consecrate+1","floor":28},{"not_picked":["Replay:Hum","Pray+1"],"picked":"ClearTheMind","floor":31},{"not_picked":["MasterReality","Replay:LoomingThreat"],"picked":"DeusExMachina","floor":33},{"not_picked":["Halt+1","CutThroughFate+1"],"picked":"WindmillStrike+1","floor":35},{"not_picked":["ClearTheMind","Replay:AtTheReady+1"],"picked":"Replay:Hum+1","floor":39},{"not_picked":["Consecrate","CutThroughFate","Worship+1"],"picked":"SKIP","floor":41},{"not_picked":["Collect+1","EmptyBody+1","Replay:BluntJabs"],"picked":"SKIP","floor":44},{"not_picked":["Replay:Hum+1","EmptyFist+1","Consecrate+1"],"picked":"SKIP","floor":45},{"not_picked":["Crescendo+1","FearNoEvil","ThirdEye+1"],"picked":"SKIP","floor":48}],"player_experience":309477,"relics_obtained":[{"floor":7,"key":"MawBank"},{"floor":9,"key":"Strawberry"},{"floor":10,"key":"Pen Nib"},{"floor":24,"key":"Boot"},{"floor":26,"key":"Gremlin Food"},{"floor":32,"key":"Toy Ornithopter"},{"floor":43,"key":"Potion Belt"},{"floor":46,"key":"HornCleat"}],"event_choices":[{"damage_healed":0,"gold_gain":275,"player_choice":"Desecrate","damage_taken":0,"max_hp_gain":0,"max_hp_loss":0,"event_name":"Golden Shrine","floor":2,"gold_loss":0,"cards_obtained":["Regret"]},{"damage_healed":0,"gold_gain":0,"player_choice":"Success","damage_taken":12,"relics_obtained":["hubris:CuriousFeather"],"max_hp_gain":0,"max_hp_loss":0,"event_name":"Scrap Ooze","floor":4,"gold_loss":0},{"damage_healed":20,"gold_gain":0,"player_choice":"Healed and dodged fight","damage_taken":0,"max_hp_gain":0,"max_hp_loss":0,"event_name":"Mushrooms","floor":11,"gold_loss":0,"cards_obtained":["Parasite"]},{"damage_healed":0,"gold_gain":0,"player_choice":"Entered Light","damage_taken":17,"max_hp_gain":0,"max_hp_loss":0,"event_name":"Shining Light","floor":15,"gold_loss":0,"cards_upgraded":["Strike_P","Strike_P"]},{"damage_healed":0,"gold_gain":0,"player_choice":"Shed Blood","damage_taken":21,"max_hp_gain":5,"max_hp_loss":0,"event_name":"Forgotten Altar","floor":22,"gold_loss":0},{"damage_healed":0,"gold_gain":0,"player_choice":"Gave Potion","damage_taken":0,"relics_obtained":["Orichalcum"],"max_hp_gain":0,"max_hp_loss":0,"event_name":"WeMeetAgain","floor":25,"gold_loss":0},{"cards_removed":["Parasite"],"damage_healed":0,"gold_gain":0,"player_choice":"Purged","damage_taken":0,"max_hp_gain":0,"max_hp_loss":0,"event_name":"Purifier","floor":37,"gold_loss":0},{"damage_healed":0,"gold_gain":0,"player_choice":"Ignored","damage_taken":0,"max_hp_gain":0,"max_hp_loss":0,"event_name":"Mysterious Sphere","floor":47,"gold_loss":0}],"is_beta":false,"boss_relics":[{"not_picked":["hubris:TerracottaHorce","Coffee Dripper"],"picked":"hubris:Backtick"},{"not_picked":["hubris:ScarierMask","aspiration:SecretTechniqueScroll"],"picked":"aspiration:RitualDagger"}],"items_purged_floors":[5,38],"is_endless":false,"potions_floor_spawned":[10,14,16,20,24,28,31,35,41,45],"ascension_level":0}}