{"host":"ty9fb48q9oru32qm","time":1614102122,"event":{"mods":["2.2 Compatiblity","AchievementEnabler","Act Like it!","Astrologer","BaseMod","Beaked The Cultist","Better Synergies","Block Reminder","Colored Powertips","Conspire","DeckTracker","Downfall","Friendly Minions","GifTheSpireLib","Hermit","Hubris","Infinite Spire","Jorbs\u0027s Wanderer Trilogy","Marisa????????","Minty Spire (QoL Compilation)","Permanent Neow","Quick Restart","Random Character Button","Reliquary","Replay The Spire","Somnambulant","StSLib","Stuff the Spire","The Cursed","The Marked","The Runesmith","TheVacant"],"gold_per_floor":[115,115,115,115,128,153,153,153,179,207,55,55,55,90,90,195,195,211,222,222,222,242,270,270,284,284,313,331,351,371,123,123,220,220,232,263,279,279,41,41,72,86,111,111,111,129,162,179,179,179],"floor_reached":51,"language":"ENG","playtime":5248,"items_purged":["Amnesia","Blizzard","ReplaySolidLightProjector+1"],"score":863,"play_id":"6484730a-a140-415b-90a0-b11f0fd171ba","local_time":"20210223184202","is_ascension_mode":false,"campfire_choices":[{"data":"Loop","floor":7,"key":"SMITH"},{"floor":13,"key":"REST"},{"floor":15,"key":"REST"},{"data":"Barrage","floor":24,"key":"SMITH"},{"floor":32,"key":"REST"},{"floor":40,"key":"REST"},{"data":"hubris:PowerSurge","floor":49,"key":"SMITH"}],"circlet_count":0,"master_deck":["conspire:GhostlyStrike","conspire:GhostlyStrike","conspire:GhostlyStrike","conspire:GhostlyStrike","conspire:GhostlyDefend","conspire:GhostlyDefend","conspire:GhostlyDefend","conspire:GhostlyDefend","Zap+1","Dualcast","StuffTheSpire:Plugnplay+1","Loop+1","Pot Of Greed","Pot Of Greed","Electrodynamics","Barrage+1","FIFO Queue","Leap+1","Reinforced Body+1","StuffTheSpire:LoadUp","Leap","Machine Learning","Pot Of Greed","conspire:SharedLibrary+1","Conserve Battery+1","hubris:PowerSurge+1"],"relics":["Cracked Core","hubris:SlimyHat","Ring of Misfortune","Ring of Peace","Nunchaku","hubris:Towel","Strawberry","reliquary:IridiumChain","Grinning Jar","infinitespire:EmpoweringShard","Runic Dome","Velvet Choker","Quantum Egg","reliquary:RoseTintedGlasses","Toy Ornithopter","Geode","Sling","hubris:ScarierMask","StuffTheSpire:OldFever","reliquary:PurpleTingedLeaf","StuffTheSpire:RubySignet","StuffTheSpire:CocoNut","StuffTheSpire:Gunfinga","conspire:SpecialSausage","StuffTheSpire:Rhapsscallions","hubris:Zylophone"],"acts_visited":["Exordium","TheCity","TheBeyond"],"potions_floor_usage":[16,27,28,30,30,47],"damage_taken":[{"damage":2,"enemies":"2 Louse","floor":1,"turns":4},{"damage":0,"enemies":"Jaw Worm","floor":5,"turns":4},{"damage":45,"enemies":"Gremlin Nob","floor":6,"turns":6},{"damage":16,"enemies":"3 Sentries","floor":10,"turns":8},{"damage":10,"enemies":"Lagavulin","floor":14,"turns":5},{"damage":10,"enemies":"The Guardian","floor":16,"turns":10},{"damage":14,"enemies":"Spheric Guardian","floor":18,"turns":4},{"damage":3,"enemies":"Chosen","floor":19,"turns":5},{"damage":0,"enemies":"Snecko","floor":22,"turns":4},{"damage":25,"enemies":"Book of Stabbing","floor":23,"turns":6},{"damage":0,"enemies":"Chosen and Byrds","floor":25,"turns":3},{"damage":13,"enemies":"Replay:Snechameleon","floor":27,"turns":5},{"damage":0,"enemies":"Cultist and Chosen","floor":28,"turns":4},{"damage":12,"enemies":"conspire:HollyBat","floor":29,"turns":7},{"damage":10,"enemies":"Snake Plant","floor":30,"turns":4},{"damage":10,"enemies":"Champ","floor":33,"turns":11},{"damage":18,"enemies":"Orb Walker","floor":35,"turns":5},{"damage":28,"enemies":"conspire:MimicChest","floor":36,"turns":7},{"damage":0,"enemies":"3 Shapes","floor":37,"turns":4},{"damage":0,"enemies":"hubris:Merchant","floor":39,"turns":1},{"damage":0,"enemies":"Giant Head","floor":41,"turns":7},{"damage":30,"enemies":"Maw","floor":42,"turns":8},{"damage":0,"enemies":"Transient","floor":46,"turns":5},{"damage":9,"enemies":"Reptomancer","floor":47,"turns":3},{"damage":0,"enemies":"3 Darklings","floor":48,"turns":3},{"damage":22,"enemies":"hubris:GrandSnecko","floor":50,"turns":6}],"seed_played":"1043418940196770266","potions_obtained":[{"floor":6,"key":"Weak Potion"},{"floor":14,"key":"sneckomod:MuddlingPotion"},{"floor":18,"key":"Swift Potion"},{"floor":23,"key":"LiquidBronze"},{"floor":27,"key":"Strength Potion"},{"floor":28,"key":"Explosive Potion"},{"floor":30,"key":"Dexterity Potion"},{"floor":36,"key":"Slimebound:ThreeZeroPotion"},{"floor":41,"key":"FearPotion"}],"is_trial":false,"path_per_floor":["M","?","?","?","M","E","R","?","T","E","$","?","R","E","R","B",null,"M","M","?","AVR","M","E","R","M","T","E","M","M","M","$","R","B",null,"M","?","M","$","$","R","E","M","T","AVR","$","M","E","M","R","B",null],"character_chosen":"DEFECT","items_purchased":["Grinning Jar","Leap","Sling","reliquary:PurpleTingedLeaf","StuffTheSpire:RubySignet"],"campfire_rested":4,"item_purchase_floors":[11,31,31,38,39],"current_hp_per_floor":[73,73,73,73,73,28,28,28,35,19,19,19,43,33,57,47,82,68,65,65,65,65,40,40,40,40,32,37,25,25,25,49,39,82,64,36,36,20,20,44,55,27,27,29,29,31,28,29,29,10],"gold":179,"neow_bonus":"RANDOM_COMMON_RELIC","is_daily":false,"chose_seed":false,"campfire_upgraded":3,"win_rate":0.0,"timestamp":1614102122,"path_taken":["M","?","?","?","M","E","R","?","T","E","$","?","R","E","R","BOSS","M","M","?","AVR","M","E","R","M","T","E","M","M","?","$","R","BOSS","M","?","M","?","$","R","E","M","T","AVR","?","?","E","M","R","BOSS"],"items_purchased_type":["Relic","Card","Relic","Relic","Relic"],"build_version":"2020-12-22","purchased_purges":3,"victory":true,"max_hp_per_floor":[75,75,75,75,75,75,75,75,82,82,82,82,82,82,82,82,82,82,82,82,82,82,82,82,82,82,82,82,82,82,82,82,82,82,82,82,82,82,82,82,89,89,89,91,91,91,91,91,91,91],"card_choices":[{"not_picked":["Steam Power","Cold Snap"],"picked":"StuffTheSpire:Plugnplay","floor":1},{"not_picked":["hubris:Ukulele","StuffTheSpire:SnapShoot"],"picked":"Blizzard","floor":5},{"not_picked":["Compile Driver","Gash"],"picked":"Loop","floor":6},{"not_picked":["Streamline","Leap","Glacier"],"picked":"SKIP","floor":10},{"not_picked":["BasicCrystalCard","Panic Button","Steam"],"picked":"SKIP","floor":14},{"not_picked":["hubris:Prefetch","StuffTheSpire:ForEach"],"picked":"Electrodynamics","floor":16},{"not_picked":["Hologram+1","Beam Cell"],"picked":"ReplaySolidLightProjector+1","floor":18},{"not_picked":["conspire:Rain","Glacier"],"picked":"Barrage","floor":19},{"not_picked":["Glacier","ReplaySort+1","Sweeping Beam"],"picked":"SKIP","floor":22},{"not_picked":["Meteor Strike","Cold Snap"],"picked":"Coolheaded","floor":23},{"not_picked":["Ball Lightning+1","Undo+1"],"picked":"FIFO Queue","floor":25},{"not_picked":["Sunder","Blizzard"],"picked":"Leap+1","floor":27},{"not_picked":["Reprogram","Beam Cell+1"],"picked":"Reinforced Body+1","floor":28},{"not_picked":["Aggregate","StuffTheSpire:Rend+1","Hologram"],"picked":"SKIP","floor":29},{"not_picked":["StuffTheSpire:SnapShoot","Streamline"],"picked":"StuffTheSpire:LoadUp","floor":30},{"not_picked":["StuffTheSpire:LaunchingStrike","ReplayTheSpireMod:Omega Cannon"],"picked":"Machine Learning","floor":33},{"not_picked":["BasicCrystalCard","Turbo+1","StuffTheSpire:Plugnplay+1"],"picked":"SKIP","floor":35},{"not_picked":["StuffTheSpire:SnapShoot+1","Beam Cell+1","Cold Snap+1"],"picked":"SKIP","floor":37},{"not_picked":["Capacitor+1","Beam Cell"],"picked":"conspire:SharedLibrary+1","floor":41},{"not_picked":["Double Energy+1","Compile Driver+1"],"picked":"Conserve Battery+1","floor":42},{"not_picked":["Stack","Barrage","Hologram+1"],"picked":"SKIP","floor":46},{"not_picked":["Biased Cognition","Genetic Algorithm","StuffTheSpire:LoadUp"],"picked":"SKIP","floor":47},{"not_picked":["Rip and Tear+1","Beam Cell+1"],"picked":"hubris:PowerSurge","floor":48}],"player_experience":341630,"relics_obtained":[{"floor":3,"key":"Ring of Misfortune"},{"floor":3,"key":"Ring of Peace"},{"floor":6,"key":"Nunchaku"},{"floor":9,"key":"Strawberry"},{"floor":10,"key":"reliquary:IridiumChain"},{"floor":14,"key":"infinitespire:EmpoweringShard"},{"floor":23,"key":"reliquary:RoseTintedGlasses"},{"floor":26,"key":"Toy Ornithopter"},{"floor":27,"key":"Geode"},{"floor":36,"key":"StuffTheSpire:OldFever"},{"floor":41,"key":"StuffTheSpire:CocoNut"},{"floor":43,"key":"StuffTheSpire:Gunfinga"},{"floor":47,"key":"hubris:Zylophone"}],"event_choices":[{"damage_healed":0,"gold_gain":0,"player_choice":"Agree","damage_taken":0,"max_hp_gain":0,"max_hp_loss":0,"event_name":"conspire:LoneGhost","floor":2,"gold_loss":0},{"damage_healed":0,"gold_gain":0,"player_choice":"Grow","damage_taken":0,"max_hp_gain":0,"max_hp_loss":0,"event_name":"Living Wall","floor":4,"gold_loss":0,"cards_upgraded":["Zap"]},{"damage_healed":0,"gold_gain":0,"player_choice":"Forge","damage_taken":0,"max_hp_gain":0,"max_hp_loss":0,"event_name":"Accursed Blacksmith","floor":20,"gold_loss":0,"cards_upgraded":["StuffTheSpire:Plugnplay"]}],"is_beta":false,"boss_relics":[{"not_picked":["reliquary:Craggleroot","bronze:MakeshiftBattery"],"picked":"Runic Dome"},{"not_picked":["Replay:Wanted Poster","SacredBark"],"picked":"hubris:ScarierMask"}],"items_purged_floors":[21,31,44],"is_endless":false,"potions_floor_spawned":[6,14,18,23,27,28,30,36,41,46],"ascension_level":0}}