{"host":"l4bxlkn39ih8kz7u","time":1614108937,"event":{"mods":["AchievementEnabler","Act Like it!","Ascension Unlocker","BaseMod","CapriCore","Custom Start","Gensokyo","GifTheSpireLib","HololiveMod","Lobotomy","LobotomyExtend","Minty Spire (QoL Compilation)","Quick Restart","Random Character Button","Ruina","Shop Mod","StSLib","SuperFastMode","The Alterego","Waifu the Spire"],"gold_per_floor":[113,130,142,156,175,175,205,205,205,231,247,275,275,293,293,390,390,390,408,421,437,448,448,465,479,497,497,517,531,531,550,585,585,37,49,49,59,159,159,256,256,256,256,111,143,143],"floor_reached":23,"language":"RUS","playtime":1393,"items_purged":[],"score":733,"play_id":"b7cc266f-67c4-492a-a987-201503eb7a5c","local_time":"20210223223537","is_ascension_mode":false,"campfire_choices":[{"floor":12.0,"key":"RECALL"}],"circlet_count":0,"master_deck":["SpecialBullet","SpecialBullet","SpecialBullet","SpecialBullet","SpecialBullet","SpecialBullet","SpecialBullet","SecurityCode","TrainingCode","ExtractionCode","Moonlight","Moonlight","Lamp+10","VoidDream","Adoration","MHz","Logging","InformationCode","Adoration+1","OldLady","CentralCode","Adoration+1","DaCapo+1","DaCapo+1"],"relics":["CogitoBucket","NeowsBlessing","Toy Ornithopter","PreservedInsect","Potion Belt","ResearcherNote","Odd Mushroom","SlaversCollar","ShedSkin_r","AdjustmentMirror","LetterFromLob","AtMidnight","SkinProphecy","Sundial","Pear","Oddly Smooth Stone","Happy Flower","Vajra"],"acts_visited":["Exordium","ruina:Briah","TheEnding"],"potions_floor_usage":[22,22],"damage_taken":[{"damage":0.0,"enemies":"Cultist","floor":1.0,"turns":1.0},{"damage":0.0,"enemies":"Small Slimes","floor":2.0,"turns":1.0},{"damage":0.0,"enemies":"2 Louse","floor":3.0,"turns":1.0},{"damage":0.0,"enemies":"2 Fungi Beasts","floor":4.0,"turns":2.0},{"damage":10.0,"enemies":"Large Slime","floor":5.0,"turns":4.0},{"damage":0.0,"enemies":"3 Sentries","floor":7.0,"turns":2.0},{"damage":18.0,"enemies":"Lagavulin","floor":10.0,"turns":3.0},{"damage":0.0,"enemies":"Exordium Thugs","floor":11.0,"turns":1.0},{"damage":9.0,"enemies":"The Mushroom Lair","floor":12.0,"turns":2.0},{"damage":13.0,"enemies":"Red Slaver","floor":14.0,"turns":2.0},{"damage":11.0,"enemies":"Slime Boss","floor":16.0,"turns":6.0},{"damage":0.0,"enemies":"ruina:3_Bats","floor":19.0,"turns":2.0},{"damage":15.0,"enemies":"ruina:Nosferatu","floor":20.0,"turns":4.0},{"damage":18.0,"enemies":"ruina:KnightOfDespair","floor":21.0,"turns":3.0},{"damage":12.0,"enemies":"ruina:KingOfGreed","floor":22.0,"turns":3.0},{"damage":12.0,"enemies":"ruina:QueenOfHate","floor":24.0,"turns":3.0},{"damage":13.0,"enemies":"ruina:QueenOfHate","floor":25.0,"turns":7.0},{"damage":0.0,"enemies":"Small Slimes","floor":1.0,"turns":1.0},{"damage":32.0,"enemies":"2 Louse","floor":2.0,"turns":43.0},{"damage":1.0,"enemies":"Jaw Worm","floor":4.0,"turns":2.0},{"damage":0.0,"enemies":"Looter","floor":5.0,"turns":2.0},{"damage":11.0,"enemies":"2 Fungi Beasts","floor":7.0,"turns":3.0},{"damage":0.0,"enemies":"3 Sentries","floor":8.0,"turns":1.0},{"damage":0.0,"enemies":"Large Slime","floor":11.0,"turns":1.0},{"damage":6.0,"enemies":"Lots of Slimes","floor":13.0,"turns":2.0},{"damage":11.0,"enemies":"The Guardian","floor":16.0,"turns":3.0},{"damage":3.0,"enemies":"Shield and Spear","floor":21.0,"turns":5.0},{"damage":40,"enemies":"The Heart","floor":22,"turns":8}],"seed_played":"-151824635103151071","potions_obtained":[{"floor":3.0,"key":"CultistPotion"},{"floor":7.0,"key":"Fruit Juice"},{"floor":12.0,"key":"Energy Potion"},{"floor":14.0,"key":"Energy Potion"},{"floor":16.0,"key":"BlessingOfTheForge"},{"floor":22.0,"key":"DistilledChaos"}],"is_trial":false,"path_per_floor":["M","M","M","M","M","R","E","R","T","E","M","?","R","M","R","B",null,"M","M","M","M","M","R","M","?","M","M","?","M","M","R","M","E","T","$","M","R","M","?","R","B",null,null,"R","$","E","B",null],"character_chosen":"Angela","items_purchased":["Pear","Oddly Smooth Stone","DaCapo+1","Happy Flower"],"campfire_rested":0,"item_purchase_floors":[10,10,10,20],"current_hp_per_floor":[70,70,70,70,68,68,70,70,70,60,68,67,67,62,62,59,70,45,53,46,36,42,42,38,75,51,51,54,58,58,51,55,55,65,69,69,67,67,67,60,60,99,99,99,101,79],"gold":143,"neow_bonus":"THREE_ENEMY_KILL","is_daily":false,"chose_seed":false,"campfire_upgraded":0,"win_rate":0.0,"timestamp":1614108937,"path_taken":["M","M","M","M","M","R","E","R","T","E","M","?","R","M","R","BOSS","M","M","M","M","M","R","M","?","M","M","?","M","M","R","M","E","T","?","M","R","M","?","R","BOSS","R","$","E","BOSS"],"items_purchased_type":["Relic","Relic","Card","Relic"],"build_version":"2020-12-22","purchased_purges":0,"victory":true,"max_hp_per_floor":[70,70,70,70,70,70,70,70,70,70,70,70,70,70,70,70,70,70,70,70,70,75,75,75,75,75,75,77,79,79,81,83,83,93,95,95,97,97,97,99,99,99,99,99,101,103],"card_choices":[{"not_picked":["RedEyes"],"picked":"Moonlight","floor":1.0},{"not_picked":["RedEyes"],"picked":"Moonlight","floor":1.0},{"not_picked":["RedEyes"],"picked":"Lamp","floor":2.0},{"not_picked":["WristCuter","Spore"],"picked":"SKIP","floor":3.0},{"not_picked":["CherryBlossom","Galaxy"],"picked":"SKIP","floor":4.0},{"not_picked":["FairyFestival","WallGazer"],"picked":"VoidDream","floor":5.0},{"not_picked":["Soda","SwordSharpenedByTears"],"picked":"SKIP","floor":5.0},{"not_picked":["Regret_ego"],"picked":"Adoration","floor":7.0},{"not_picked":["UniverseFragment","MeatLantern"],"picked":"MHz","floor":10.0},{"not_picked":["TodaysExpression","FeatherOfHonor"],"picked":"SKIP","floor":10.0},{"not_picked":["Loneliness","MagicBullet"],"picked":"SKIP","floor":11.0},{"not_picked":["Noise","Penitence"],"picked":"Logging","floor":14.0},{"not_picked":["ParadiseLost+1","Mimicry+1"],"picked":"Adoration+1","floor":16.0},{"not_picked":["Laetitia","BlueStar","LaLuna"],"picked":"Singing Bowl","floor":16.0},{"not_picked":["Laetitia","BigBird","Murderer"],"picked":"Singing Bowl","floor":19.0},{"not_picked":["RedEyes+1","Loneliness+1","Regret_ego+1"],"picked":"SKIP","floor":19.0},{"not_picked":["UniverseFragment","BlackSwan","FairyFestival"],"picked":"Singing Bowl","floor":20.0},{"not_picked":["RapturousDream+1","Penitence+1","SomewhereSpear+1"],"picked":"SKIP","floor":20.0},{"not_picked":["Variant","Woodsman","BigBird"],"picked":"Singing Bowl","floor":21.0},{"not_picked":["Noise+1","Diffraction+1","RedEyes+1"],"picked":"SKIP","floor":21.0},{"not_picked":["FairyFestival","WallGazer"],"picked":"OldLady","floor":22.0},{"not_picked":["TodaysExpression+1","Gaze+1","Horn+1"],"picked":"SKIP","floor":22.0},{"not_picked":["LittleHelper","LaLuna","BeautyBeast"],"picked":"Singing Bowl","floor":24.0},{"not_picked":["Soda+1","CherryBlossom+1","SomewhereSpear+1"],"picked":"SKIP","floor":24.0},{"not_picked":["PunishingBird","Porccubus","Bloodbath"],"picked":"Singing Bowl","floor":1.0},{"not_picked":["RapturousDream+1","Reverberation+1","BearPaw+1"],"picked":"SKIP","floor":1.0},{"not_picked":["OSAHOGD","CherryBlossoms","UniverseFragment"],"picked":"Singing Bowl","floor":2.0},{"not_picked":["Tough+1","Beak+1","Lamp+1"],"picked":"SKIP","floor":2.0},{"not_picked":["CherryBlossoms","Scorched","SpiderBud"],"picked":"Singing Bowl","floor":4.0},{"not_picked":["SomewhereSpear+1","CrimsonScar+1","Soda+1"],"picked":"SKIP","floor":4.0},{"not_picked":["WallGazer","FairyFestival","LittleHelper"],"picked":"Singing Bowl","floor":5.0},{"not_picked":["Galaxy+1","Noise+1","Heaven+1"],"picked":"SKIP","floor":5.0},{"not_picked":["BeautyBeast","Mercenary","Porccubus"],"picked":"Singing Bowl","floor":7.0},{"not_picked":["GrinderMk4+1","CherryBlossom+1","Regret_ego+1"],"picked":"SKIP","floor":7.0},{"not_picked":["Wellcheers","MeatLantern","CherryBlossoms"],"picked":"Singing Bowl","floor":8.0},{"not_picked":["SwordSharpenedByTears+1","CUTE+1","Ecstasy+1"],"picked":"SKIP","floor":8.0},{"not_picked":["HeroicMonk","FairyFestival","MeatLantern"],"picked":"Singing Bowl","floor":11.0},{"not_picked":["CUTE+1","FourthMatchFlame+1","BlackSwan_ego+1"],"picked":"SKIP","floor":11.0},{"not_picked":["Murderer","UniverseFragment","CherryBlossoms"],"picked":"Singing Bowl","floor":13.0},{"not_picked":["Wingbeat+1","SoundOfStar+1","Beak+1"],"picked":"SKIP","floor":13.0},{"not_picked":["Mimicry+1","Pinks+1"],"picked":"DaCapo+1","floor":16.0},{"not_picked":["GalaxyChild","SingingMachine","Wellcheers"],"picked":"Singing Bowl","floor":16.0},{"not_picked":["Freischutz","SnowQueen","MeltingLove"],"picked":"Singing Bowl","floor":21.0},{"not_picked":["BlackSwan_ego+1","SwordSharpenedByTears+1","RedEyes+1"],"picked":"SKIP","floor":21.0}],"player_experience":293391,"relics_obtained":[{"floor":1.0,"key":"LetterFromLob"},{"floor":7.0,"key":"Toy Ornithopter"},{"floor":9.0,"key":"PreservedInsect"},{"floor":10.0,"key":"Potion Belt"},{"floor":12.0,"key":"Odd Mushroom"},{"floor":1.0,"key":"LetterFromLob"},{"floor":2.0,"key":"AtMidnight"},{"floor":8.0,"key":"Sundial"},{"floor":21.0,"key":"Vajra"}],"event_choices":[{"damage_healed":0.0,"max_hp_gain":0.0,"max_hp_loss":0.0,"gold_gain":0.0,"event_name":"Mushrooms","player_choice":"Fought Mushrooms","floor":12.0,"gold_loss":0.0,"damage_taken":0.0},{"damage_healed":0.0,"max_hp_gain":0.0,"max_hp_loss":0.0,"gold_gain":0.0,"event_name":"Match and Keep!","player_choice":"1 cards matched","floor":3.0,"gold_loss":0.0,"damage_taken":0.0,"cards_obtained":["Adoration"]},{"damage_healed":0.0,"max_hp_gain":0.0,"max_hp_loss":0.0,"gold_gain":100.0,"event_name":"Golden Shrine","player_choice":"Pray","floor":14.0,"gold_loss":0.0,"damage_taken":0.0}],"is_beta":false,"boss_relics":[{"not_picked":["Astrolabe","Snecko Eye"],"picked":"SlaversCollar"}],"items_purged_floors":[],"is_endless":false,"potions_floor_spawned":[3,7,12,14,16,21,22,24,4,5,8,13],"ascension_level":0}}