{"host":"1a8lb11wemezctea","time":1614107962,"event":{"mods":["BaseMod","Colored Powertips","Highlight Path","Minty Spire (QoL Compilation)"],"gold_per_floor":[119,130,130,130,205,205,232,7,7,7,7],"floor_reached":10,"language":"ENG","playtime":484,"items_purged":[],"score":99,"play_id":"755c6c97-e39d-4e34-87ee-4536f39e3d75","local_time":"20210223141922","is_ascension_mode":true,"campfire_choices":[{"data":"Evolve","floor":6,"key":"SMITH"}],"circlet_count":0,"master_deck":["AscendersBane","Strike_R","Strike_R+1","Strike_R","Strike_R","Strike_R","Defend_R","Defend_R","Defend_R","Defend_R","Bash","Wild Strike+1","Thunderclap","Evolve+1","Armaments"],"relics":["Burning Blood","Happy Flower","Bottled Flame","Bottled Lightning"],"acts_visited":["Exordium"],"potions_floor_usage":[8,10],"damage_taken":[{"damage":8,"enemies":"2 Louse","floor":1,"turns":3},{"damage":13,"enemies":"Jaw Worm","floor":2,"turns":4},{"damage":25,"enemies":"3 Sentries","floor":7,"turns":6},{"damage":30,"enemies":"Lagavulin","floor":10,"turns":5}],"seed_played":"1475944244236760259","potions_obtained":[{"floor":7,"key":"Ancient Potion"}],"is_trial":false,"path_per_floor":["M","M","?","?","?","R","E","$","T","E"],"character_chosen":"IRONCLAD","items_purchased":["Fruit Juice","Regen Potion","Armaments"],"campfire_rested":0,"item_purchase_floors":[8,8,8],"current_hp_per_floor":[70,63,47,40,29,29,10,15,15,0,0],"gold":7,"neow_bonus":"THREE_CARDS","is_daily":false,"chose_seed":false,"campfire_upgraded":1,"win_rate":0.0,"timestamp":1614107962,"path_taken":["M","M","?","?","?","R","E","$","T","E"],"items_purchased_type":["Potion","Potion","Card"],"build_version":"2020-12-22","purchased_purges":0,"victory":false,"max_hp_per_floor":[80,80,80,80,80,80,80,85,85,85,85],"card_choices":[{"not_picked":["Headbutt","Dropkick"],"picked":"Wild Strike","floor":0},{"not_picked":["Sword Boomerang","Anger"],"picked":"Thunderclap","floor":1},{"not_picked":["Wild Strike","Cleave"],"picked":"Evolve","floor":2},{"not_picked":["Seeing Red","Body Slam","Sever Soul"],"picked":"SKIP","floor":7}],"player_experience":307978,"relics_obtained":[{"floor":7,"key":"Bottled Flame"},{"floor":9,"key":"Bottled Lightning"}],"event_choices":[{"damage_healed":0,"gold_gain":0,"player_choice":"Entered Light","damage_taken":16,"max_hp_gain":0,"max_hp_loss":0,"event_name":"Shining Light","floor":3,"gold_loss":0,"cards_upgraded":["Strike_R","Wild Strike"]},{"damage_healed":0,"gold_gain":0,"player_choice":"Success","damage_taken":7,"relics_obtained":["Happy Flower"],"max_hp_gain":0,"max_hp_loss":0,"event_name":"Scrap Ooze","floor":4,"gold_loss":0},{"damage_healed":0,"gold_gain":75,"player_choice":"Gather Gold","damage_taken":11,"max_hp_gain":0,"max_hp_loss":0,"event_name":"World of Goop","floor":5,"gold_loss":0}],"is_beta":false,"boss_relics":[],"items_purged_floors":[],"is_endless":false,"potions_floor_spawned":[7],"killed_by":"Lagavulin","ascension_level":11}}