{"host":"wqwfknj40rilnol1","time":1614087204,"event":{"mods":["AchievementEnabler","BaseMod","BetterRewards","Block Reminder","Colored Map","Highlight Path","Hubris","Minty Spire (QoL Compilation)","Permanent Neow","Relic Stats","Shop Mod","StSLib","The Cursed"],"gold_per_floor":[110,124,136,149,167,202,202,231,278,278,278,278,278,309,321,422,434,471,413,434,434,344,344,344,388,388,406,92,92,117,136,136,136,136],"floor_reached":33,"language":"ENG","playtime":863,"items_purged":["Parasite"],"score":674,"play_id":"3ef88213-b40a-465f-b3ce-ce96b7056d78","local_time":"20210223143324","is_ascension_mode":true,"campfire_choices":[{"data":"hubris:EnhanceAbility","floor":7,"key":"SMITH"},{"data":"Limit Break","floor":10,"key":"SMITH"},{"data":"Bash","floor":12,"key":"SMITH"},{"floor":15,"key":"REST"},{"data":"Offering","floor":23,"key":"SMITH"},{"data":"Discovery","floor":29,"key":"SMITH"},{"floor":32,"key":"REST"}],"circlet_count":0,"master_deck":["AscendersBane","Strike_R","Strike_R","Strike_R+1","Strike_R","Strike_R+1","Defend_R","Defend_R","Defend_R","Defend_R","Bash+1","Limit Break+1","hubris:EnhanceAbility+1","Pummel+1","True Grit","Carnage+1","Offering+1","Uppercut+1","Immolate+1","Whirlwind+1","Flash of Steel+1","Ghostly Armor","Sword Boomerang+1","Discovery+1","Battle Trance"],"relics":["Burning Blood","MerchantsRug","WingedGreaves","Molten Egg 2","Red Skull","Shuriken","Bag of Marbles","Golden Idol","MawBank","Sozu","Oddly Smooth Stone","hubris:64BitClover","Whetstone"],"acts_visited":["Exordium","TheCity"],"potions_floor_usage":[6,16,18],"damage_taken":[{"damage":0,"enemies":"Small Slimes","floor":1,"turns":3},{"damage":1,"enemies":"2 Louse","floor":2,"turns":2},{"damage":6,"enemies":"Cultist","floor":3,"turns":3},{"damage":12,"enemies":"Looter","floor":4,"turns":3},{"damage":27,"enemies":"Exordium Thugs","floor":5,"turns":6},{"damage":8,"enemies":"Lagavulin","floor":6,"turns":5},{"damage":14,"enemies":"Gremlin Nob","floor":8,"turns":3},{"damage":11,"enemies":"3 Sentries","floor":14,"turns":4},{"damage":36,"enemies":"Hexaghost","floor":16,"turns":7},{"damage":1,"enemies":"3 Byrds","floor":18,"turns":3},{"damage":6,"enemies":"Spheric Guardian","floor":20,"turns":2},{"damage":15,"enemies":"Slavers","floor":25,"turns":2},{"damage":0,"enemies":"Chosen and Byrds","floor":27,"turns":3},{"damage":24,"enemies":"Snake Plant","floor":30,"turns":2},{"damage":8,"enemies":"Shelled Parasite and Fungi","floor":31,"turns":1},{"damage":76,"enemies":"Collector","floor":33,"turns":6}],"seed_played":"7680447324994886705","potions_obtained":[{"floor":1,"key":"FearPotion"},{"floor":2,"key":"Block Potion"},{"floor":16,"key":"Explosive Potion"}],"is_trial":false,"path_per_floor":["M","M","M","M","M","E","R","E","T","R","?","R","?","E","R","B",null,"M","$","M","?","$","R","?","E","T","M","$","R","M","M","R","B"],"character_chosen":"IRONCLAD","items_purchased":["Limit Break","MerchantsRug","hubris:EnhanceAbility","Molten Egg 2","Pummel+1","Whirlwind+1","Flash of Steel+1","Whetstone","Discovery"],"campfire_rested":2,"item_purchase_floors":[0,0,0,0,0,19,22,28,28],"current_hp_per_floor":[74,75,75,69,48,46,46,38,38,38,56,56,30,25,47,17,61,66,66,66,66,66,66,62,53,53,59,59,59,41,39,60,0,0],"gold":136,"neow_bonus":"","is_daily":false,"chose_seed":false,"campfire_upgraded":5,"win_rate":0.0,"timestamp":1614087204,"path_taken":["M","M","M","M","M","E","R","E","T","R","?","R","?","E","R","BOSS","M","$","M","?","$","R","?","E","T","M","$","R","M","?","R","BOSS"],"items_purchased_type":["Card","Relic","Card","Relic","Card","Card","Card","Relic","Card"],"build_version":"2020-12-22","purchased_purges":1,"victory":false,"max_hp_per_floor":[75,75,75,75,75,75,75,75,75,75,75,75,75,75,75,75,75,75,75,75,75,75,75,75,75,75,75,72,72,72,72,72,72,72],"relic_stats":{"Sozu":4,"counters":[37,146],"Shuriken":[7],"Golden Idol":55,"Whetstone":["Strike_R","Strike_R"],"MawBank":60,"obtain_stats":[{"Gremlin Horn":31,"Enchiridion":27,"Whetstone":28,"Boot":26,"Ancient Tea Set":39,"Burning Blood":0,"Sozu":17,"Centennial Puzzle":43,"hubris:Icosahedron":4,"hubris:Backtick":34,"Mummified Hand":34,"hubris:DeckOfHolding":28,"WingedGreaves":0,"Toxic Egg 2":10,"Red Skull":6,"Potion Belt":5,"MerchantsRug":21,"Golden Idol":13,"hubris:64BitClover":26,"Oddly Smooth Stone":25,"MawBank":14,"Shuriken":8,"Pandora\u0027s Box":0,"Molten Egg 2":0,"Bag of Marbles":9,"Membership Card":14,"hubris:CrackedHourglass":17,"Pocketwatch":9},{"Gremlin Horn":12,"Enchiridion":9,"Whetstone":34,"Boot":9,"Ancient Tea Set":15,"Burning Blood":0,"Sozu":30,"Centennial Puzzle":16,"hubris:Icosahedron":1,"hubris:Backtick":13,"Mummified Hand":13,"hubris:DeckOfHolding":10,"WingedGreaves":21,"Toxic Egg 2":3,"Red Skull":27,"Potion Belt":1,"MerchantsRug":8,"Golden Idol":28,"hubris:64BitClover":33,"Oddly Smooth Stone":33,"MawBank":29,"Shuriken":28,"Pandora\u0027s Box":0,"Molten Egg 2":21,"Bag of Marbles":28,"Membership Card":4,"hubris:CrackedHourglass":5,"Pocketwatch":2},{"Gremlin Horn":54,"Enchiridion":37,"Whetstone":137,"Boot":37,"Ancient Tea Set":65,"Burning Blood":0,"Sozu":127,"Centennial Puzzle":68,"hubris:Icosahedron":3,"hubris:Backtick":62,"Mummified Hand":62,"hubris:DeckOfHolding":42,"WingedGreaves":91,"Toxic Egg 2":11,"Red Skull":113,"Potion Belt":3,"MerchantsRug":32,"Golden Idol":116,"hubris:64BitClover":134,"Oddly Smooth Stone":134,"MawBank":120,"Shuriken":116,"Pandora\u0027s Box":0,"Molten Egg 2":91,"Bag of Marbles":116,"Membership Card":14,"hubris:CrackedHourglass":20,"Pocketwatch":7}],"Burning Blood":86},"card_choices":[{"not_picked":["Body Slam+1","Anger+1","Shockwave"],"picked":"SKIP","floor":1},{"not_picked":["Armaments","Thunderclap+1","Anger+1"],"picked":"SKIP","floor":2},{"not_picked":["Rage","Anger+1"],"picked":"True Grit","floor":3},{"not_picked":["Shockwave","Havoc"],"picked":"Carnage+1","floor":4},{"not_picked":["True Grit","Cleave+1","Entrench"],"picked":"SKIP","floor":5},{"not_picked":["Cleave+1","Headbutt+1"],"picked":"Offering","floor":6},{"not_picked":["Entrench","Wild Strike+1","Thunderclap+1"],"picked":"SKIP","floor":8},{"not_picked":["Bloodletting","Heavy Blade+1"],"picked":"Uppercut+1","floor":14},{"not_picked":["Juggernaut","Fiend Fire+1"],"picked":"Immolate+1","floor":16},{"not_picked":["Clothesline+1","Armaments","Body Slam+1"],"picked":"SKIP","floor":18},{"not_picked":["Dropkick+1","Pommel Strike+1","Armaments+1"],"picked":"SKIP","floor":20},{"not_picked":["Shrug It Off","Clash+1"],"picked":"Ghostly Armor","floor":25},{"not_picked":["Clash+1","Bludgeon+1"],"picked":"Sword Boomerang+1","floor":27},{"not_picked":["Body Slam+1","Flex"],"picked":"Battle Trance","floor":30},{"not_picked":["True Grit","Heavy Blade+1","Rupture"],"picked":"SKIP","floor":31}],"player_experience":305909,"relics_obtained":[{"floor":6,"key":"Red Skull"},{"floor":8,"key":"Shuriken"},{"floor":9,"key":"Bag of Marbles"},{"floor":14,"key":"MawBank"},{"floor":25,"key":"Oddly Smooth Stone"},{"floor":26,"key":"hubris:64BitClover"}],"event_choices":[{"damage_healed":18,"gold_gain":0,"player_choice":"Healed and dodged fight","damage_taken":0,"max_hp_gain":0,"max_hp_loss":0,"event_name":"Mushrooms","floor":11,"gold_loss":0,"cards_obtained":["Parasite"]},{"damage_healed":0,"gold_gain":0,"player_choice":"Take Damage","damage_taken":26,"relics_obtained":["Golden Idol"],"max_hp_gain":0,"max_hp_loss":0,"event_name":"Golden Idol","floor":13,"gold_loss":0},{"damage_healed":0,"gold_gain":0,"player_choice":"Ignored","damage_taken":0,"max_hp_gain":0,"max_hp_loss":0,"event_name":"Vampires","floor":21,"gold_loss":0},{"damage_healed":0,"gold_gain":0,"player_choice":"Bought 0 Potions","damage_taken":0,"max_hp_gain":0,"max_hp_loss":0,"event_name":"The Woman in Blue","floor":24,"gold_loss":0}],"is_beta":false,"boss_relics":[{"not_picked":["Mark of Pain","Ectoplasm"],"picked":"Sozu"}],"items_purged_floors":[28],"is_endless":false,"potions_floor_spawned":[1,2,5,16,18,27,30,31],"killed_by":"Collector","ascension_level":15}}