{"host":"aapp7ew3jk5k1bvd","time":1614070843,"event":{"mods":["AchievementEnabler","BaseMod","Colored Map","Custom Start","Keyboard Shortcuts","Minty Spire (QoL Compilation)","Permanent Neow","Quick Restart","StSLib","SuperFastMode"],"gold_per_floor":[111,128,128,16,16,16,36,54,54,79,79,99,117,133,133,257,257,278,278,294,308,208,208,208],"floor_reached":23,"language":"KOR","playtime":710,"items_purged":["Strike_G","Strike_G"],"score":290,"play_id":"f7f4bbea-8ee5-4a6e-9a8f-f0855e4fc91a","local_time":"20210223180043","is_ascension_mode":true,"campfire_choices":[{"data":"Footwork","floor":6,"key":"SMITH"},{"data":"Escape Plan","floor":11,"key":"SMITH"},{"floor":15,"key":"REST"}],"circlet_count":0,"master_deck":["AscendersBane","Strike_G","Strike_G","Defend_G","Defend_G","Defend_G","Defend_G","Defend_G","Survivor","Neutralize","Envenom+1","Dagger Spray","Footwork+1","Accuracy","Escape Plan+1","Dodge and Roll","Blade Dance","Bullet Time","Footwork","Cloak And Dagger","Footwork"],"relics":["Ring of the Snake","Golden Idol","Letter Opener","Black Star"],"acts_visited":["Exordium","TheCity"],"potions_floor_usage":[],"damage_taken":[{"damage":0.0,"enemies":"Cultist","floor":1.0,"turns":5.0},{"damage":4,"enemies":"Small Slimes","floor":2,"turns":4},{"damage":0,"enemies":"Jaw Worm","floor":7,"turns":5},{"damage":0,"enemies":"Blue Slaver","floor":8,"turns":7},{"damage":1,"enemies":"Red Slaver","floor":10,"turns":6},{"damage":12,"enemies":"Lots of Slimes","floor":12,"turns":4},{"damage":12,"enemies":"Exordium Thugs","floor":13,"turns":7},{"damage":5,"enemies":"Blue Slaver","floor":14,"turns":6},{"damage":29,"enemies":"Hexaghost","floor":16,"turns":12},{"damage":18,"enemies":"Spheric Guardian","floor":18,"turns":7},{"damage":11,"enemies":"3 Byrds","floor":20,"turns":5},{"damage":13,"enemies":"Centurion and Healer","floor":21,"turns":10},{"damage":23,"enemies":"Slavers","floor":23,"turns":4}],"seed_played":"-2654086106528458253","potions_obtained":[{"floor":2,"key":"ColorlessPotion"},{"floor":12,"key":"Dexterity Potion"},{"floor":13,"key":"Explosive Potion"},{"floor":14,"key":"FairyPotion"}],"is_trial":false,"path_per_floor":["M","M","?","$","?","R","M","M","T","M","R","M","M","M","R","B",null,"M","?","M","M","$","E"],"character_chosen":"THE_SILENT","items_purchased":["Accuracy"],"campfire_rested":1,"item_purchase_floors":[4],"current_hp_per_floor":[63,59,59,59,44,44,44,44,44,43,43,31,19,14,32,3,48,30,30,19,6,6,11,11],"gold":208,"neow_bonus":"THREE_RARE_CARDS","is_daily":false,"chose_seed":false,"campfire_upgraded":2,"win_rate":0.0,"timestamp":1614070843,"path_taken":["M","M","?","?","?","R","M","M","T","M","R","M","M","?","R","BOSS","M","?","M","?","?","E"],"items_purchased_type":["Card"],"build_version":"2020-12-22","purchased_purges":2,"victory":false,"max_hp_per_floor":[63,63,63,63,63,63,63,63,63,63,63,63,63,63,63,63,63,63,63,63,63,63,63,63],"card_choices":[{"not_picked":["Tools of the Trade","Unload"],"picked":"Envenom","floor":0.0},{"not_picked":["Well Laid Plans","Calculated Gamble"],"picked":"Dagger Spray","floor":1.0},{"not_picked":["Dagger Throw","Reflex"],"picked":"Footwork","floor":2},{"not_picked":["Dash","Heel Hook","Underhanded Strike"],"picked":"SKIP","floor":7},{"not_picked":["Reflex","Sucker Punch"],"picked":"Escape Plan","floor":8},{"not_picked":["Poisoned Stab","Quick Slash","Terror"],"picked":"SKIP","floor":10},{"not_picked":["Skewer","Prepared"],"picked":"Dodge and Roll","floor":12},{"not_picked":["Expertise","Skewer","Terror"],"picked":"SKIP","floor":13},{"not_picked":["Tactician","Skewer"],"picked":"Blade Dance","floor":14},{"not_picked":["Tools of the Trade","Malaise"],"picked":"Bullet Time","floor":16},{"not_picked":["Flechettes","Slice+1"],"picked":"Footwork","floor":18},{"not_picked":["Blade Dance","Backflip"],"picked":"Cloak And Dagger","floor":20},{"not_picked":["Calculated Gamble","Outmaneuver"],"picked":"Footwork","floor":21}],"player_experience":1064186,"relics_obtained":[{"floor":9,"key":"Letter Opener"}],"event_choices":[{"damage_healed":0,"gold_gain":0,"player_choice":"Upgraded","damage_taken":0,"max_hp_gain":0,"max_hp_loss":0,"event_name":"Upgrade Shrine","floor":3,"gold_loss":0,"cards_upgraded":["Envenom"]},{"damage_healed":0,"gold_gain":0,"player_choice":"Take Damage","damage_taken":15,"relics_obtained":["Golden Idol"],"max_hp_gain":0,"max_hp_loss":0,"event_name":"Golden Idol","floor":5,"gold_loss":0},{"cards_removed":["Strike_G"],"damage_healed":0,"gold_gain":0,"player_choice":"Offered Basic","damage_taken":0,"max_hp_gain":0,"max_hp_loss":0,"event_name":"Bonfire Elementals","floor":19,"gold_loss":0}],"is_beta":false,"boss_relics":[{"not_picked":["Sozu","Coffee Dripper"],"picked":"Black Star"}],"items_purged_floors":[4,22],"is_endless":false,"potions_floor_spawned":[2,12,13,14,18,20],"killed_by":"Slavers","ascension_level":11}}