{"host":"1vy6j31128f61x2z","time":1614049242,"event":{"mods":["AchievementEnabler","BaseMod","Colored Powertips","Minty Spire (QoL Compilation)","Permanent Neow"],"gold_per_floor":[19,36,50,0,19,50,62,107,119,131,143,177,262,308,320,430,442,474,505,616,628,528,528,556,556,624,5,5,5,15,25,25,127,127,139,157,171,171,171,199,225,225,225,225,276,276,90,140,140,140],"floor_reached":51,"language":"ENG","playtime":2702,"items_purged":["Strike_R","Strike_R"],"score":1072,"play_id":"64a4c55c-34cb-4d56-97d8-a707b21c4c16","local_time":"20210222220042","is_ascension_mode":true,"campfire_choices":[{"data":"Inflame","floor":7.0,"key":"SMITH"},{"data":"Bash","floor":10.0,"key":"SMITH"},{"data":"Clothesline","floor":11.0,"key":"SMITH"},{"data":"Intimidate","floor":15.0,"key":"SMITH"},{"data":"Juggernaut","floor":23.0,"key":"SMITH"},{"data":"Disarm","floor":25.0,"key":"SMITH"},{"data":"Shrug It Off","floor":32.0,"key":"SMITH"},{"data":"Dual Wield","floor":42.0,"key":"SMITH"},{"data":"Shrug It Off","floor":49.0,"key":"SMITH"}],"circlet_count":0,"master_deck":["Strike_R","Defend_R","Defend_R","Defend_R","Bash+1","Inflame+1","Clothesline+1","Whirlwind","Sword Boomerang","Shrug It Off+1","Intimidate+1","Shrug It Off+1","Juggernaut+1","Dual Wield+1","Disarm+1","Evolve","Power Through+1","True Grit+1","Inflame+1","Flame Barrier+1","Intimidate+1","Exhume+1","Ghostly Armor+1","Second Wind+1","Shrug It Off+1","Panacea+1","Offering+1","Demon Form+1","Entrench+1","Feel No Pain+1","Sever Soul","Power Through+1","Dark Embrace+1"],"relics":["Burning Blood","MawBank","Thread and Needle","WingedGreaves","Odd Mushroom","Bottled Lightning","Incense Burner","Mark of Pain","Champion Belt","Omamori","Frozen Egg 2","Toxic Egg 2","DollysMirror","Gremlin Horn","Runic Pyramid","Blue Candle","Self Forming Clay","Dead Branch","Du-Vu Doll","Calipers"],"acts_visited":["Exordium","TheCity","TheBeyond"],"potions_floor_usage":[50,50,50],"damage_taken":[{"damage":1.0,"enemies":"Cultist","floor":1.0,"turns":4.0},{"damage":6.0,"enemies":"2 Louse","floor":2.0,"turns":4.0},{"damage":4.0,"enemies":"Jaw Worm","floor":3.0,"turns":3.0},{"damage":0.0,"enemies":"Large Slime","floor":5.0,"turns":4.0},{"damage":29.0,"enemies":"Gremlin Nob","floor":6.0,"turns":5.0},{"damage":27.0,"enemies":"3 Sentries","floor":8.0,"turns":6.0},{"damage":0.0,"enemies":"The Mushroom Lair","floor":12.0,"turns":4.0},{"damage":7.0,"enemies":"Gremlin Nob","floor":14.0,"turns":4.0},{"damage":31.0,"enemies":"Slime Boss","floor":16.0,"turns":11.0},{"damage":0.0,"enemies":"Chosen","floor":18.0,"turns":4.0},{"damage":15.0,"enemies":"2 Thieves","floor":19.0,"turns":4.0},{"damage":19.0,"enemies":"Slavers","floor":24.0,"turns":5.0},{"damage":2.0,"enemies":"Snake Plant","floor":30.0,"turns":4.0},{"damage":1.0,"enemies":"Cultist and Chosen","floor":31.0,"turns":6.0},{"damage":10.0,"enemies":"Champ","floor":33.0,"turns":11.0},{"damage":0.0,"enemies":"3 Darklings","floor":35.0,"turns":6.0},{"damage":0.0,"enemies":"3 Shapes","floor":36.0,"turns":4.0},{"damage":8.0,"enemies":"Writhing Mass","floor":37.0,"turns":6.0},{"damage":4.0,"enemies":"Giant Head","floor":40.0,"turns":9.0},{"damage":10.0,"enemies":"Nemesis","floor":41.0,"turns":7.0},{"damage":3.0,"enemies":"2 Orb Walkers","floor":45.0,"turns":3.0},{"damage":0.0,"enemies":"Mind Bloom Boss Battle","floor":48.0,"turns":5.0},{"damage":19,"enemies":"Awakened One","floor":50,"turns":9}],"seed_played":"-3307703122377966928","potions_obtained":[{"floor":2.0,"key":"SpeedPotion"},{"floor":6.0,"key":"LiquidBronze"},{"floor":12.0,"key":"GamblersBrew"},{"floor":19.0,"key":"PowerPotion"},{"floor":24.0,"key":"BlessingOfTheForge"},{"floor":36.0,"key":"ColorlessPotion"},{"floor":48.0,"key":"DuplicationPotion"}],"is_trial":false,"path_per_floor":["M","M","M","?","M","E","R","E","T","R","R","?","T","E","R","B",null,"M","M","?","?","$","R","E","R","T","$","?","?","M","M","R","B",null,"M","M","M","?","?","E","E","R","T","?","?","?","$","?","R","B",null],"character_chosen":"IRONCLAD","items_purchased":["Disarm","Toxic Egg 2","Power Through+1","True Grit+1","DollysMirror","Feel No Pain+1","Sever Soul","Power Through+1"],"campfire_rested":0,"item_purchase_floors":[22,27,27,27,27,47,47,47],"current_hp_per_floor":[77,77,79,79,80,57,57,36,36,36,36,42,42,41,41,16,64,70,61,61,61,61,61,48,48,48,48,33,33,37,42,42,38,73,79,85,83,83,83,85,81,81,81,81,81,81,81,81,81,68],"gold":140,"neow_bonus":"REMOVE_TWO","is_daily":false,"chose_seed":false,"campfire_upgraded":9,"win_rate":0.0,"timestamp":1614049242,"path_taken":["M","?","M","?","M","E","R","E","T","R","R","?","?","E","R","BOSS","M","M","?","?","$","R","E","R","T","$","?","?","M","?","R","BOSS","M","M","M","?","?","E","E","R","T","?","?","?","$","?","R","BOSS"],"items_purchased_type":["Card","Relic","Card","Card","Relic","Card","Card","Card"],"build_version":"2020-12-22","purchased_purges":2,"victory":true,"max_hp_per_floor":[80,80,80,80,80,80,80,80,80,80,80,80,80,80,80,80,80,80,80,80,80,80,80,80,80,80,80,85,85,85,85,85,85,85,85,85,85,85,85,85,85,85,85,81,81,81,81,81,81,81],"card_choices":[{"not_picked":["Perfected Strike","Warcry"],"picked":"Inflame","floor":1.0},{"not_picked":["Perfected Strike","Iron Wave"],"picked":"Clothesline","floor":2.0},{"not_picked":["Cleave","Iron Wave"],"picked":"Whirlwind","floor":3.0},{"not_picked":["Limit Break","Iron Wave"],"picked":"Sword Boomerang","floor":5.0},{"not_picked":["Reckless Charge","Cleave"],"picked":"Shrug It Off","floor":6.0},{"not_picked":["Perfected Strike","Pommel Strike"],"picked":"Dropkick","floor":8.0},{"not_picked":["Sever Soul","Headbutt"],"picked":"Intimidate","floor":12.0},{"not_picked":["Dark Embrace","Body Slam"],"picked":"Shrug It Off","floor":14.0},{"not_picked":["Immolate","Barricade"],"picked":"Juggernaut","floor":16.0},{"not_picked":["Thunderclap","Headbutt","Warcry"],"picked":"SKIP","floor":18.0},{"not_picked":["Warcry","True Grit"],"picked":"Dual Wield","floor":19.0},{"not_picked":["Body Slam+1","Intimidate"],"picked":"Evolve","floor":24.0},{"not_picked":["Evolve+1","Shrug It Off+1"],"picked":"Flame Barrier+1","floor":30.0},{"not_picked":["Warcry+1","Heavy Blade"],"picked":"Intimidate+1","floor":31.0},{"not_picked":["Bludgeon","Corruption+1"],"picked":"Exhume+1","floor":33.0},{"not_picked":["Uppercut","Headbutt+1"],"picked":"Ghostly Armor+1","floor":35.0},{"not_picked":["Armaments+1","Perfected Strike+1"],"picked":"Second Wind+1","floor":36.0},{"not_picked":["Sword Boomerang+1","Thunderclap"],"picked":"Shrug It Off+1","floor":37.0},{"not_picked":["Blind+1","Discovery+1"],"picked":"Panacea+1","floor":39.0},{"not_picked":["Cleave+1","Clash+1"],"picked":"Offering+1","floor":40.0},{"not_picked":["Ghostly Armor+1","Dark Embrace+1"],"picked":"Demon Form+1","floor":41.0},{"not_picked":["Clash","Flex+1"],"picked":"Entrench+1","floor":45.0},{"not_picked":["Armaments+1","Havoc+1"],"picked":"Dark Embrace+1","floor":48.0}],"player_experience":123610,"relics_obtained":[{"floor":6.0,"key":"MawBank"},{"floor":8.0,"key":"Thread and Needle"},{"floor":9.0,"key":"WingedGreaves"},{"floor":12.0,"key":"Odd Mushroom"},{"floor":13.0,"key":"Bottled Lightning"},{"floor":14.0,"key":"Incense Burner"},{"floor":24.0,"key":"Omamori"},{"floor":26.0,"key":"Frozen Egg 2"},{"floor":40.0,"key":"Blue Candle"},{"floor":41.0,"key":"Self Forming Clay"},{"floor":43.0,"key":"Dead Branch"},{"floor":45.0,"key":"Du-Vu Doll"},{"floor":48.0,"key":"Calipers"}],"event_choices":[{"cards_removed":["Strike_R"],"damage_healed":0.0,"max_hp_gain":0.0,"max_hp_loss":0.0,"gold_gain":0.0,"event_name":"The Cleric","player_choice":"Card Removal","floor":4.0,"gold_loss":50.0,"damage_taken":0.0},{"damage_healed":0.0,"max_hp_gain":0.0,"max_hp_loss":0.0,"gold_gain":0.0,"event_name":"Mushrooms","player_choice":"Fought Mushrooms","floor":12.0,"gold_loss":0.0,"damage_taken":0.0},{"damage_healed":0.0,"max_hp_gain":0.0,"max_hp_loss":0.0,"gold_gain":99.0,"event_name":"Nest","player_choice":"Stole From Cult","floor":20.0,"gold_loss":0.0,"damage_taken":0.0},{"damage_healed":0.0,"max_hp_gain":0.0,"max_hp_loss":0.0,"gold_gain":0.0,"event_name":"The Mausoleum","player_choice":"Opened","floor":21.0,"gold_loss":0.0,"damage_taken":0.0,"relics_obtained":["Champion Belt"]},{"damage_healed":0.0,"max_hp_gain":5.0,"max_hp_loss":0.0,"gold_gain":0.0,"event_name":"Forgotten Altar","player_choice":"Shed Blood","floor":28.0,"gold_loss":0.0,"damage_taken":20.0},{"damage_healed":0.0,"max_hp_gain":0.0,"max_hp_loss":0.0,"gold_gain":0.0,"event_name":"Addict","player_choice":"Stole Relic","floor":29.0,"gold_loss":0.0,"damage_taken":0.0,"relics_obtained":["Gremlin Horn"],"cards_obtained":["Shame"]},{"damage_healed":0.0,"max_hp_gain":0.0,"max_hp_loss":0.0,"gold_gain":0.0,"event_name":"Tomb of Lord Red Mask","player_choice":"Ignored","floor":38.0,"gold_loss":0.0,"damage_taken":0.0},{"damage_healed":0.0,"max_hp_gain":0.0,"max_hp_loss":0.0,"gold_gain":0.0,"event_name":"SensoryStone","player_choice":"Memory 1","floor":39.0,"gold_loss":0.0,"damage_taken":0.0},{"damage_healed":0.0,"max_hp_gain":0.0,"max_hp_loss":4.0,"gold_gain":0.0,"event_name":"Winding Halls","player_choice":"Max HP","floor":44.0,"gold_loss":0.0,"damage_taken":0.0},{"damage_healed":0.0,"max_hp_gain":0.0,"max_hp_loss":0.0,"gold_gain":0.0,"event_name":"Mysterious Sphere","player_choice":"Fight","floor":45.0,"gold_loss":0.0,"damage_taken":0.0},{"cards_removed":["Dropkick"],"damage_healed":0.0,"max_hp_gain":0.0,"max_hp_loss":0.0,"gold_gain":0.0,"event_name":"Falling","player_choice":"Removed Attack","floor":46.0,"gold_loss":0.0,"damage_taken":0.0},{"damage_healed":0.0,"max_hp_gain":0.0,"max_hp_loss":0.0,"gold_gain":0.0,"event_name":"MindBloom","player_choice":"Fight","floor":48.0,"gold_loss":0.0,"damage_taken":0.0}],"is_beta":false,"boss_relics":[{"not_picked":["SacredBark","Sozu"],"picked":"Mark of Pain"},{"not_picked":["Busted Crown","Black Star"],"picked":"Runic Pyramid"}],"items_purged_floors":[22,27],"is_endless":false,"potions_floor_spawned":[2,6,12,19,24,30,36,37,40,48],"ascension_level":8}}