{"host":"lehbxtjrpalkmwwj","time":1614094914,"event":{"mods":["ATMod(°¢èªMod)","Aspiration","BaseMod","Challenge The Spire","Colored Map","Colored Powertips","Conspire","Dota2Spire","Energized Spire","Hunter ÁÔÈË","Minty Spire (QoL Compilation)","Quick Restart","Relic Stats","Reliquary","Replay The Spire","Spicy Shops","StSLib","TestMod","The Cursed","The IronCluck","The Poker Player","Waifu the Spire","Wide Potions","[IsaacMod]ÒÔÈö¼âËþ","¡¾ÒÅÎï¿¨ÅÆ¡¿REMEMod","É³µñ²ÄÖÊ°ümod","óô»ðÖ¸ÄÏ"],"gold_per_floor":[114,114,114,114,124,155,155,155,155],"floor_reached":8,"language":"ZHS","playtime":139,"items_purged":[],"score":269,"play_id":"4d2be7ef-9eb6-444e-a5ec-ea55c1749eb0","local_time":"20210223234154","is_ascension_mode":true,"campfire_choices":[{"floor":7.0,"key":"RECALL"}],"circlet_count":0,"master_deck":["AscendersBane","Strike_G","Strike_G","Strike_G+1","Strike_G","Strike_G+1","Defend_G","Defend_G","Defend_G","Defend_G+1","Defend_G","Survivor","Neutralize","SuicideKing","AT_Dispersion","Pride","testmod-Lust","testmod-Wrath","testmod-Sloth","testmod-Envy","testmod-Greed","testmod-Gluttony","testmod-Gluttony","testmod-SunMoon","Blade Dance","Distraction","Tools of the Trade"],"relics":["Ring of the Snake","HushsDoor","AT_ATBox","testmod-TestBox","REME_ComplimentaryCards","Damocles","testmod-SevenDeadlySins","Du-Vu Doll","Darkstone Periapt","Blue Candle","NeowsBlessing","reliquary:RadioactivePellet","AT_BladeRuinedKing","Simple Rune","Dream Catcher"],"acts_visited":["Exordium"],"potions_floor_usage":[8],"damage_taken":[{"damage":0.0,"enemies":"Cultist","floor":1.0,"turns":2.0},{"damage":0.0,"enemies":"Jaw Worm","floor":5.0,"turns":1.0},{"damage":0.0,"enemies":"Lagavulin","floor":6.0,"turns":1.0},{"damage":0,"enemies":"3 Sentries","floor":8,"turns":2}],"seed_played":"3034709202173055428","potions_obtained":[{"floor":1.0,"key":"SkillPotion"},{"floor":6.0,"key":"Dexterity Potion"}],"is_trial":false,"path_per_floor":["M","?","?","?","M","E","R","E"],"character_chosen":"THE_SILENT","items_purchased":[],"campfire_rested":0,"item_purchase_floors":[],"current_hp_per_floor":[111,111,111,111,111,111,111,111,111],"gold":155,"neow_bonus":"THREE_ENEMY_KILL","is_daily":false,"chose_seed":false,"campfire_upgraded":0,"win_rate":0.0,"timestamp":1614094914,"path_taken":["M","?","?","?","M","E","R","E"],"items_purchased_type":[],"build_version":"2020-12-22","purchased_purges":0,"victory":false,"max_hp_per_floor":[118,118,118,118,118,118,118,118,118],"relic_stats":{"Darkstone Periapt":48,"Dream Catcher":0,"counters":[4,6],"Blue Candle":[0],"obtain_stats":[{"KeepersGift":0,"Darkstone Periapt":0,"Damocles":0,"AT_ATBox":0,"testmod-TestBox":0,"NeowsBlessing":0,"Blue Candle":0,"testmod-SevenDeadlySins":0,"AT_BladeRuinedKing":5,"Du-Vu Doll":0,"Dream Catcher":6,"Simple Rune":6,"reliquary:RadioactivePellet":1,"HushsDoor":0,"Ring of the Snake":0,"REME_ComplimentaryCards":0},{"KeepersGift":0,"Darkstone Periapt":0,"Damocles":0,"AT_ATBox":0,"testmod-TestBox":0,"NeowsBlessing":0,"Blue Candle":0,"testmod-SevenDeadlySins":0,"AT_BladeRuinedKing":2,"Du-Vu Doll":0,"Dream Catcher":3,"Simple Rune":3,"reliquary:RadioactivePellet":1,"HushsDoor":0,"Ring of the Snake":0,"REME_ComplimentaryCards":0},{"KeepersGift":0,"Darkstone Periapt":0,"Damocles":0,"AT_ATBox":0,"testmod-TestBox":0,"NeowsBlessing":0,"Blue Candle":0,"testmod-SevenDeadlySins":0,"AT_BladeRuinedKing":3,"Du-Vu Doll":0,"Dream Catcher":4,"Simple Rune":4,"reliquary:RadioactivePellet":2,"HushsDoor":0,"Ring of the Snake":0,"REME_ComplimentaryCards":0}],"Ring of the Snake":[8]},"card_choices":[{"not_picked":[],"picked":"SuicideKing","floor":0.0},{"not_picked":["Dodge and Roll","AT_WindFlip"],"picked":"Blade Dance","floor":1.0},{"not_picked":["Underhanded Strike","Bane"],"picked":"Distraction","floor":5.0},{"not_picked":["Deadly Poison","Prepared"],"picked":"Tools of the Trade","floor":6.0}],"player_experience":213747,"relics_obtained":[{"floor":1.0,"key":"reliquary:RadioactivePellet"},{"floor":5.0,"key":"AT_BladeRuinedKing"},{"floor":6.0,"key":"Simple Rune"},{"floor":6.0,"key":"Dream Catcher"}],"event_choices":[{"damage_healed":0.0,"max_hp_gain":0.0,"max_hp_loss":0.0,"gold_gain":0.0,"event_name":"The Woman in Blue","player_choice":"Bought 0 Potions","floor":4.0,"gold_loss":0.0,"damage_taken":0.0}],"is_beta":false,"boss_relics":[],"items_purged_floors":[],"is_endless":false,"potions_floor_spawned":[1,6],"killed_by":"3 Sentries","ascension_level":10}}