{"host":"6406jj8da6015sxr","time":1614083673,"event":{"mods":["AchievementEnabler","BaseMod","Colored Map","DeckTracker","Keyboard Shortcuts","Minty Spire (QoL Compilation)","Permanent Neow","Relic Stats","SuperFastMode","everything is the same but u backflip on backflip"],"gold_per_floor":[110,127,127,49,69,69,86,96,122,156,178,190,202,289,301,387,399,429,441,464,241,241,266,266,281,281,281,301,316,316,328,328,401,401,420,420,94,94,110,110,137,137,217,230,13,29,65,65,65],"floor_reached":48,"language":"KOR","playtime":2226,"items_purged":["Strike_G","Strike_G","Blade Dance"],"score":1074,"play_id":"9b4c4718-d73f-4e70-97d1-85c47924f77a","local_time":"20210223213433","is_ascension_mode":true,"campfire_choices":[{"data":"Noxious Fumes","floor":6.0,"key":"SMITH"},{"floor":13.0,"key":"REST"},{"data":"Bouncing Flask","floor":15.0,"key":"SMITH"},{"floor":24.0,"key":"REST"},{"floor":30.0,"key":"REST"},{"floor":32.0,"key":"REST"},{"data":"Sucker Punch","floor":40,"key":"SMITH"},{"data":"Bouncing Flask","floor":42,"key":"SMITH"}],"circlet_count":0,"master_deck":["AscendersBane","Defend_G","Defend_G","Defend_G","Defend_G","Survivor","Neutralize","Bullet Time","Noxious Fumes+1","Bouncing Flask+1","Backstab","Sucker Punch+1","Dagger Spray+1","Footwork+1","Dagger Spray+1","Night Terror","Bullet Time","Mayhem","Acrobatics","Bouncing Flask+1","Dodge and Roll+1","Doppelganger","Acrobatics","Outmaneuver","After Image","Backflip","Eviscerate","Catalyst"],"relics":["Ring of the Snake","Smiling Mask","MawBank","Snecko Eye","Orichalcum","Blood Vial","Empty Cage","Letter Opener","Toolbox","Whetstone","Bottled Lightning","Chemical X","CeramicFish"],"acts_visited":["Exordium","TheCity","TheBeyond"],"potions_floor_usage":[33,41],"damage_taken":[{"damage":1.0,"enemies":"2 Louse","floor":1.0,"turns":3.0},{"damage":6.0,"enemies":"Cultist","floor":2.0,"turns":5.0},{"damage":0.0,"enemies":"Small Slimes","floor":5.0,"turns":3.0},{"damage":0.0,"enemies":"Looter","floor":7.0,"turns":3.0},{"damage":4.0,"enemies":"Large Slime","floor":8.0,"turns":3.0},{"damage":30.0,"enemies":"Lagavulin","floor":10.0,"turns":4.0},{"damage":0.0,"enemies":"2 Fungi Beasts","floor":11.0,"turns":3.0},{"damage":17.0,"enemies":"Hexaghost","floor":16.0,"turns":8.0},{"damage":2.0,"enemies":"Chosen","floor":18.0,"turns":3.0},{"damage":0.0,"enemies":"3 Byrds","floor":20.0,"turns":3.0},{"damage":36.0,"enemies":"Slavers","floor":23.0,"turns":4.0},{"damage":4.0,"enemies":"3 Cultists","floor":25.0,"turns":3.0},{"damage":15.0,"enemies":"Snecko","floor":28.0,"turns":6.0},{"damage":10.0,"enemies":"Chosen and Byrds","floor":29.0,"turns":7.0},{"damage":5.0,"enemies":"Sentry and Sphere","floor":31.0,"turns":3.0},{"damage":24,"enemies":"Champ","floor":33,"turns":9},{"damage":15,"enemies":"Orb Walker","floor":35,"turns":4},{"damage":0,"enemies":"3 Shapes","floor":39,"turns":1},{"damage":6,"enemies":"Nemesis","floor":41,"turns":5},{"damage":8,"enemies":"3 Darklings","floor":44,"turns":3},{"damage":0,"enemies":"Transient","floor":46,"turns":6},{"damage":10,"enemies":"Reptomancer","floor":47,"turns":3},{"damage":32,"enemies":"4 Shapes","floor":48,"turns":2}],"seed_played":"-5703601459160016572","potions_obtained":[{"floor":2.0,"key":"SneckoOil"},{"floor":8.0,"key":"DuplicationPotion"},{"floor":11.0,"key":"Block Potion"},{"floor":16.0,"key":"Poison Potion"},{"floor":18.0,"key":"SpeedPotion"},{"floor":29.0,"key":"BlessingOfTheForge"},{"floor":39,"key":"Weak Potion"},{"floor":46,"key":"Poison Potion"}],"is_trial":false,"path_per_floor":["M","M","?","$","M","R","M","M","T","E","M","?","R","?","R","B",null,"M","?","M","$","?","E","R","M","T","?","M","M","R","M","R","B",null,"M","T","$","?","M","R","E","R","T","M","$","M","E","M"],"character_chosen":"THE_SILENT","items_purchased":["Backstab","Mayhem","Acrobatics","Toolbox","Block Potion","Chemical X"],"campfire_rested":4,"item_purchase_floors":[4,21,37,37,37,45],"current_hp_per_floor":[58,52,52,52,52,52,52,48,48,18,18,18,37,26,26,9,52,50,50,50,50,50,14,33,29,29,29,16,8,27,24,43,21,55,42,42,42,42,44,44,40,40,40,34,34,36,28,0,0],"gold":65,"neow_bonus":"ONE_RANDOM_RARE_CARD","is_daily":false,"chose_seed":false,"campfire_upgraded":4,"win_rate":0.0,"timestamp":1614083673,"path_taken":["M","M","?","?","M","R","?","M","T","E","M","?","R","?","R","BOSS","M","?","M","$","?","E","R","M","T","?","?","M","R","M","R","BOSS","M","?","$","?","?","R","E","R","T","M","$","M","E","M"],"items_purchased_type":["Card","Card","Card","Relic","Potion","Relic"],"build_version":"2020-12-22","purchased_purges":3,"victory":false,"max_hp_per_floor":[66,66,66,66,66,66,66,66,66,66,66,66,66,66,66,66,66,66,66,66,66,66,66,66,66,66,66,66,66,66,66,66,66,66,66,66,66,66,66,66,66,66,66,66,66,66,66,66,66],"relic_stats":{"Blood Vial":22,"counters":[23,94],"CeramicFish":9,"Snecko Eye":[138,134,127,111],"Letter Opener":[272],"Whetstone":["Dagger Spray","Dagger Spray"],"Chemical X":[4],"Orichalcum":[54],"Smiling Mask":150,"MawBank":132,"obtain_stats":[{"CeramicFish":47,"Letter Opener":36,"Whetstone":41,"Orichalcum":23,"Smiling Mask":9,"MawBank":10,"Empty Cage":34,"Blood Vial":27,"Snecko Eye":17,"Toolbox":37,"Bottled Lightning":43,"Chemical X":45,"Ring of the Snake":0},{"CeramicFish":22,"Letter Opener":17,"Whetstone":19,"Orichalcum":11,"Smiling Mask":5,"MawBank":6,"Empty Cage":16,"Blood Vial":12,"Snecko Eye":8,"Toolbox":17,"Bottled Lightning":19,"Chemical X":20,"Ring of the Snake":0},{"CeramicFish":92,"Letter Opener":74,"Whetstone":80,"Orichalcum":42,"Smiling Mask":17,"MawBank":21,"Empty Cage":70,"Blood Vial":45,"Snecko Eye":32,"Toolbox":74,"Bottled Lightning":80,"Chemical X":83,"Ring of the Snake":0}],"Ring of the Snake":[46]},"card_choices":[{"not_picked":["Bane","Deflect"],"picked":"Noxious Fumes","floor":1.0},{"not_picked":["Deflect","Skewer"],"picked":"Bouncing Flask","floor":2.0},{"not_picked":["PiercingWail","Escape Plan"],"picked":"Sucker Punch","floor":5.0},{"not_picked":["All Out Attack","Escape Plan"],"picked":"Blade Dance","floor":7.0},{"not_picked":["Backflip","Escape Plan"],"picked":"Dagger Spray","floor":8.0},{"not_picked":["PiercingWail","Setup"],"picked":"Footwork","floor":10.0},{"not_picked":["Underhanded Strike","Quick Slash","Choke"],"picked":"SKIP","floor":11.0},{"not_picked":["Tools of the Trade","Unload"],"picked":"Night Terror","floor":16.0},{"not_picked":["Backflip","Bane","Flying Knee"],"picked":"SKIP","floor":18.0},{"not_picked":["Dodge and Roll","Deflect"],"picked":"Bullet Time","floor":20.0},{"not_picked":["Noxious Fumes","Phantasmal Killer","Cloak And Dagger"],"picked":"SKIP","floor":23.0},{"not_picked":["Bouncing Flask","Blade Dance","Flying Knee"],"picked":"SKIP","floor":25.0},{"not_picked":["Cloak And Dagger+1","Slice"],"picked":"Bouncing Flask","floor":28.0},{"not_picked":["Distraction+1","Calculated Gamble"],"picked":"Dodge and Roll+1","floor":29.0},{"not_picked":["Flying Knee","Poisoned Stab"],"picked":"Doppelganger","floor":31.0},{"not_picked":["Flechettes","Flying Knee","Prepared"],"picked":"SKIP","floor":35},{"not_picked":["Flechettes","Flying Knee","Prepared"],"picked":"SKIP","floor":35},{"not_picked":["Flying Knee+1","Dagger Spray"],"picked":"Outmaneuver","floor":39},{"not_picked":["Terror","Corpse Explosion"],"picked":"After Image","floor":41},{"not_picked":["Flying Knee","Backstab"],"picked":"Backflip","floor":44},{"not_picked":["Endless Agony","Dodge and Roll+1"],"picked":"Eviscerate","floor":46},{"not_picked":["Expertise","Terror"],"picked":"Catalyst","floor":47}],"player_experience":89936,"relics_obtained":[{"floor":9.0,"key":"Smiling Mask"},{"floor":10.0,"key":"MawBank"},{"floor":23.0,"key":"Orichalcum"},{"floor":36,"key":"Letter Opener"},{"floor":41,"key":"Whetstone"},{"floor":43,"key":"Bottled Lightning"},{"floor":47,"key":"CeramicFish"}],"event_choices":[{"cards_removed":["Defend_G"],"damage_healed":0.0,"max_hp_gain":0.0,"max_hp_loss":0.0,"gold_gain":0.0,"event_name":"Bonfire Elementals","player_choice":"Offered Basic","floor":3.0,"gold_loss":0.0,"damage_taken":0.0},{"damage_healed":0.0,"max_hp_gain":0.0,"max_hp_loss":0.0,"gold_gain":0.0,"cards_transformed":["Strike_G"],"event_name":"Living Wall","player_choice":"Change","floor":12.0,"gold_loss":0.0,"damage_taken":0.0,"cards_obtained":["Dagger Spray"]},{"damage_healed":0.0,"max_hp_gain":0.0,"max_hp_loss":0.0,"gold_gain":75.0,"event_name":"World of Goop","player_choice":"Gather Gold","floor":14.0,"gold_loss":0.0,"damage_taken":11.0},{"damage_healed":0.0,"max_hp_gain":0.0,"max_hp_loss":0.0,"gold_gain":0.0,"event_name":"Vampires","player_choice":"Ignored","floor":19.0,"gold_loss":0.0,"damage_taken":0.0},{"damage_healed":0.0,"max_hp_gain":0.0,"max_hp_loss":0.0,"gold_gain":0.0,"event_name":"The Library","player_choice":"Read","floor":22.0,"gold_loss":0.0,"damage_taken":0.0,"cards_obtained":["Acrobatics"]},{"damage_healed":0.0,"max_hp_gain":0.0,"max_hp_loss":0.0,"gold_gain":0.0,"event_name":"WeMeetAgain","player_choice":"Gave Potion","floor":27.0,"gold_loss":0.0,"damage_taken":0.0,"relics_obtained":["Blood Vial"]},{"damage_healed":0,"gold_gain":0,"player_choice":"Upgraded","damage_taken":0,"max_hp_gain":0,"max_hp_loss":0,"event_name":"Upgrade Shrine","floor":38,"gold_loss":0,"cards_upgraded":["Footwork"]}],"is_beta":false,"boss_relics":[{"not_picked":["Calling Bell","Black Star"],"picked":"Snecko Eye"},{"not_picked":["Runic Dome","SlaversCollar"],"picked":"Empty Cage"}],"items_purged_floors":[21,37,45],"is_endless":false,"potions_floor_spawned":[2,8,11,16,18,29,39,46],"killed_by":"4 Shapes","ascension_level":20}}