{"host":"kejh1c9c53env2nx","time":1614090127,"event":{"mods":["BaseMod","Downfall","Minty Spire (QoL Compilation)","StSLib"],"gold_per_floor":[118,118,133,144,160,193,206,306,352,352,367,397,125,141,141,241,241,258,258,268,1,21,53,53,53,53,64,64,164,183,183,183],"floor_reached":31,"language":"ENG","playtime":2370,"items_purged":["Backflip","Strike_G"],"score":296,"play_id":"c1664009-287f-4108-b0b6-acb8f9bbd225","local_time":"20210223142207","is_ascension_mode":false,"campfire_choices":[{"data":"Bouncing Flask","floor":10,"key":"SMITH"},{"floor":15,"key":"REST"},{"floor":25,"key":"REST"}],"circlet_count":0,"master_deck":["Strike_G","Strike_G","Strike_G","Strike_G","Defend_G","Defend_G","Defend_G","Defend_G","Defend_G","Survivor","Neutralize","Discovery","Deadly Poison","Bouncing Flask+1","Leg Sweep","Bane","Outmaneuver","Infinite Blades","Mayhem","PiercingWail","Burst","Noxious Fumes","Sadistic Nature","Deadly Poison+1","Deflect","Crippling Poison","Deadly Poison","Backflip"],"relics":["Ring of the Serpent","Bronze Scales","Bag of Preparation","Ornamental Fan","MealTicket","Pocketwatch","MutagenicStrength","White Beast Statue","WingedGreaves","Pear"],"acts_visited":["Exordium","TheCity"],"potions_floor_usage":[6,11,12,16,16,27,28,30,31],"damage_taken":[{"damage":6,"enemies":"2 Louse","floor":1,"turns":3},{"damage":0,"enemies":"Cultist","floor":3,"turns":3},{"damage":0,"enemies":"Small Slimes","floor":4,"turns":3},{"damage":4,"enemies":"Blue Slaver","floor":5,"turns":4},{"damage":0,"enemies":"Lagavulin","floor":6,"turns":5},{"damage":0,"enemies":"Gremlin Gang","floor":7,"turns":3},{"damage":3,"enemies":"Lots of Slimes","floor":11,"turns":3},{"damage":18,"enemies":"Gremlin Nob","floor":12,"turns":3},{"damage":16,"enemies":"Large Slime","floor":14,"turns":4},{"damage":7,"enemies":"Hexaghost","floor":16,"turns":6},{"damage":6,"enemies":"Spheric Guardian","floor":18,"turns":5},{"damage":10,"enemies":"Shell Parasite","floor":20,"turns":3},{"damage":8,"enemies":"Centurion and Healer","floor":22,"turns":6},{"damage":22,"enemies":"Book of Stabbing","floor":23,"turns":4},{"damage":1,"enemies":"Snecko","floor":27,"turns":4},{"damage":0,"enemies":"Snake Plant","floor":28,"turns":1},{"damage":17,"enemies":"Colosseum Slavers","floor":29,"turns":3},{"damage":31,"enemies":"Colosseum Nobs","floor":29,"turns":4},{"damage":13,"enemies":"3 Cultists","floor":30,"turns":3},{"damage":6,"enemies":"Cultist and Chosen","floor":31,"turns":4}],"seed_played":"941466778627044929","potions_obtained":[{"floor":2,"key":"DuplicationPotion"},{"floor":2,"key":"GamblersBrew"},{"floor":2,"key":"LiquidMemories"},{"floor":3,"key":"Strength Potion"},{"floor":11,"key":"sneckomod:MuddlingPotion"},{"floor":14,"key":"Block Potion"},{"floor":23,"key":"DistilledChaos"},{"floor":27,"key":"SmokeBomb"},{"floor":29,"key":"champ:CounterPotion"},{"floor":30,"key":"EssenceOfSteel"}],"is_trial":false,"path_per_floor":["M","?","M","M","M","E","M","?","T","R","M","E","$","M","R","B",null,"M","?","M","$","M","E","?","R","T","M","M","?","M","M"],"character_chosen":"THE_SILENT","items_purchased":["Mayhem","Sadistic Nature"],"campfire_rested":2,"item_purchase_floors":[13,21],"current_hp_per_floor":[64,64,64,64,60,60,60,60,60,60,57,39,39,23,44,37,70,64,64,54,69,61,39,39,60,60,59,59,21,8,2,2],"gold":183,"neow_bonus":"RANDOM_COLORLESS","is_daily":false,"chose_seed":false,"campfire_upgraded":1,"win_rate":0.0,"timestamp":1614090127,"path_taken":["M","?","M","?","M","E","M","?","T","R","M","E","$","?","R","BOSS","M","?","M","$","M","E","?","R","T","M","M","?","?","?"],"items_purchased_type":["Card","Card"],"build_version":"2020-12-22","purchased_purges":2,"victory":false,"max_hp_per_floor":[70,70,70,70,70,70,70,70,70,70,70,70,70,70,70,70,70,70,70,70,70,70,70,70,70,70,70,70,80,80,80,80],"card_choices":[{"not_picked":["Blind","Bandage Up"],"picked":"Discovery","floor":0},{"not_picked":["All Out Attack","Blur"],"picked":"Deadly Poison","floor":1},{"not_picked":["Flying Knee","Blade Dance"],"picked":"Bouncing Flask","floor":3},{"not_picked":["Dagger Throw","PiercingWail"],"picked":"Backflip","floor":4},{"not_picked":["Finisher","Infinite Blades","Reflex"],"picked":"SKIP","floor":5},{"not_picked":["Deflect","Dodge and Roll"],"picked":"Leg Sweep","floor":6},{"not_picked":["Unload","Blur"],"picked":"Bane","floor":7},{"not_picked":["Backflip","Doppelganger"],"picked":"Outmaneuver","floor":11},{"not_picked":["Dodge and Roll","Skewer"],"picked":"Infinite Blades","floor":12},{"not_picked":["Flying Knee","Backflip"],"picked":"PiercingWail","floor":14},{"not_picked":["A Thousand Cuts","After Image"],"picked":"Burst","floor":16},{"not_picked":["Skewer","Underhanded Strike","Dagger Throw+1"],"picked":"SKIP","floor":18},{"not_picked":["Deflect+1","Distraction"],"picked":"Noxious Fumes","floor":20},{"not_picked":["Infinite Blades+1","Sucker Punch"],"picked":"Deadly Poison+1","floor":22},{"not_picked":["All Out Attack","Predator+1"],"picked":"Deflect","floor":23},{"not_picked":["Well Laid Plans","Riddle With Holes+1"],"picked":"Crippling Poison","floor":27},{"not_picked":["Acrobatics","Slice"],"picked":"Deadly Poison","floor":29},{"not_picked":["Acrobatics","Prepared+1"],"picked":"Backflip","floor":30}],"player_experience":63626,"relics_obtained":[{"floor":6,"key":"Bronze Scales"},{"floor":9,"key":"Bag of Preparation"},{"floor":12,"key":"Ornamental Fan"},{"floor":23,"key":"Pocketwatch"},{"floor":26,"key":"White Beast Statue"},{"floor":29,"key":"WingedGreaves"},{"floor":29,"key":"Pear"}],"event_choices":[{"damage_healed":0,"gold_gain":0,"player_choice":"Got Potions","damage_taken":0,"max_hp_gain":0,"max_hp_loss":0,"event_name":"Lab","floor":2,"gold_loss":0},{"damage_healed":0,"gold_gain":100,"player_choice":"Pray","damage_taken":0,"max_hp_gain":0,"max_hp_loss":0,"event_name":"Golden Shrine","floor":8,"gold_loss":0},{"damage_healed":0,"gold_gain":0,"player_choice":"Opened","damage_taken":0,"relics_obtained":["MealTicket"],"max_hp_gain":0,"max_hp_loss":0,"event_name":"The Mausoleum","floor":19,"gold_loss":0},{"damage_healed":0,"gold_gain":0,"player_choice":"Inject Mutagens","damage_taken":0,"relics_obtained":["MutagenicStrength"],"max_hp_gain":0,"max_hp_loss":0,"event_name":"Drug Dealer","floor":24,"gold_loss":0},{"damage_healed":0,"gold_gain":0,"player_choice":"Fight","damage_taken":0,"max_hp_gain":0,"max_hp_loss":0,"event_name":"Colosseum","floor":29,"gold_loss":0},{"damage_healed":0,"gold_gain":0,"player_choice":"Fought Nobs","damage_taken":0,"max_hp_gain":0,"max_hp_loss":0,"event_name":"Colosseum","floor":29,"gold_loss":0}],"is_beta":false,"boss_relics":[{"not_picked":["Philosopher\u0027s Stone","Ectoplasm"],"picked":"Ring of the Serpent"}],"items_purged_floors":[13,21],"is_endless":false,"potions_floor_spawned":[3,5,11,14,23,27,28,29,29,30],"killed_by":"Cultist and Chosen","ascension_level":0}}