{"host":"q0zivyteofxuwz3g","time":1614040374,"event":{"mods":["AchievementEnabler","BaseMod","BetterRewards","Minty Spire (QoL Compilation)","Relic Filter","StSLib"],"gold_per_floor":[114,114,114,131,144,174,174,201,254,280,280,292,303,316,316,415,415,429,528,225,242,255,285,141,141,141,152,181,181,193,193,193,193,193],"floor_reached":33,"language":"ENG","playtime":1528,"items_purged":[],"score":371,"play_id":"0d9f7426-fa97-4a60-b96b-e4d74786a9be","local_time":"20210222213254","is_ascension_mode":true,"campfire_choices":[{"data":"Crippling Poison","floor":7,"key":"SMITH"},{"floor":11,"key":"REST"},{"floor":15,"key":"REST"},{"floor":25,"key":"REST"},{"data":"Noxious Fumes","floor":29,"key":"SMITH"},{"floor":32,"key":"RECALL"}],"circlet_count":0,"master_deck":["Strike_G","Strike_G","Strike_G","Strike_G","Strike_G","Defend_G","Defend_G","Defend_G","Defend_G","Defend_G","Survivor","Neutralize","Deadly Poison","Deadly Poison","Crippling Poison+1","Noxious Fumes+1","Deadly Poison","Sucker Punch","Prepared","Heel Hook","Well Laid Plans","Underhanded Strike","Masterful Stab","Underhanded Strike","Bouncing Flask","Corpse Explosion","Underhanded Strike","Dagger Throw","Concentrate","Prepared","Poisoned Stab+1","Adrenaline","Sucker Punch+1","Deadly Poison","Bouncing Flask","Deflect","Disarm","Master of Strategy"],"relics":["Ring of the Snake","PreservedInsect","Anchor","Mummified Hand","Bottled Lightning","Du-Vu Doll","Orichalcum","Bronze Scales","Sozu","Nunchaku","Orrery","Shuriken","PrismaticShard","Bottled Tornado","Spirit Poop"],"acts_visited":["Exordium","TheCity"],"potions_floor_usage":[16,16,27],"damage_taken":[{"damage":4,"enemies":"Cultist","floor":1,"turns":3},{"damage":7,"enemies":"Small Slimes","floor":4,"turns":3},{"damage":3,"enemies":"2 Louse","floor":5,"turns":3},{"damage":13,"enemies":"Gremlin Nob","floor":6,"turns":3},{"damage":17,"enemies":"3 Sentries","floor":8,"turns":6},{"damage":8,"enemies":"Gremlin Nob","floor":10,"turns":3},{"damage":4,"enemies":"Blue Slaver","floor":12,"turns":3},{"damage":0,"enemies":"Exordium Thugs","floor":13,"turns":3},{"damage":8,"enemies":"Exordium Wildlife","floor":14,"turns":3},{"damage":32,"enemies":"The Guardian","floor":16,"turns":7},{"damage":5,"enemies":"2 Thieves","floor":18,"turns":2},{"damage":3,"enemies":"Shell Parasite","floor":21,"turns":3},{"damage":11,"enemies":"Shelled Parasite and Fungi","floor":22,"turns":4},{"damage":34,"enemies":"Gremlin Leader","floor":23,"turns":3},{"damage":0,"enemies":"Snake Plant","floor":27,"turns":3},{"damage":3,"enemies":"Slavers","floor":28,"turns":3},{"damage":5,"enemies":"Snecko","floor":30,"turns":3},{"damage":58,"enemies":"Champ","floor":33,"turns":8}],"seed_played":"-4986778767527778890","potions_obtained":[{"floor":5,"key":"SpeedPotion"},{"floor":8,"key":"Dexterity Potion"},{"floor":10,"key":"BlessingOfTheForge"},{"floor":13,"key":"Regen Potion"}],"is_trial":false,"path_per_floor":["M","?","?","M","M","E","R","E","T","E","R","M","M","M","R","B",null,"M","?","$","M","M","E","$","R","T","M","E","R","M","?","R","B"],"character_chosen":"THE_SILENT","items_purchased":["Noxious Fumes","Deadly Poison","PreservedInsect","Deadly Poison","Crippling Poison","Noxious Fumes","Nunchaku","Orrery","PrismaticShard"],"campfire_rested":3,"item_purchase_floors":[0,0,0,0,0,0,20,20,24],"current_hp_per_floor":[66,66,63,56,53,40,40,23,23,15,36,32,32,24,45,13,70,65,65,65,62,51,17,17,38,38,50,47,47,42,42,42,0,0],"gold":193,"neow_bonus":"","is_daily":false,"chose_seed":false,"campfire_upgraded":2,"win_rate":0.0,"timestamp":1614040374,"path_taken":["M","?","?","M","M","E","R","E","T","E","R","M","M","M","R","BOSS","M","?","$","M","M","E","$","R","T","M","E","R","M","?","R","BOSS"],"items_purchased_type":["Card","Card","Relic","Card","Card","Card","Relic","Relic","Relic"],"build_version":"2020-12-22","purchased_purges":0,"victory":false,"max_hp_per_floor":[70,70,70,70,70,70,70,70,70,70,70,70,70,70,70,70,70,70,70,70,70,70,70,70,70,70,70,70,70,70,70,70,70,70],"card_choices":[{"not_picked":["Predator","Reflex"],"picked":"Deadly Poison","floor":1},{"not_picked":["Finisher","All Out Attack"],"picked":"Sucker Punch","floor":4},{"not_picked":["Dodge and Roll","PiercingWail"],"picked":"Prepared","floor":5},{"not_picked":["Skewer","Riddle With Holes"],"picked":"Heel Hook","floor":6},{"not_picked":["Cloak And Dagger","Calculated Gamble"],"picked":"Well Laid Plans","floor":8},{"not_picked":["PiercingWail","Acrobatics"],"picked":"Underhanded Strike","floor":10},{"not_picked":["Acrobatics","Skewer"],"picked":"Masterful Stab","floor":12},{"not_picked":["Well Laid Plans","Slice"],"picked":"Underhanded Strike","floor":13},{"not_picked":["Outmaneuver","Endless Agony"],"picked":"Bouncing Flask","floor":14},{"not_picked":["A Thousand Cuts","Doppelganger"],"picked":"Corpse Explosion","floor":16},{"not_picked":["Infinite Blades","Dagger Spray+1"],"picked":"Underhanded Strike","floor":18},{"not_picked":["Expertise+1","Deflect+1"],"picked":"Dagger Throw","floor":20},{"not_picked":["Skewer+1","Flying Knee"],"picked":"Concentrate","floor":20},{"not_picked":["Heel Hook","Die Die Die"],"picked":"Prepared","floor":20},{"not_picked":["Bane","Dagger Spray"],"picked":"Poisoned Stab+1","floor":20},{"not_picked":["PiercingWail","Deadly Poison"],"picked":"Adrenaline","floor":20},{"not_picked":["Blade Dance","Slice"],"picked":"Sucker Punch+1","floor":21},{"not_picked":["Sucker Punch","Doppelganger"],"picked":"Deadly Poison","floor":22},{"not_picked":["Dagger Spray","Slice"],"picked":"Bouncing Flask","floor":23},{"not_picked":["EmptyBody+1","Worship"],"picked":"Deflect","floor":27},{"not_picked":["Headbutt","Quick Slash"],"picked":"Disarm","floor":28},{"not_picked":["Cloak And Dagger","Feel No Pain"],"picked":"Master of Strategy","floor":30}],"player_experience":188331,"relics_obtained":[{"floor":6,"key":"Bottled Lightning"},{"floor":8,"key":"Du-Vu Doll"},{"floor":9,"key":"Orichalcum"},{"floor":10,"key":"Bronze Scales"},{"floor":23,"key":"Shuriken"},{"floor":28,"key":"Bottled Tornado"}],"event_choices":[{"damage_healed":0,"gold_gain":0,"player_choice":"Box","damage_taken":0,"relics_obtained":["Anchor"],"max_hp_gain":0,"max_hp_loss":0,"event_name":"Big Fish","floor":2,"gold_loss":0,"cards_obtained":["Regret"]},{"damage_healed":0,"gold_gain":0,"player_choice":"Success","damage_taken":3,"relics_obtained":["Mummified Hand"],"max_hp_gain":0,"max_hp_loss":0,"event_name":"Scrap Ooze","floor":3,"gold_loss":0},{"damage_healed":0,"gold_gain":99,"player_choice":"Stole From Cult","damage_taken":0,"max_hp_gain":0,"max_hp_loss":0,"event_name":"Nest","floor":19,"gold_loss":0},{"cards_removed":["Regret"],"damage_healed":0,"gold_gain":0,"player_choice":"Offered Curse","damage_taken":0,"relics_obtained":["Spirit Poop"],"max_hp_gain":0,"max_hp_loss":0,"event_name":"Bonfire Elementals","floor":31,"gold_loss":0}],"is_beta":false,"boss_relics":[{"not_picked":["Empty Cage","Ectoplasm"],"picked":"Sozu"}],"items_purged_floors":[],"is_endless":false,"potions_floor_spawned":[5,8,10,12,13,23,30],"killed_by":"Champ","ascension_level":1}}