{"host":"mu5qkq7030l6349q","time":1614097452,"event":{"mods":["AchievementEnabler","BaseMod","Colored Powertips","Downfall","Highlight Path","Minty Spire (QoL Compilation)","Permanent Neow","Rare Cards Sparkle","Relic Sorter","Relic Stats","StSLib"],"gold_per_floor":[114,128,128,143,75,102,102,130,199,228,132,132,82,93,93,189,189,209,226,103,121,121,121],"floor_reached":22,"language":"ENG","playtime":1153,"items_purged":["Strike_B","Strike_B","Strike_B"],"score":214,"play_id":"b7397ff0-77db-4589-be1d-86b746515cfa","local_time":"20210223172412","is_ascension_mode":true,"campfire_choices":[{"data":"Multi-Cast","floor":7.0,"key":"SMITH"},{"data":"Fusion","floor":15.0,"key":"SMITH"}],"circlet_count":0,"master_deck":["Defend_B","Defend_B","Defend_B","Defend_B","Zap","Dualcast","Redo","Ball Lightning","Self Repair","Multi-Cast+1","Chaos","Conserve Battery","Fusion+1","Seek","Capacitor","Capacitor+1"],"relics":["Cracked Core","Blood Vial","FossilizedHelix","Smiling Mask","Calipers","Toy Ornithopter","SlaversCollar"],"acts_visited":["Exordium","TheCity"],"potions_floor_usage":[],"damage_taken":[{"damage":0.0,"enemies":"2 Louse","floor":1.0,"turns":2.0},{"damage":1.0,"enemies":"Cultist","floor":2.0,"turns":3.0},{"damage":0.0,"enemies":"Jaw Worm","floor":4.0,"turns":3.0},{"damage":16.0,"enemies":"Gremlin Nob","floor":6.0,"turns":4.0},{"damage":13.0,"enemies":"Lagavulin","floor":8.0,"turns":7.0},{"damage":29.0,"enemies":"3 Sentries","floor":10.0,"turns":7.0},{"damage":1.0,"enemies":"Red Slaver","floor":14.0,"turns":4.0},{"damage":2.0,"enemies":"Slime Boss","floor":16.0,"turns":7.0},{"damage":18.0,"enemies":"Shell Parasite","floor":18.0,"turns":5.0},{"damage":14,"enemies":"3 Byrds","floor":19,"turns":5},{"damage":44,"enemies":"Snake Plant","floor":21,"turns":5},{"damage":34,"enemies":"Cultist and Chosen","floor":22,"turns":4}],"seed_played":"-3516878730189954007","potions_obtained":[{"floor":1.0,"key":"AttackPotion"},{"floor":6.0,"key":"sneckomod:MuddlingPotion"},{"floor":8.0,"key":"Fruit Juice"},{"floor":14.0,"key":"SteroidPotion"},{"floor":21,"key":"DuplicationPotion"}],"is_trial":false,"path_per_floor":["M","M","?","M","$","E","R","E","T","E","$","?","$","M","R","B",null,"M","M","$","M","M"],"character_chosen":"DEFECT","items_purchased":["Self Repair","Conserve Battery","Capacitor"],"campfire_rested":0,"item_purchase_floors":[5,11,20],"current_hp_per_floor":[75,74,74,75,75,66,66,62,62,47,47,47,47,55,55,62,80,69,64,64,29,0,0],"gold":121,"neow_bonus":"RANDOM_COMMON_RELIC","is_daily":false,"chose_seed":false,"campfire_upgraded":2,"win_rate":0.0,"timestamp":1614097452,"path_taken":["M","M","?","?","$","E","R","E","T","E","$","?","?","M","R","BOSS","M","M","$","M","M"],"items_purchased_type":["Card","Card","Card"],"build_version":"2020-12-22","purchased_purges":3,"victory":false,"max_hp_per_floor":[75,75,75,75,75,75,75,75,75,80,80,80,80,80,80,80,80,80,80,80,80,80,80],"relic_stats":{"Blood Vial":15,"counters":[12,56],"Smiling Mask":150,"obtain_stats":[{"Blood Vial":0,"SlaversCollar":17,"Calipers":8,"Cracked Core":0,"Smiling Mask":6,"FossilizedHelix":3,"Toy Ornithopter":10},{"Blood Vial":0,"SlaversCollar":8,"Calipers":5,"Cracked Core":0,"Smiling Mask":4,"FossilizedHelix":2,"Toy Ornithopter":6},{"Blood Vial":0,"SlaversCollar":37,"Calipers":19,"Cracked Core":0,"Smiling Mask":12,"FossilizedHelix":5,"Toy Ornithopter":26}],"Toy Ornithopter":0},"card_choices":[{"not_picked":["Skim","Stack"],"picked":"Redo","floor":1.0},{"not_picked":["Gash","Sweeping Beam"],"picked":"Ball Lightning","floor":2.0},{"not_picked":["Sweeping Beam","Undo","Steam"],"picked":"SKIP","floor":4.0},{"not_picked":["Rip and Tear","Sunder"],"picked":"Multi-Cast","floor":6.0},{"not_picked":["Turbo","Hello World","Stack"],"picked":"SKIP","floor":8.0},{"not_picked":["Coolheaded","Reprogram"],"picked":"Chaos","floor":10.0},{"not_picked":["Steam","Self Repair"],"picked":"Fusion","floor":14.0},{"not_picked":["Rainbow","Multi-Cast"],"picked":"Seek","floor":16.0},{"not_picked":["Sweeping Beam","Turbo","Cold Snap+1"],"picked":"SKIP","floor":18.0},{"not_picked":["Coolheaded+1","BootSequence","Redo"],"picked":"SKIP","floor":19},{"not_picked":["Compile Driver+1","Steam"],"picked":"Capacitor+1","floor":21}],"player_experience":88209,"relics_obtained":[{"floor":6.0,"key":"Smiling Mask"},{"floor":8.0,"key":"Calipers"},{"floor":10.0,"key":"Toy Ornithopter"}],"event_choices":[{"damage_healed":0.0,"max_hp_gain":0.0,"max_hp_loss":0.0,"gold_gain":0.0,"event_name":"WeMeetAgain","player_choice":"Gave Potion","floor":3.0,"gold_loss":0.0,"damage_taken":0.0,"relics_obtained":["FossilizedHelix"]},{"cards_removed":["Strike_B"],"damage_healed":0.0,"max_hp_gain":0.0,"max_hp_loss":0.0,"gold_gain":0.0,"event_name":"Purifier","player_choice":"Purged","floor":12.0,"gold_loss":0.0,"damage_taken":0.0}],"is_beta":false,"boss_relics":[{"not_picked":["Inserter","Runic Pyramid"],"picked":"SlaversCollar"}],"items_purged_floors":[11,13,20],"is_endless":false,"potions_floor_spawned":[1,6,8,14,21],"killed_by":"Cultist and Chosen","ascension_level":1}}