{"host":"1lxw72ckkilnkgp7","time":1614088243,"event":{"mods":["ATMod(阿瑾Mod)","BaseMod","BetterRewards","Custom Start","Marisa（F雨　魔理沙）","Minty Spire (QoL Compilation)","Quick Restart","Replay The Spire","Shop Mod","StSLib","The Servant 0.9.4","[IsaacMod]以撒尖塔","[功能]功能增强和修复MOD"],"gold_per_floor":[177,177,252,327,370,425,455,517,517,575,575,693,693,725,725,1248,1248,1260,1260,1276,1276,1276,1307,1342,1370,1395,1395,1427,1427,1457,1488,1488,2017,2117,2161,2216,2216,2228,2193,2193,2220,2246,2311,2353,2360,2389,2417,2452,2452,2467,2467,2467,2492,2499,2525,2561,2601,2601,2644,2669,2703,2703,2730,2730,2760,2760,2760,2769,2759,2784,2784],"floor_reached":57,"language":"ZHS","playtime":3589,"items_purged":["Defend_S+1","Defend_S+1","Defend_S+1","Defend_S+1","Strike_S+1","Strike_S+1","Strike_S+1","Moondial","HandOfGreedExtend+1","KidneyShot+1"],"score":5957,"play_id":"e71b3d01-141a-407d-8ae1-85fc01e02942","local_time":"20210223215043","daily_mods":["Flight","DeadlyEvents","Elite Swarm"],"is_ascension_mode":true,"campfire_choices":[{"data":"FloweringNight","floor":11.0,"key":"SMITH"},{"data":"TheWorld","floor":15.0,"key":"SMITH"},{"data":"Duplication","floor":27.0,"key":"SMITH"},{"floor":29.0,"key":"RECALL"},{"floor":32.0,"key":"DIG"},{"data":"SilverBlades","floor":40,"key":"SMITH"},{"data":"ReplayTheSpireMod:Omega Cannon","floor":49,"key":"SMITH"},{"floor":53,"key":"REST"}],"circlet_count":0,"master_deck":["Embodiment+1","DualDimension+1","Rearm+1","Exchange+1","BottledTime+1","KillingDoll","InstantArmor","TheWorld+1","FloweringNight+1","InstantArmor","MurderousAura","SoulSculpture+1","Duplication+1","FlawlessForm","SilverBlades+1","Rearm+1","Gouge","Solidify+1","StarChef","ShiftingGears+1","DevaForm+1","Amplify+1","ReplayTheSpireMod:Omega Cannon+1","DualDimension+1","DoubleEdge+1","Madness+1","Madness+1","Limit Break+1","Burst+1","Seek+1","Adrenaline+1","Heavy Blade+1"],"relics":["Uniform","AT_ATBox","HushsDoor","AT_BellowingDragoncrestRing","AT_SeraphEmbrace","AT_Manta","AT_ChloranthyRing","Guide Book","Pan","Leech","Potion Belt","Dream Catcher","Shuriken","Mirror","AT_ArcaneBoots","Happy Flower","Replay:Rubber Ducky","AT_BladeRuinedKing","Blue Doll","Black Star","Toxic Egg 2","Ice Cream","Ancient Tea Set","Mango","Prayer Wheel","EdensBlessing","Replay:Baseball","Omamori","Unceasing Top","Centennial Puzzle","Incense Burner","BloodDonationMachine","ReplayFunnel","White Beast Statue","Art of War","Mummified Hand","Replay:Accelerometer","Replay:Wanted Poster","AT_SeraphEmbrace","CatCart","Turnip","Divine Protection","PrismaticShard","Replay:Ringing Soul","Bird Faced Urn","Question Card","Gremlin Horn","MawBank","AT_EbonyIvory","SharpPlug","SalivaCoin","Quantum Egg","TheBean","TungstenRod","MoneyPower","Broom","D6","DollysMirror","CeramicFish","Frozen Eye","Peace Pipe","ReplayTheSpireMod:TigerMarble","Bag of Preparation","KneeBrace","Snack Pack","FossilizedHelix","Smiling Mask","ReplayTheSpireMod:Shallot","Garlic","Letter Opener","Sundial","Molten Egg 2","Replay:Bottled Eggs","Pen Nib","Bottled Lightning","AT_BellDemon","BlankCard","Strawberry","Blood Vial"],"acts_visited":["Exordium","TheCity","TheBeyond","TheEnding"],"potions_floor_usage":[42,46,37,56,56,56,56],"damage_taken":[{"damage":0.0,"enemies":"Small Slimes","floor":1.0,"turns":7.0},{"damage":6.0,"enemies":"2 Louse","floor":3.0,"turns":2.0},{"damage":0.0,"enemies":"Jaw Worm","floor":5.0,"turns":1.0},{"damage":0.0,"enemies":"Gremlin Nob","floor":6.0,"turns":2.0},{"damage":0.0,"enemies":"Lagavulin","floor":7.0,"turns":2.0},{"damage":0.0,"enemies":"3 Sentries","floor":8.0,"turns":5.0},{"damage":0.0,"enemies":"Gremlin Nob","floor":10.0,"turns":3.0},{"damage":0.0,"enemies":"3 Sentries","floor":12.0,"turns":4.0},{"damage":0.0,"enemies":"Gremlin Nob","floor":14.0,"turns":1.0},{"damage":0.0,"enemies":"Slime Boss","floor":16.0,"turns":1.0},{"damage":0.0,"enemies":"Shell Parasite","floor":18.0,"turns":2.0},{"damage":0.0,"enemies":"3 Byrds","floor":20.0,"turns":2.0},{"damage":0.0,"enemies":"Gremlin Leader","floor":23.0,"turns":1.0},{"damage":0.0,"enemies":"Slavers","floor":24.0,"turns":2.0},{"damage":0.0,"enemies":"Gremlin Leader","floor":25.0,"turns":1.0},{"damage":0.0,"enemies":"Slavers","floor":28.0,"turns":1.0},{"damage":0.0,"enemies":"Book of Stabbing","floor":30.0,"turns":1.0},{"damage":0.0,"enemies":"Slavers","floor":31.0,"turns":1.0},{"damage":0.0,"enemies":"Pondfish","floor":33.0,"turns":2.0},{"damage":0.0,"enemies":"3 Shapes","floor":35.0,"turns":2.0},{"damage":0.0,"enemies":"Orin","floor":36.0,"turns":3.0},{"damage":0.0,"enemies":"3 Darklings","floor":38.0,"turns":1.0},{"damage":0,"enemies":"Reptomancer","floor":41,"turns":1},{"damage":0,"enemies":"R_Hoarder","floor":42,"turns":2},{"damage":0,"enemies":"Nemesis","floor":44,"turns":1},{"damage":0,"enemies":"R_Hoarder","floor":46,"turns":2},{"damage":0,"enemies":"Reptomancer","floor":47,"turns":1},{"damage":0,"enemies":"R_Hoarder","floor":48,"turns":2},{"damage":0,"enemies":"3 Shapes","floor":35,"turns":1},{"damage":0,"enemies":"R_Hoarder","floor":40,"turns":2},{"damage":0,"enemies":"Giant Head","floor":41,"turns":1},{"damage":0,"enemies":"Reptomancer","floor":42,"turns":1},{"damage":0,"enemies":"R_Hoarder","floor":44,"turns":2},{"damage":0,"enemies":"Nemesis","floor":45,"turns":1},{"damage":0,"enemies":"R_Hoarder","floor":46,"turns":2},{"damage":0,"enemies":"Awakened One","floor":50,"turns":2},{"damage":0,"enemies":"Time Eater","floor":51,"turns":1},{"damage":0,"enemies":"Shield and Spear","floor":55,"turns":1},{"damage":0,"enemies":"LittleHush","floor":56,"turns":4}],"seed_played":"-8706563140316583073","potions_obtained":[{"floor":1.0,"key":"SpeedPotion"},{"floor":3.0,"key":"PowerPotion"},{"floor":6.0,"key":"PowerPotion"},{"floor":6.0,"key":"GamblersBrew"},{"floor":10.0,"key":"Fruit Juice"},{"floor":10.0,"key":"CultistPotion"},{"floor":24.0,"key":"DuplicationPotion"},{"floor":42,"key":"Fruit Juice"},{"floor":44,"key":"Milkshake"},{"floor":46,"key":"Weak Potion"},{"floor":40,"key":"Strength Potion"},{"floor":46,"key":"Flashbang"}],"is_trial":true,"path_per_floor":["M","?","M","?","M","E","E","E","T","E","R","E","$","E","R","B",null,"M","$","M","$","T","E","E","E","T","R","E","R","E","E","R","B",null,"M","?","$","M","$","R","E","E","T","E","$","E","E","E","R","M","$","$","?","?","E","E","E","T","E","E","E","$","T","R","B","B",null,"R","$","E","B",null],"character_chosen":"THE_SERVANT","items_purchased":["AT_SpeedBoots","InstantArmor","Happy Flower","Toxic Egg 2","Ice Cream","Gouge","Turnip","Divine Protection","PrismaticShard","Replay:Ringing Soul","DollysMirror","DoubleEdge+1","CeramicFish","Frozen Eye","Peace Pipe","Fruit Juice","SpeedPotion","Bottled Lightning","Swift Potion","BlankCard"],"campfire_rested":1,"item_purchase_floors":[13,13,13,19,21,21,37,37,39,39,36,37,37,37,37,37,37,47,47,54],"current_hp_per_floor":[54,54,49,38,38,39,41,45,45,52,52,55,55,55,55,56,63,64,64,65,65,65,79,79,79,79,79,79,79,79,79,79,79,79,79,79,79,79,79,79,79,84,84,87,87,87,90,93,93,93,96,104,89,75,84,93,108,108,116,116,119,119,119,119,119,119,119,122,122,129,129],"gold":2784,"neow_bonus":"","is_daily":false,"chose_seed":false,"campfire_upgraded":5,"win_rate":0.0,"timestamp":1614088243,"path_taken":["M","?","M","?","M","E","?","E","T","E","R","E","$","E","R","BOSS","M","$","?","$","?","E","E","E","T","R","E","R","E","?","R","BOSS","M","?","$","M","$","R","E","E","T","E","$","E","E","E","R","M","$","$","?","?","E","E","E","T","E","E","E","$","?","R","BOSS","BOSS","R","$","E","BOSS"],"items_purchased_type":["Relic","Card","Relic","Relic","Relic","Card","Relic","Relic","Relic","Relic","Relic","Card","Relic","Relic","Relic","Potion","Potion","Relic","Potion","Relic"],"build_version":"2020-12-22","purchased_purges":10,"victory":true,"max_hp_per_floor":[60,60,60,60,60,60,60,60,60,65,65,65,65,65,65,65,65,65,65,65,65,65,79,79,79,79,79,79,79,79,79,79,79,79,79,79,79,79,79,79,79,84,84,87,87,87,90,93,93,93,96,104,107,107,107,110,113,113,116,116,119,119,119,119,119,119,119,122,122,129,129],"card_choices":[{"not_picked":[],"picked":"ChaosCard","floor":0.0},{"not_picked":["Bomb","Starlight"],"picked":"BottledTime","floor":1.0},{"not_picked":["DoubleEdge","Snipe","SpecialFormula"],"picked":"SKIP","floor":1.0},{"not_picked":["DoubleEdge","TimeWarp","Starlight"],"picked":"SKIP","floor":1.0},{"not_picked":["Spin","Replace"],"picked":"Moondial","floor":3.0},{"not_picked":["SpecialFormula","Shuttle","Replace"],"picked":"SKIP","floor":3.0},{"not_picked":["Ricochet","Bomb","TimeWarp"],"picked":"SKIP","floor":3.0},{"not_picked":["TimeWarp","Alleviate"],"picked":"KillingDoll","floor":5.0},{"not_picked":["DualDimension","Misdirection"],"picked":"InstantArmor","floor":5.0},{"not_picked":["SurpressingFire","TimeWarp","Moondial"],"picked":"SKIP","floor":5.0},{"not_picked":["Deny","Sunlight","SilverMatrix"],"picked":"SKIP","floor":6.0},{"not_picked":["Deny","PendulumOfEternity","TrueSight"],"picked":"SKIP","floor":7.0},{"not_picked":["SilverMatrix","Dilation"],"picked":"TheWorld","floor":8.0},{"not_picked":["MurderousAura","ForgedInTime"],"picked":"FloweringNight","floor":10.0},{"not_picked":["TheWorld","TrueSight","Dilation"],"picked":"SKIP","floor":12.0},{"not_picked":["Sunlight","TheWorld"],"picked":"MurderousAura","floor":14.0},{"not_picked":["Dilation","TheWorld"],"picked":"SoulSculpture","floor":16.0},{"not_picked":["ForgedInTime","Sunlight"],"picked":"Duplication","floor":16.0},{"not_picked":["TheWorld","Duplication"],"picked":"FlawlessForm","floor":16.0},{"not_picked":["BottledTime","Rearm"],"picked":"SilverBlades","floor":18.0},{"not_picked":["Potential","Defy","Misdirection"],"picked":"SKIP","floor":18.0},{"not_picked":["Potential","Unruled","BestPractice"],"picked":"SKIP","floor":18.0},{"not_picked":["FastForward+1","Hightail+1"],"picked":"Rearm+1","floor":20.0},{"not_picked":["ReturningBlade","MoonPhase","GearUp+1"],"picked":"SKIP","floor":20.0},{"not_picked":["DancingSilver+1","BottledTime+1","TheWorld+1"],"picked":"SKIP","floor":20.0},{"not_picked":["MurderousAura","SoulSculpture"],"picked":"Solidify+1","floor":23.0},{"not_picked":["FloweringNight","FlawlessForm","MurderousAura"],"picked":"SKIP","floor":24.0},{"not_picked":["FloweringNight","Deny+1","Initiator"],"picked":"SKIP","floor":25.0},{"not_picked":["ForgedInTime+1","LightFlow","SoulSculpture"],"picked":"SKIP","floor":28.0},{"not_picked":["Sunlight","ForgedInTime+1","Initiator"],"picked":"SKIP","floor":30.0},{"not_picked":["SilverMatrix","FloweringNight","SoulSculpture"],"picked":"SKIP","floor":31.0},{"not_picked":["Spin+1","Ricochet"],"picked":"StarChef","floor":35.0},{"not_picked":["Rearm+1","Replace+1","Spin"],"picked":"SKIP","floor":35.0},{"not_picked":["Rewind+1","BestPractice","Defy+1"],"picked":"SKIP","floor":35.0},{"not_picked":["Revamp+1","ShatteredReality","Luminosity"],"picked":"SKIP","floor":35.0},{"not_picked":["TimeWarp+1","Potential"],"picked":"ShiftingGears+1","floor":38.0},{"not_picked":["Potential","Ricochet","Moonlight"],"picked":"SKIP","floor":38.0},{"not_picked":["Barrier+1","Unruled","Misdirection+1"],"picked":"SKIP","floor":38.0},{"not_picked":["ReturningBlade","Ricochet","FastForward+1"],"picked":"SKIP","floor":38.0},{"not_picked":["Dilation+1","AT_KingSlayer","Envenom"],"picked":"SKIP","floor":41},{"not_picked":["Fiend Fire","EpicFetus","Juggernaut","Poisoned Strike"],"picked":"SKIP","floor":42},{"not_picked":["Limit Break+1","Brutality","Storm of Steel+1"],"picked":"DevaForm","floor":44},{"not_picked":["ReplayRNGCard+1","SuperNova","Demon Form","The Bomb+1"],"picked":"SKIP","floor":46},{"not_picked":["Atom Bomb","Devotion","Secret Technique+1"],"picked":"Amplify+1","floor":47},{"not_picked":["SoulSculpture","DevaForm","Deny+1"],"picked":"ReplayTheSpireMod:Omega Cannon","floor":48},{"not_picked":["ReplayTheSpireMod:Scrap Shanks","Deadly Poison+1","Compile Driver","BasicCrystalCard+1"],"picked":"SKIP","floor":35},{"not_picked":["Slice","Distraction+1","Defy+1","Acceleration+1"],"picked":"SKIP","floor":35},{"not_picked":["Nirvana","CollectingQuirk","Thunderclap","Hologram+1"],"picked":"SKIP","floor":35},{"not_picked":["Deadly Poison+1","Unruled","Self Repair","Moondial+1"],"picked":"SKIP","floor":35},{"not_picked":["The Bomb+1","Establishment","ReplayTheSpireMod:Necrosis+1","Blasphemy+1"],"picked":"SKIP","floor":40},{"not_picked":["Scrawl+1","ConjureBlade+1","Glass Knife"],"picked":"Limit Break+1","floor":41},{"not_picked":["Bludgeon","KillingDoll","Solidify+1"],"picked":"Burst+1","floor":42},{"not_picked":["Amplify+1","AT_Dispersion","Transmutation+1"],"picked":"Seek+1","floor":44},{"not_picked":["Blasphemy+1","AT_MachinaRedman+1","Poisoned Strike+1","JA+1"],"picked":"SKIP","floor":45},{"not_picked":["Glass Knife+1","Storm of Steel+1","Dilation+1"],"picked":"Adrenaline+1","floor":46},{"not_picked":["Jack Of All Trades+1","True Grit+1","DoubleEdge+1"],"picked":"Heavy Blade+1","floor":53},{"not_picked":["AT_FalsePromise","PendulumOfEternity+1","Limit Break+1","AT_KingSlayer+1"],"picked":"SKIP","floor":55}],"player_experience":161277,"relics_obtained":[{"floor":6.0,"key":"Potion Belt"},{"floor":7.0,"key":"Dream Catcher"},{"floor":8.0,"key":"Shuriken"},{"floor":12.0,"key":"Mirror"},{"floor":14.0,"key":"Replay:Rubber Ducky"},{"floor":16.0,"key":"AT_BladeRuinedKing"},{"floor":16.0,"key":"Blue Doll"},{"floor":22.0,"key":"Ancient Tea Set"},{"floor":23.0,"key":"Mango"},{"floor":23.0,"key":"Prayer Wheel"},{"floor":24.0,"key":"EdensBlessing"},{"floor":24.0,"key":"Replay:Baseball"},{"floor":25.0,"key":"Omamori"},{"floor":25.0,"key":"Unceasing Top"},{"floor":26.0,"key":"Centennial Puzzle"},{"floor":28.0,"key":"Incense Burner"},{"floor":28.0,"key":"BloodDonationMachine"},{"floor":30.0,"key":"ReplayFunnel"},{"floor":30.0,"key":"ForgetMeNow"},{"floor":31.0,"key":"White Beast Statue"},{"floor":31.0,"key":"Art of War"},{"floor":32.0,"key":"Mummified Hand"},{"floor":33.0,"key":"Replay:Accelerometer"},{"floor":33.0,"key":"Diplopia"},{"floor":36.0,"key":"CatCart"},{"floor":41,"key":"Bird Faced Urn"},{"floor":41,"key":"Question Card"},{"floor":42,"key":"Gremlin Horn"},{"floor":42,"key":"MawBank"},{"floor":43,"key":"AT_EbonyIvory"},{"floor":44,"key":"SharpPlug"},{"floor":44,"key":"SalivaCoin"},{"floor":46,"key":"Quantum Egg"},{"floor":46,"key":"TheBean"},{"floor":47,"key":"TungstenRod"},{"floor":47,"key":"MoneyPower"},{"floor":48,"key":"Broom"},{"floor":48,"key":"D6"},{"floor":40,"key":"Bag of Preparation"},{"floor":40,"key":"KneeBrace"},{"floor":41,"key":"Snack Pack"},{"floor":41,"key":"FossilizedHelix"},{"floor":42,"key":"Smiling Mask"},{"floor":42,"key":"ReplayTheSpireMod:Shallot"},{"floor":43,"key":"Garlic"},{"floor":44,"key":"Letter Opener"},{"floor":44,"key":"Sundial"},{"floor":45,"key":"Molten Egg 2"},{"floor":46,"key":"Replay:Bottled Eggs"},{"floor":46,"key":"Pen Nib"},{"floor":48,"key":"AT_BellDemon"},{"floor":55,"key":"Strawberry"},{"floor":55,"key":"Blood Vial"}],"event_choices":[{"damage_healed":0.0,"max_hp_gain":0.0,"max_hp_loss":0.0,"gold_gain":0.0,"event_name":"Living Wall","player_choice":"Grow","floor":2.0,"gold_loss":0.0,"damage_taken":0.0,"cards_upgraded":["BottledTime"]},{"damage_healed":0.0,"max_hp_gain":0.0,"max_hp_loss":0.0,"gold_gain":75.0,"event_name":"World of Goop","player_choice":"Gather Gold","floor":4.0,"gold_loss":0.0,"damage_taken":11.0},{"damage_healed":0.0,"max_hp_gain":0.0,"max_hp_loss":0.0,"gold_gain":0.0,"event_name":"OrinTheCat","player_choice":"Fight","floor":36.0,"gold_loss":0.0,"damage_taken":0.0},{"damage_healed":0,"gold_gain":0,"player_choice":"Embrace Madness","damage_taken":19,"max_hp_gain":0,"max_hp_loss":0,"event_name":"Winding Halls","floor":38,"gold_loss":0,"cards_obtained":["Madness","Madness"]}],"is_beta":false,"boss_relics":[{"not_picked":["Snecko Heart","Velvet Choker"],"picked":"Black Star"},{"not_picked":[]},{"not_picked":["StoneMask","ReplayTheSpireMod:DimensionalGlitch"],"picked":"Replay:Wanted Poster"},{"not_picked":[]}],"items_purged_floors":[39,39,39,39,39,39,39,45,54,54],"is_endless":false,"potions_floor_spawned":[1,3,3,5,6,6,7,10,10,12,12,20,20,23,23,23,24,24,25,25,28,28,30,31,33,33,33,35,36,38,38,41,41,41,41,42,42,42,42,44,44,46,46,47,48,48,48,48,35,40,40,41,42,42,44,45,45,46,46,46,46,55,55,55],"ascension_level":20}}