{"host":"l790j1oe6pn5fhrm","time":1614114789,"event":{"mods":["AchievementEnabler","BaseMod","Colored Map","Colored Powertips","Downfall","GifTheSpireLib","Highlight Path","Minty Spire (QoL Compilation)","Rare Cards Sparkle","StSLib"],"gold_per_floor":[117,117,192,203,203,213,213,213,239,255,283,37,37,72,72,174,174,193,193,193,205,130,130,157,157,206,82,82,95,95,95],"floor_reached":30,"language":"ENG","playtime":1078,"items_purged":[],"score":254,"play_id":"6671e178-d28c-47bb-b6f8-81a691acc7d6","local_time":"20210223221309","is_ascension_mode":false,"campfire_choices":[{"floor":8.0,"key":"REST"},{"floor":13.0,"key":"REST"},{"data":"FearNoEvil","floor":15.0,"key":"SMITH"},{"data":"LessonLearned","floor":23,"key":"SMITH"},{"floor":25,"key":"REST"}],"circlet_count":0,"master_deck":["Strike_P","Strike_P","Defend_P","Defend_P","Defend_P","Eruption+1","Vigilance","Evaluate","ReachHeaven","FearNoEvil+1","FlyingSleeves","Perseverance","ReachHeaven","LessonLearned+1","SandsOfTime","WindmillStrike","Panacea","Crescendo+1"],"relics":["PureWater","NeowsBlessing","Eternal Feather","Orichalcum","Bag of Marbles","Omamori","WingedGreaves","Empty Cage","Lizard Tail","Pear","Boot"],"acts_visited":["Exordium","TheCity"],"potions_floor_usage":[24,24,24],"damage_taken":[{"damage":0.0,"enemies":"Jaw Worm","floor":1.0,"turns":1.0},{"damage":0.0,"enemies":"2 Louse","floor":4.0,"turns":1.0},{"damage":0.0,"enemies":"Small Slimes","floor":6.0,"turns":1.0},{"damage":2.0,"enemies":"Looter","floor":10.0,"turns":3.0},{"damage":33.0,"enemies":"3 Sentries","floor":11.0,"turns":6.0},{"damage":17.0,"enemies":"Lagavulin","floor":14.0,"turns":4.0},{"damage":25.0,"enemies":"Slime Boss","floor":16.0,"turns":4.0},{"damage":6.0,"enemies":"Shell Parasite","floor":18.0,"turns":3.0},{"damage":8.0,"enemies":"3 Byrds","floor":21.0,"turns":5.0},{"damage":75,"enemies":"Book of Stabbing","floor":24,"turns":7},{"damage":26,"enemies":"Snake Plant","floor":29,"turns":5},{"damage":65,"enemies":"Sentry and Sphere","floor":30,"turns":5}],"seed_played":"9010624207176055101","potions_obtained":[{"floor":1.0,"key":"champ:CounterPotion"},{"floor":11.0,"key":"Regen Potion"},{"floor":14.0,"key":"Swift Potion"},{"floor":18.0,"key":"bronze:BurnAndBuffPotion"},{"floor":21.0,"key":"SkillPotion"}],"is_trial":false,"path_per_floor":["M","?","?","M","$","M","?","R","T","M","E","$","R","E","R","B",null,"M","?","$","M","?","R","E","R","T","$","?","M","M"],"character_chosen":"WATCHER","items_purchased":["FlyingSleeves","Perseverance","Omamori","WindmillStrike","Panacea"],"campfire_rested":3,"item_purchase_floors":[12,12,12,27,27],"current_hp_per_floor":[72,54,43,43,43,43,43,70,70,68,35,35,65,48,57,32,72,66,66,66,58,58,64,46,79,79,79,79,53,0,0],"gold":95,"neow_bonus":"THREE_ENEMY_KILL","is_daily":false,"chose_seed":false,"campfire_upgraded":2,"win_rate":0.0,"timestamp":1614114789,"path_taken":["M","?","?","M","?","M","?","R","T","M","E","$","R","E","R","BOSS","M","?","$","M","?","R","E","R","T","$","?","M","?"],"items_purchased_type":["Card","Card","Relic","Card","Card"],"build_version":"2020-12-22","purchased_purges":0,"victory":false,"max_hp_per_floor":[72,72,72,72,72,72,72,72,72,72,72,72,72,72,72,72,72,72,72,72,72,72,72,82,82,82,82,82,82,82,82],"card_choices":[{"not_picked":["Meditate","SashWhip"],"picked":"Evaluate","floor":1.0},{"not_picked":["ThirdEye","Crescendo"],"picked":"ReachHeaven","floor":4.0},{"not_picked":["Consecrate","SashWhip","Collect"],"picked":"SKIP","floor":6.0},{"not_picked":["Crescendo","EmptyBody","SashWhip"],"picked":"SKIP","floor":10.0},{"not_picked":["Adaptation","Meditate"],"picked":"FearNoEvil","floor":11.0},{"not_picked":["FlurryOfBlows","Vengeance"],"picked":"ReachHeaven","floor":14.0},{"not_picked":["DeusExMachina","Brilliance"],"picked":"LessonLearned","floor":16.0},{"not_picked":["EmptyBody","Adaptation","Protect"],"picked":"SKIP","floor":18.0},{"not_picked":["Prostrate+1","FollowUp","BowlingBash"],"picked":"SKIP","floor":21.0},{"not_picked":["EmptyBody","SashWhip"],"picked":"SandsOfTime","floor":24},{"not_picked":["Wallop","DeceiveReality"],"picked":"Crescendo+1","floor":29}],"player_experience":1261350,"relics_obtained":[{"floor":9.0,"key":"Orichalcum"},{"floor":11.0,"key":"Bag of Marbles"},{"floor":14.0,"key":"WingedGreaves"},{"floor":24,"key":"Pear"},{"floor":26,"key":"Boot"}],"event_choices":[{"damage_healed":0.0,"max_hp_gain":0.0,"max_hp_loss":0.0,"gold_gain":0.0,"event_name":"Scrap Ooze","player_choice":"Success","floor":2.0,"gold_loss":0.0,"damage_taken":18.0,"relics_obtained":["Eternal Feather"]},{"damage_healed":0.0,"max_hp_gain":0.0,"max_hp_loss":0.0,"gold_gain":75.0,"event_name":"World of Goop","player_choice":"Gather Gold","floor":3.0,"gold_loss":0.0,"damage_taken":11.0},{"damage_healed":0.0,"max_hp_gain":0.0,"max_hp_loss":0.0,"gold_gain":0.0,"event_name":"Living Wall","player_choice":"Grow","floor":7.0,"gold_loss":0.0,"damage_taken":0.0,"cards_upgraded":["Eruption"]},{"damage_healed":0.0,"max_hp_gain":0.0,"max_hp_loss":0.0,"gold_gain":0.0,"event_name":"Addict","player_choice":"Stole Relic","floor":19.0,"gold_loss":0.0,"damage_taken":0.0,"relics_obtained":["Lizard Tail"],"cards_obtained":["Shame"]},{"cards_removed":["Strike_P"],"damage_healed":0,"gold_gain":0,"player_choice":"Gave Gold","damage_taken":0,"max_hp_gain":0,"max_hp_loss":0,"event_name":"Beggar","floor":22,"gold_loss":75},{"damage_healed":0,"gold_gain":0,"player_choice":"Cursed","damage_taken":0,"max_hp_gain":0,"max_hp_loss":0,"event_name":"Wheel of Change","floor":28,"gold_loss":0,"cards_obtained":["Decay"]}],"is_beta":false,"boss_relics":[{"not_picked":["Fusion Hammer","Pandora\u0027s Box"],"picked":"Empty Cage"}],"items_purged_floors":[],"is_endless":false,"potions_floor_spawned":[1,11,14,18,21],"killed_by":"Sentry and Sphere","ascension_level":0}}