{"host":"wqwfknj40rilnol1","time":1614090019,"event":{"mods":["AchievementEnabler","Aspiration","BaseMod","BetterRewards","Block Reminder","Colored Map","Conspire","Highlight Path","Hubris","Minty Spire (QoL Compilation)","Permanent Neow","Quick Restart","Relic Stats","Replay The Spire","Shop Mod","StSLib","The Cursed"],"gold_per_floor":[19,29,45,45,45,45,74,89,114,35,35,55,55,66,66,140,140,159,159,175,175,175],"floor_reached":21,"language":"ENG","playtime":747,"items_purged":[],"score":342,"play_id":"898f68f5-d324-44e2-92e1-5c3c65a36f84","local_time":"20210223152019","is_ascension_mode":true,"campfire_choices":[{"data":"Feed","floor":6,"key":"SMITH"},{"data":"Bash","floor":11,"key":"SMITH"},{"data":"Fiend Fire","floor":13,"key":"SMITH"},{"floor":15,"key":"REST"}],"circlet_count":0,"master_deck":["AscendersBane","Strike_R","Strike_R","Strike_R","Strike_R","Strike_R","Defend_R","Defend_R","Defend_R","Defend_R","Bash+1","Feed+1","Spot Weakness","Hemokinesis","Carnage","Fiend Fire+1","Uppercut","Exhume","Inflame","Pummel"],"relics":["Burning Blood","conspire:GiftBox","hubris:Towel","Mummified Hand","Vajra","hubris:RunicObelisk"],"acts_visited":["Exordium","TheCity"],"potions_floor_usage":[16],"damage_taken":[{"damage":4,"enemies":"2 Louse","floor":1,"turns":4},{"damage":0,"enemies":"Small Slimes","floor":2,"turns":3},{"damage":9,"enemies":"Jaw Worm","floor":3,"turns":3},{"damage":35,"enemies":"3 Sentries","floor":7,"turns":10},{"damage":26,"enemies":"Lots of Slimes","floor":8,"turns":5},{"damage":11,"enemies":"2 Fungi Beasts","floor":12,"turns":2},{"damage":3,"enemies":"Blue Slaver","floor":14,"turns":2},{"damage":63,"enemies":"The Guardian","floor":16,"turns":10},{"damage":37,"enemies":"Shell Parasite","floor":18,"turns":5},{"damage":12,"enemies":"2 Thieves","floor":20,"turns":3},{"damage":47,"enemies":"conspire:HollyBat","floor":21,"turns":7}],"seed_played":"4124418298356959681","potions_obtained":[{"floor":7,"key":"Venom Potion"},{"floor":8,"key":"LifebloodPotion"},{"floor":12,"key":"BlessingOfTheForge"},{"floor":16,"key":"Venom Potion"}],"is_trial":false,"path_per_floor":["M","M","M","?","?","R","E","M","T","$","R","M","R","M","R","B",null,"M","?","M","M"],"character_chosen":"IRONCLAD","items_purchased":["Carnage"],"campfire_rested":1,"item_purchase_floors":[10],"current_hp_per_floor":[73,81,81,81,76,76,51,35,35,35,35,34,34,37,65,8,74,47,42,40,0,0],"gold":175,"neow_bonus":"ONE_RARE_RELIC","is_daily":false,"chose_seed":false,"campfire_upgraded":3,"win_rate":0.0,"timestamp":1614090019,"path_taken":["M","M","M","?","?","R","E","M","T","$","R","M","R","M","R","BOSS","M","?","?","M"],"items_purchased_type":["Card"],"build_version":"2020-12-22","purchased_purges":0,"victory":false,"max_hp_per_floor":[78,81,84,84,84,84,88,92,92,92,92,96,96,96,96,96,96,100,100,104,104,104],"relic_stats":{"counters":[11,54],"Mummified Hand":[2],"obtain_stats":[{"conspire:GiftBox":0,"Mummified Hand":7,"Vajra":9,"hubris:Towel":4,"hubris:RunicObelisk":17,"aspiration:DSix":0,"Burning Blood":0},{"conspire:GiftBox":0,"Mummified Hand":4,"Vajra":5,"hubris:Towel":3,"hubris:RunicObelisk":8,"aspiration:DSix":0,"Burning Blood":0},{"conspire:GiftBox":0,"Mummified Hand":20,"Vajra":25,"hubris:Towel":10,"hubris:RunicObelisk":39,"aspiration:DSix":0,"Burning Blood":0}],"Burning Blood":59},"card_choices":[{"not_picked":["Corruption","Replay:Many Hands"],"picked":"Feed","floor":0},{"not_picked":["ReplayReversal","Fire Breathing","Iron Wave"],"picked":"SKIP","floor":1},{"not_picked":["Sentinel","Anger","Thunderclap"],"picked":"SKIP","floor":2},{"not_picked":["Perfected Strike","Infernal Blade"],"picked":"Spot Weakness","floor":3},{"not_picked":["ReplayTheSpireMod:Strike From Hell","Run Through"],"picked":"Hemokinesis","floor":7},{"not_picked":["Wild Strike","Armaments","Flex"],"picked":"SKIP","floor":8},{"not_picked":["Sword Boomerang","Cleave"],"picked":"Fiend Fire","floor":12},{"not_picked":["Twin Strike","Body Slam"],"picked":"Uppercut","floor":14},{"not_picked":["Bludgeon","Hemogenesis"],"picked":"Exhume","floor":16},{"not_picked":["Blood for Blood","Sever Soul+1"],"picked":"Inflame","floor":18},{"not_picked":["Sword Boomerang","ReplayReversal"],"picked":"Pummel","floor":20}],"player_experience":307408,"relics_obtained":[{"floor":7,"key":"Mummified Hand"},{"floor":9,"key":"Vajra"}],"event_choices":[{"damage_healed":0,"gold_gain":0,"player_choice":"Leave","damage_taken":0,"max_hp_gain":0,"max_hp_loss":0,"event_name":"conspire:Investor","floor":5,"gold_loss":0},{"damage_healed":0,"gold_gain":0,"player_choice":"Bought 0 Potions","damage_taken":0,"max_hp_gain":0,"max_hp_loss":0,"event_name":"The Woman in Blue","floor":19,"gold_loss":0}],"is_beta":false,"boss_relics":[{"not_picked":["Runic Pyramid","Mark of Pain"],"picked":"hubris:RunicObelisk"}],"items_purged_floors":[],"is_endless":false,"potions_floor_spawned":[7,8,12,16,20],"killed_by":"conspire:HollyBat","ascension_level":15}}