{"host":"nx6k9gttpbkpebht","time":1614118018,"event":{"mods":["BaseMod","Colored Map","Colored Powertips","DeckTracker","Downfall","Googly Eyes","Minty Spire (QoL Compilation)","StSLib"],"gold_per_floor":[116,129,129,147,157,157,157,183,259,259,275,121,138,150,150,251,251,266,266,181,199,216,216,216],"floor_reached":23,"language":"ENG","playtime":1202,"items_purged":["Strike_B"],"score":195,"play_id":"3b4292f8-2674-412c-99b6-4f3041a427e1","local_time":"20210223230658","is_ascension_mode":false,"campfire_choices":[{"data":"Zap","floor":6,"key":"SMITH"},{"floor":15,"key":"REST"}],"circlet_count":0,"master_deck":["Strike_B","Strike_B","Defend_B","Defend_B","Defend_B","Defend_B","Zap+1","Dualcast","Trip","Redo","Ball Lightning","Doom and Gloom","Gash","Go for the Eyes","Self Repair","Gash","Leap","Machine Learning","Redo","Coolheaded","Fusion+1"],"relics":["Cracked Core","Torii","InkBottle","Velvet Choker","Oddly Smooth Stone"],"acts_visited":["Exordium","TheCity"],"potions_floor_usage":[8,16,16],"damage_taken":[{"damage":1,"enemies":"Cultist","floor":1,"turns":4},{"damage":2,"enemies":"Small Slimes","floor":2,"turns":3},{"damage":6,"enemies":"Jaw Worm","floor":4,"turns":2},{"damage":9,"enemies":"3 Louse","floor":5,"turns":3},{"damage":4,"enemies":"3 Sentries","floor":8,"turns":3},{"damage":9,"enemies":"Exordium Wildlife","floor":11,"turns":3},{"damage":26,"enemies":"Large Slime","floor":13,"turns":4},{"damage":1,"enemies":"Looter","floor":14,"turns":2},{"damage":13,"enemies":"Hexaghost","floor":16,"turns":8},{"damage":8,"enemies":"Shell Parasite","floor":18,"turns":4},{"damage":12,"enemies":"3 Byrds","floor":21,"turns":4},{"damage":31,"enemies":"Shelled Parasite and Fungi","floor":22,"turns":5},{"damage":53,"enemies":"Book of Stabbing","floor":23,"turns":5}],"seed_played":"-6331806229695892257","potions_obtained":[{"floor":4,"key":"PotionOfCapacity"},{"floor":5,"key":"FocusPotion"},{"floor":8,"key":"BlessingOfTheForge"},{"floor":18,"key":"PotionOfCapacity"},{"floor":21,"key":"Ancient Potion"}],"is_trial":false,"path_per_floor":["M","M","?","M","M","R","?","E","T","?","M","$","M","M","R","B",null,"M","?","?","M","M","E"],"character_chosen":"DEFECT","items_purchased":["Self Repair"],"campfire_rested":1,"item_purchase_floors":[12],"current_hp_per_floor":[74,72,65,59,50,50,55,51,51,51,42,42,23,29,53,47,80,79,79,79,74,50,0,0],"gold":216,"neow_bonus":"RANDOM_COLORLESS","is_daily":false,"chose_seed":false,"campfire_upgraded":1,"win_rate":0.0,"timestamp":1614118018,"path_taken":["M","M","?","M","M","R","?","E","T","?","M","$","M","M","R","BOSS","M","?","?","M","M","E"],"items_purchased_type":["Card"],"build_version":"2020-12-22","purchased_purges":1,"victory":false,"max_hp_per_floor":[75,75,75,75,75,75,80,80,80,80,80,80,80,80,80,80,80,80,80,80,80,80,80,80],"card_choices":[{"not_picked":["Impatience","Purity"],"picked":"Trip","floor":0},{"not_picked":["Barrage","Stack"],"picked":"Redo","floor":1},{"not_picked":["BootSequence","Compile Driver"],"picked":"Ball Lightning","floor":2},{"not_picked":["Compile Driver","Steam","Blizzard"],"picked":"SKIP","floor":4},{"not_picked":["Go for the Eyes","Ball Lightning"],"picked":"Doom and Gloom","floor":5},{"not_picked":["All For One","Conserve Battery"],"picked":"Gash","floor":8},{"not_picked":["Blizzard","Steam"],"picked":"Go for the Eyes","floor":11},{"not_picked":["Static Discharge","Go for the Eyes"],"picked":"Gash","floor":13},{"not_picked":["White Noise","Reinforced Body"],"picked":"Leap","floor":14},{"not_picked":["Thunder Strike","All For One"],"picked":"Machine Learning","floor":16},{"not_picked":["Melter","Hologram"],"picked":"Redo","floor":18},{"not_picked":["Compile Driver","Lockon+1"],"picked":"Coolheaded","floor":21},{"not_picked":["Tempest","Cold Snap+1"],"picked":"Fusion+1","floor":22}],"player_experience":55089,"relics_obtained":[{"floor":8,"key":"Torii"},{"floor":9,"key":"InkBottle"}],"event_choices":[{"cards_removed":["Strike_B"],"damage_healed":0,"gold_gain":0,"player_choice":"Card Removal","damage_taken":7,"max_hp_gain":0,"max_hp_loss":0,"event_name":"Golden Wing","floor":3,"gold_loss":0},{"damage_healed":0,"gold_gain":0,"player_choice":"Donut","damage_taken":0,"max_hp_gain":5,"max_hp_loss":0,"event_name":"Big Fish","floor":7,"gold_loss":0},{"damage_healed":0,"gold_gain":0,"player_choice":"Ignored","damage_taken":0,"max_hp_gain":0,"max_hp_loss":0,"event_name":"Golden Idol","floor":10,"gold_loss":0},{"damage_healed":0,"gold_gain":0,"player_choice":"Ignored","damage_taken":0,"max_hp_gain":0,"max_hp_loss":0,"event_name":"Vampires","floor":19,"gold_loss":0},{"damage_healed":0,"gold_gain":0,"player_choice":"Obtained Relic","damage_taken":0,"relics_obtained":["Oddly Smooth Stone"],"max_hp_gain":0,"max_hp_loss":0,"event_name":"Addict","floor":20,"gold_loss":85}],"is_beta":false,"boss_relics":[{"not_picked":["Runic Pyramid","Snecko Eye"],"picked":"Velvet Choker"}],"items_purged_floors":[12],"is_endless":false,"potions_floor_spawned":[4,5,8,18,21],"killed_by":"Book of Stabbing","ascension_level":0}}