{"host":"dlyy4wv9zatha4f7","time":1614091161,"event":{"mods":["Act Like it!","BaseMod","Colored Map","Curses Come First","GifTheSpireLib","Minty Spire (QoL Compilation)","Reliquary","Spicy Shops","StSLib","SuperFastMode","Unceasing Turn Reminder"],"gold_per_floor":[116,127,127,55,55,82,82,116,139,139,89,100,134,154,154,258,258,269,269,344,362,374,374,408,408,408,437,36,64,76,16,16,116,116,134,152,152,152],"floor_reached":37,"language":"ENG","playtime":1805,"items_purged":[],"score":718,"play_id":"69234cc6-dc6d-4c0f-b903-19b4b9a5abc5","local_time":"20210223163921","is_ascension_mode":true,"campfire_choices":[{"data":"Lockon","floor":7.0,"key":"SMITH"},{"data":"Defragment","floor":10.0,"key":"SMITH"},{"data":"Consume","floor":15.0,"key":"SMITH"},{"floor":23.0,"key":"REST"},{"data":"Hyperbeam","floor":25.0,"key":"SMITH"},{"data":"Loop","floor":32.0,"key":"SMITH"}],"circlet_count":0,"master_deck":["Defend_B","Defend_B","Defend_B","Defend_B","Zap+1","Dualcast","Chill","Compile Driver","Lockon+1","Consume+1","Defragment+1","Leap","Hyperbeam+1","Cold Snap+1","Ball Lightning","Loop+1","Ball Lightning","Fission","Seek+1","Conserve Battery+1","Steam+1","Echo Form","Force Field+1","Coolheaded+1","Genetic Algorithm+1","Gash","Buffer"],"relics":["Cracked Core","NeowsBlessing","Toy Ornithopter","Potion Belt","reliquary:Stiletto","Bag of Preparation","SlaversCollar","reliquary:SilkGlove","Gremlin Horn","Akabeko","Toxic Egg 2","Orrery","Juzu Bracelet","Nuclear Battery"],"acts_visited":["Exordium","TheCity","TheBeyond"],"potions_floor_usage":[37],"damage_taken":[{"damage":0.0,"enemies":"2 Louse","floor":1.0,"turns":1.0},{"damage":0.0,"enemies":"Jaw Worm","floor":2.0,"turns":1.0},{"damage":0.0,"enemies":"3 Sentries","floor":6.0,"turns":1.0},{"damage":1.0,"enemies":"Lagavulin","floor":8.0,"turns":5.0},{"damage":7.0,"enemies":"Small Slimes","floor":12.0,"turns":3.0},{"damage":1.0,"enemies":"Gremlin Nob","floor":13.0,"turns":4.0},{"damage":4.0,"enemies":"Exordium Wildlife","floor":14.0,"turns":3.0},{"damage":32.0,"enemies":"Hexaghost","floor":16.0,"turns":11.0},{"damage":26.0,"enemies":"3 Byrds","floor":18.0,"turns":4.0},{"damage":0.0,"enemies":"Spheric Guardian","floor":21.0,"turns":3.0},{"damage":16.0,"enemies":"Shelled Parasite and Fungi","floor":22.0,"turns":6.0},{"damage":9.0,"enemies":"Book of Stabbing","floor":24.0,"turns":5.0},{"damage":0.0,"enemies":"Gremlin Leader","floor":27.0,"turns":5.0},{"damage":5.0,"enemies":"Book of Stabbing","floor":29.0,"turns":4.0},{"damage":0.0,"enemies":"Centurion and Healer","floor":30.0,"turns":3.0},{"damage":14.0,"enemies":"Champ","floor":33.0,"turns":7.0},{"damage":12,"enemies":"3 Darklings","floor":35,"turns":4},{"damage":0,"enemies":"3 Shapes","floor":36,"turns":6},{"damage":66,"enemies":"2 Orb Walkers","floor":37,"turns":4}],"seed_played":"8165696893787258381","potions_obtained":[{"floor":1.0,"key":"Weak Potion"},{"floor":6.0,"key":"Block Potion"},{"floor":8.0,"key":"AttackPotion"},{"floor":14.0,"key":"SkillPotion"},{"floor":18.0,"key":"AttackPotion"},{"floor":27.0,"key":"Swift Potion"},{"floor":30.0,"key":"SkillPotion"}],"is_trial":false,"path_per_floor":["M","M","?","$","?","E","R","E","T","R","?","M","E","M","R","B",null,"M","?","?","M","M","R","E","R","T","E","$","E","M","?","R","B",null,"M","M","?"],"character_chosen":"DEFECT","items_purchased":["Lockon","Toxic Egg 2","Orrery"],"campfire_rested":1,"item_purchase_floors":[4,28,28],"current_hp_per_floor":[68,68,68,68,61,61,61,65,65,65,65,58,62,58,58,36,65,39,39,32,32,16,38,34,34,34,34,34,29,29,29,29,20,61,49,49,0,0],"gold":152,"neow_bonus":"THREE_ENEMY_KILL","is_daily":false,"chose_seed":false,"campfire_upgraded":5,"win_rate":0.0,"timestamp":1614091161,"path_taken":["M","M","?","$","?","E","R","E","T","R","?","M","E","?","R","BOSS","M","?","?","M","?","R","E","R","T","E","$","E","M","?","R","BOSS","M","M","?"],"items_purchased_type":["Card","Relic","Relic"],"build_version":"2020-12-22","purchased_purges":0,"victory":false,"max_hp_per_floor":[75,75,75,75,75,75,75,75,75,75,75,75,75,75,75,75,75,75,75,75,75,75,75,75,75,75,75,75,75,75,75,75,75,75,75,75,75,75],"card_choices":[{"not_picked":["Skim","FTL"],"picked":"Chill","floor":1.0},{"not_picked":["Skim","Force Field"],"picked":"Compile Driver","floor":2.0},{"not_picked":["Aggregate","Turbo"],"picked":"Consume","floor":6.0},{"not_picked":["Glacier","Rebound"],"picked":"Defragment","floor":8.0},{"not_picked":["Beam Cell","Blizzard"],"picked":"Leap","floor":12.0},{"not_picked":["Gash","Lockon","Auto Shields"],"picked":"SKIP","floor":13.0},{"not_picked":["Auto Shields","Rebound","Redo"],"picked":"SKIP","floor":14.0},{"not_picked":["Seek","Echo Form"],"picked":"Hyperbeam","floor":16.0},{"not_picked":["Gash","Storm"],"picked":"Cold Snap+1","floor":18.0},{"not_picked":["Chaos","Defragment"],"picked":"Ball Lightning","floor":21.0},{"not_picked":["Turbo","Stack"],"picked":"Loop","floor":22.0},{"not_picked":["Genetic Algorithm","Turbo"],"picked":"Ball Lightning","floor":24.0},{"not_picked":["Go for the Eyes","Stack"],"picked":"Fission","floor":27.0},{"not_picked":["Multi-Cast+1","Streamline"],"picked":"Seek+1","floor":28.0},{"not_picked":["Sweeping Beam","Heatsinks"],"picked":"Conserve Battery+1","floor":28.0},{"not_picked":["Streamline","Hologram+1"],"picked":"Steam+1","floor":28.0},{"not_picked":["Hologram+1","Rebound"],"picked":"Echo Form","floor":28.0},{"not_picked":["Cold Snap","Gash"],"picked":"Force Field+1","floor":28.0},{"not_picked":["Beam Cell","Sweeping Beam","Melter"],"picked":"SKIP","floor":29.0},{"not_picked":["Leap+1","BootSequence+1"],"picked":"Coolheaded+1","floor":30.0},{"not_picked":["Meteor Strike","Thunder Strike"],"picked":"Buffer","floor":33.0},{"not_picked":["Barrage","Heatsinks","Gash"],"picked":"SKIP","floor":35},{"not_picked":["Compile Driver+1","Rebound","Stack+1"],"picked":"SKIP","floor":36}],"player_experience":2310563,"relics_obtained":[{"floor":6.0,"key":"Toy Ornithopter"},{"floor":8.0,"key":"Potion Belt"},{"floor":9.0,"key":"reliquary:Stiletto"},{"floor":13.0,"key":"Bag of Preparation"},{"floor":24.0,"key":"reliquary:SilkGlove"},{"floor":26.0,"key":"Gremlin Horn"},{"floor":27.0,"key":"Akabeko"},{"floor":29.0,"key":"Juzu Bracelet"}],"event_choices":[{"damage_healed":0.0,"max_hp_gain":0.0,"max_hp_loss":0.0,"gold_gain":0.0,"event_name":"Living Wall","player_choice":"Grow","floor":3.0,"gold_loss":0.0,"damage_taken":0.0,"cards_upgraded":["Zap"]},{"cards_removed":["Strike_B"],"damage_healed":0.0,"max_hp_gain":0.0,"max_hp_loss":0.0,"gold_gain":0.0,"event_name":"Golden Wing","player_choice":"Card Removal","floor":5.0,"gold_loss":0.0,"damage_taken":7.0},{"cards_removed":["Strike_B"],"damage_healed":0.0,"max_hp_gain":0.0,"max_hp_loss":0.0,"gold_gain":0.0,"event_name":"The Cleric","player_choice":"Card Removal","floor":11.0,"gold_loss":50.0,"damage_taken":0.0},{"damage_healed":0.0,"max_hp_gain":0.0,"max_hp_loss":0.0,"gold_gain":0.0,"event_name":"Ghosts","player_choice":"Ignored","floor":19.0,"gold_loss":0.0,"damage_taken":0.0},{"damage_healed":0.0,"max_hp_gain":0.0,"max_hp_loss":0.0,"gold_gain":75.0,"event_name":"FaceTrader","player_choice":"Touch","floor":20.0,"gold_loss":0.0,"damage_taken":7.0},{"damage_healed":0.0,"max_hp_gain":0.0,"max_hp_loss":0.0,"gold_gain":0.0,"cards_transformed":["Strike_B","Strike_B"],"event_name":"Designer","player_choice":"Transformed Cards","floor":31.0,"gold_loss":60.0,"damage_taken":0.0,"cards_obtained":["Genetic Algorithm","Gash"]},{"damage_healed":0,"gold_gain":0,"player_choice":"Fight","damage_taken":0,"max_hp_gain":0,"max_hp_loss":0,"event_name":"Mysterious Sphere","floor":37,"gold_loss":0}],"is_beta":false,"boss_relics":[{"not_picked":["Runic Dome","reliquary:RedPaperclip"],"picked":"SlaversCollar"},{"not_picked":["Velvet Choker","reliquary:Ember"],"picked":"Nuclear Battery"}],"items_purged_floors":[],"is_endless":false,"potions_floor_spawned":[1,6,8,14,18,27,30],"killed_by":"2 Orb Walkers","ascension_level":9}}