{"host":"l6t8kvs6xu8ynp71","time":1614068898,"event":{"mods":["BaseMod","Curses Come First","Highlight Path","Minty Spire (QoL Compilation)","Permanent Neow","Relic Stats","StSLib"],"gold_per_floor":[113,123,142,192,207,207,241,257,284,298,311,311,311,343,343,418,418,429,442,367,49,61,89,89,116,116,116,116],"floor_reached":27,"language":"ENG","playtime":1813,"items_purged":["Strike_R"],"score":530,"play_id":"1e0f744a-3738-4f25-af58-19d7d052c732","local_time":"20210223012818","is_ascension_mode":true,"campfire_choices":[{"data":"Clothesline","floor":6.0,"key":"SMITH"},{"data":"Perfected Strike","floor":13.0,"key":"SMITH"},{"data":"Flame Barrier","floor":15,"key":"SMITH"},{"floor":24,"key":"REST"}],"circlet_count":0,"master_deck":["AscendersBane","Strike_R","Strike_R","Strike_R","Defend_R","Defend_R","Defend_R","Defend_R","Bash","Disarm","Flame Barrier+1","Clothesline+1","Twin Strike","Spot Weakness","Pommel Strike","Armaments","Perfected Strike+1","Corruption","Limit Break","Feel No Pain","True Grit","Impervious","Flame Barrier"],"relics":["Burning Blood","Charon\u0027s Ashes","Happy Flower","Bag of Marbles","Centennial Puzzle","SlaversCollar","Lantern","Pen Nib","Art of War"],"acts_visited":["Exordium","TheCity"],"potions_floor_usage":[23,23],"damage_taken":[{"damage":1.0,"enemies":"Cultist","floor":1.0,"turns":3.0},{"damage":13.0,"enemies":"Small Slimes","floor":2.0,"turns":5.0},{"damage":10.0,"enemies":"Jaw Worm","floor":3.0,"turns":6.0},{"damage":23.0,"enemies":"Large Slime","floor":5.0,"turns":6.0},{"damage":10.0,"enemies":"3 Sentries","floor":7.0,"turns":6.0},{"damage":1.0,"enemies":"Looter","floor":8.0,"turns":4.0},{"damage":6.0,"enemies":"Lots of Slimes","floor":10.0,"turns":5.0},{"damage":0.0,"enemies":"2 Fungi Beasts","floor":11.0,"turns":1.0},{"damage":13,"enemies":"Lagavulin","floor":14,"turns":5},{"damage":17,"enemies":"Slime Boss","floor":16,"turns":6},{"damage":19,"enemies":"3 Byrds","floor":18,"turns":4},{"damage":4,"enemies":"Chosen","floor":19,"turns":5},{"damage":7,"enemies":"Snake Plant","floor":22,"turns":4},{"damage":32,"enemies":"Gremlin Leader","floor":23,"turns":11},{"damage":9,"enemies":"Book of Stabbing","floor":25,"turns":4},{"damage":37,"enemies":"3 Cultists","floor":27,"turns":4}],"seed_played":"4074358130368628860","potions_obtained":[{"floor":3.0,"key":"SpeedPotion"},{"floor":5.0,"key":"ColorlessPotion"},{"floor":7.0,"key":"AttackPotion"},{"floor":19,"key":"Swift Potion"},{"floor":22,"key":"LiquidMemories"}],"is_trial":false,"path_per_floor":["M","M","M","?","M","R","E","M","T","M","M","?","R","E","R","B",null,"M","M","?","$","M","E","R","E","T","M"],"character_chosen":"IRONCLAD","items_purchased":["Feel No Pain","Lantern"],"campfire_rested":1,"item_purchase_floors":[21,21],"current_hp_per_floor":[68,61,57,51,34,34,30,35,35,35,41,41,41,34,34,23,57,44,46,46,46,45,19,39,36,36,0,0],"gold":116,"neow_bonus":"ONE_RARE_RELIC","is_daily":false,"chose_seed":false,"campfire_upgraded":3,"win_rate":0.0,"timestamp":1614068898,"path_taken":["M","?","M","?","M","R","E","?","T","M","M","?","R","E","R","BOSS","M","M","?","$","M","E","R","E","T","M"],"items_purchased_type":["Card","Relic"],"build_version":"2020-12-22","purchased_purges":1,"victory":false,"max_hp_per_floor":[68,68,68,68,68,68,68,68,68,68,68,68,68,68,68,68,68,68,68,68,68,68,68,68,68,68,68,68],"relic_stats":{"Centennial Puzzle":[21],"Happy Flower":[17],"counters":[16,79],"Charon\u0027s Ashes":[179],"Pen Nib":[1],"Art of War":[1],"obtain_stats":[{"SlaversCollar":17,"Centennial Puzzle":14,"Lantern":21,"Happy Flower":7,"Charon\u0027s Ashes":0,"Pen Nib":23,"Bag of Marbles":9,"Art of War":25,"Burning Blood":0},{"SlaversCollar":10,"Centennial Puzzle":9,"Lantern":12,"Happy Flower":5,"Charon\u0027s Ashes":0,"Pen Nib":14,"Bag of Marbles":6,"Art of War":15,"Burning Blood":0},{"SlaversCollar":47,"Centennial Puzzle":41,"Lantern":56,"Happy Flower":26,"Charon\u0027s Ashes":0,"Pen Nib":71,"Bag of Marbles":30,"Art of War":75,"Burning Blood":0}],"Burning Blood":85},"card_choices":[{"not_picked":["Clash","True Grit"],"picked":"Disarm","floor":1.0},{"not_picked":["Flex","Sword Boomerang"],"picked":"Flame Barrier","floor":2.0},{"not_picked":["Iron Wave","Clash"],"picked":"Clothesline","floor":3.0},{"not_picked":["Iron Wave","Body Slam"],"picked":"Twin Strike","floor":5.0},{"not_picked":["Heavy Blade","Berserk"],"picked":"Spot Weakness","floor":7.0},{"not_picked":["Heavy Blade","Flex"],"picked":"Pommel Strike","floor":8.0},{"not_picked":["Anger","Rampage"],"picked":"Armaments","floor":10.0},{"not_picked":["Body Slam","Rampage"],"picked":"Perfected Strike","floor":11.0},{"not_picked":["Body Slam","Armaments"],"picked":"Corruption","floor":14},{"not_picked":["Berserk","Impervious"],"picked":"Limit Break","floor":16},{"not_picked":["Sword Boomerang","Thunderclap","Anger"],"picked":"SKIP","floor":18},{"not_picked":["Havoc","Clash"],"picked":"True Grit","floor":22},{"not_picked":["Heavy Blade","Corruption"],"picked":"Impervious","floor":23},{"not_picked":["Sword Boomerang","Twin Strike"],"picked":"Flame Barrier","floor":25}],"player_experience":1511921,"relics_obtained":[{"floor":7.0,"key":"Happy Flower"},{"floor":9.0,"key":"Bag of Marbles"},{"floor":14,"key":"Centennial Puzzle"},{"floor":23,"key":"Pen Nib"},{"floor":25,"key":"Art of War"}],"event_choices":[{"damage_healed":0.0,"max_hp_gain":0.0,"max_hp_loss":0.0,"gold_gain":50.0,"event_name":"FaceTrader","player_choice":"Touch","floor":4.0,"gold_loss":0.0,"damage_taken":6.0},{"damage_healed":0.0,"max_hp_gain":0.0,"max_hp_loss":0.0,"gold_gain":0.0,"event_name":"Liars Game","player_choice":"Ignored","floor":12.0,"gold_loss":0.0,"damage_taken":0.0},{"cards_removed":["Strike_R"],"damage_healed":0,"gold_gain":0,"player_choice":"Gave Gold","damage_taken":0,"max_hp_gain":0,"max_hp_loss":0,"event_name":"Beggar","floor":20,"gold_loss":75}],"is_beta":false,"boss_relics":[{"not_picked":["Tiny House","Busted Crown"],"picked":"SlaversCollar"}],"items_purged_floors":[21],"is_endless":false,"potions_floor_spawned":[3,5,7,10,19,22],"killed_by":"3 Cultists","ascension_level":20}}