{"host":"1poy056mauca3bbh","time":1614054861,"event":{"mods":["Ascension Unlocker","BaseMod","Bestiary","Block Reminder","Colored Map","Colored Powertips","Curses Come First","Highlight Path","Minty Spire (QoL Compilation)","Permanent Neow","Quick Restart","Rare Cards Sparkle","Relic Stats","Smile Girya","StSLib","UnlockEverythingMod"],"gold_per_floor":[115,128,53,68,68,68,85,85,85],"floor_reached":8,"language":"ENG","playtime":421,"items_purged":["Strike_G"],"score":96,"play_id":"9b87fe3b-28b5-419c-8933-d9186254775a","local_time":"20210222233421","is_ascension_mode":true,"campfire_choices":[{"data":"Deflect","floor":6,"key":"SMITH"}],"circlet_count":0,"master_deck":["AscendersBane","Strike_G","Strike_G","Strike_G","Strike_G","Defend_G","Defend_G","Defend_G","Defend_G","Defend_G","Survivor","Neutralize","Footwork","Blade Dance","Deflect+1","Envenom"],"relics":["Ring of the Snake","Torii","FaceOfCleric"],"acts_visited":["Exordium"],"potions_floor_usage":[8,8],"damage_taken":[{"damage":0,"enemies":"2 Louse","floor":1,"turns":5},{"damage":0,"enemies":"Cultist","floor":2,"turns":5},{"damage":0,"enemies":"Jaw Worm","floor":4,"turns":5},{"damage":0,"enemies":"Looter","floor":7,"turns":4},{"damage":60,"enemies":"Lagavulin","floor":8,"turns":16}],"seed_played":"1955696363392828933","potions_obtained":[{"floor":1,"key":"SneckoOil"},{"floor":7,"key":"Weak Potion"}],"is_trial":false,"path_per_floor":["M","M","$","M","?","R","M","E"],"character_chosen":"THE_SILENT","items_purchased":[],"campfire_rested":0,"item_purchase_floors":[],"current_hp_per_floor":[59,59,59,59,59,59,60,0,0],"gold":85,"neow_bonus":"ONE_RARE_RELIC","is_daily":false,"chose_seed":false,"campfire_upgraded":1,"win_rate":0.0,"timestamp":1614054861,"path_taken":["M","M","$","M","?","R","M","E"],"items_purchased_type":[],"build_version":"2020-12-22","purchased_purges":1,"victory":false,"max_hp_per_floor":[60,60,60,60,60,60,61,61,61],"relic_stats":{"Torii":11,"FaceOfCleric":1,"counters":[5,35],"obtain_stats":[{"Torii":0,"FaceOfCleric":5,"Ring of the Snake":0},{"Torii":0,"FaceOfCleric":3,"Ring of the Snake":0},{"Torii":0,"FaceOfCleric":15,"Ring of the Snake":0}],"Ring of the Snake":[10]},"card_choices":[{"not_picked":["Concentrate","PiercingWail"],"picked":"Footwork","floor":1},{"not_picked":["Dagger Throw","Quick Slash"],"picked":"Blade Dance","floor":2},{"not_picked":["Reflex","Riddle With Holes"],"picked":"Deflect","floor":4},{"not_picked":["Crippling Poison","Underhanded Strike"],"picked":"Envenom","floor":7}],"player_experience":174523,"relics_obtained":[],"event_choices":[{"damage_healed":0,"gold_gain":0,"player_choice":"Trade","damage_taken":0,"relics_obtained":["FaceOfCleric"],"max_hp_gain":0,"max_hp_loss":0,"event_name":"FaceTrader","floor":5,"gold_loss":0}],"is_beta":false,"boss_relics":[],"items_purged_floors":[3],"is_endless":false,"potions_floor_spawned":[1,7],"killed_by":"Lagavulin","ascension_level":20}}