{"host":"0z6l31g9ps0v9zzp","time":1614059748,"event":{"mods":["Act Like it!","BaseMod","CapriCore","Minty Spire (QoL Compilation)","MostiFishMod","StSLib"],"gold_per_floor":[118,137,62,78,98,130,130,130,130,156,175,206,206,223,223,300,300,319,353,370,53,53,83,83,113,113,113,132,150,178,188,188,264,264,284,296,312,337,356,389,409,440,440,453,463,515,544,217,217,217,217,217,217,67,93,93],"floor_reached":57,"language":"ZHS","playtime":2304,"items_purged":["Strike_R","Strike_R","Apotheosis+1","MostiFishMod:WingOfPhoenix+1"],"score":3302,"play_id":"b03a52a9-2993-4661-863b-fca258c27dac","local_time":"20210223135548","is_ascension_mode":true,"campfire_choices":[{"data":"Armaments","floor":7.0,"key":"SMITH"},{"data":"Heavy Blade","floor":15.0,"key":"SMITH"},{"data":"Feed","floor":24.0,"key":"SMITH"},{"data":"Sword Boomerang","floor":32.0,"key":"SMITH"},{"floor":49.0,"key":"RECALL"},{"data":"Bash","floor":53.0,"key":"SMITH"}],"circlet_count":0,"master_deck":["AscendersBane","Strike_R+1","Strike_R+1","Strike_R+1","Defend_R+1","Defend_R+1","Defend_R+1","Defend_R+1","Bash+1","Armaments+1","Burning Pact+1","Heavy Blade+1","Feed+1","Sword Boomerang+1","MostiFishMod:BrandingRite+1","Shockwave+1","MostiFishMod:NewArrival+1","MostiFishMod:#F4004+1","Combust+1","Barricade+1","MostiFishMod:BrokenBlackCloak+1","Dark Embrace+1"],"relics":["DaveBox","GuanYuAspect","RhineSuit","SynthV:TestCard","Toxic Egg 2","Frozen Egg 2","Strawberry","Kunai","ChiXiaoBlade","Red Mask","Orichalcum","Letter Opener","Magic Flower","Tiny Chest","Sozu","PreservedInsect","Centennial Puzzle","Darkstone Periapt","Unceasing Top","InkBottle","Happy Flower"],"acts_visited":["Exordium","TheCity","TheBeyond","TheEnding"],"potions_floor_usage":[],"damage_taken":[{"damage":0.0,"enemies":"2 Louse","floor":1.0,"turns":2.0},{"damage":0.0,"enemies":"Small Slimes","floor":2.0,"turns":2.0},{"damage":0.0,"enemies":"Jaw Worm","floor":4.0,"turns":3.0},{"damage":0.0,"enemies":"Blue Slaver","floor":5.0,"turns":2.0},{"damage":2.0,"enemies":"Gremlin Nob","floor":6.0,"turns":3.0},{"damage":0.0,"enemies":"Lagavulin","floor":10.0,"turns":4.0},{"damage":6.0,"enemies":"Red Slaver","floor":11.0,"turns":2.0},{"damage":1.0,"enemies":"3 Sentries","floor":12.0,"turns":5.0},{"damage":0.0,"enemies":"3 Louse","floor":14.0,"turns":2.0},{"damage":0.0,"enemies":"Hexaghost","floor":16.0,"turns":5.0},{"damage":6.0,"enemies":"2 Thieves","floor":18.0,"turns":3.0},{"damage":3.0,"enemies":"Masked Bandits","floor":19.0,"turns":3.0},{"damage":0.0,"enemies":"3 Byrds","floor":20.0,"turns":4.0},{"damage":0.0,"enemies":"Slavers","floor":23.0,"turns":4.0},{"damage":22.0,"enemies":"Gremlin Leader","floor":25.0,"turns":5.0},{"damage":5.0,"enemies":"Snecko","floor":28.0,"turns":3.0},{"damage":10.0,"enemies":"Shelled Parasite and Fungi","floor":29.0,"turns":3.0},{"damage":14.0,"enemies":"Slavers","floor":30.0,"turns":4.0},{"damage":15.0,"enemies":"Snake Plant","floor":31.0,"turns":3.0},{"damage":39.0,"enemies":"Automaton","floor":33.0,"turns":7.0},{"damage":28.0,"enemies":"3 Shapes","floor":35.0,"turns":3.0},{"damage":5.0,"enemies":"Orb Walker","floor":36.0,"turns":3.0},{"damage":21.0,"enemies":"Maw","floor":37.0,"turns":4.0},{"damage":0.0,"enemies":"4 Shapes","floor":39.0,"turns":2.0},{"damage":73.0,"enemies":"Reptomancer","floor":40.0,"turns":3.0},{"damage":39.0,"enemies":"Transient","floor":41.0,"turns":6.0},{"damage":12.0,"enemies":"Nemesis","floor":42.0,"turns":3.0},{"damage":17.0,"enemies":"Jaw Worm Horde","floor":44.0,"turns":5.0},{"damage":8.0,"enemies":"4 Shapes","floor":45.0,"turns":2.0},{"damage":24.0,"enemies":"2 Orb Walkers","floor":46.0,"turns":3.0},{"damage":8.0,"enemies":"Giant Head","floor":47.0,"turns":4.0},{"damage":32.0,"enemies":"Donu and Deca","floor":50.0,"turns":5.0},{"damage":32.0,"enemies":"Time Eater","floor":51.0,"turns":5.0},{"damage":95.0,"enemies":"Shield and Spear","floor":55.0,"turns":8.0},{"damage":72,"enemies":"The Heart","floor":56,"turns":8}],"seed_played":"357474142857317214","potions_obtained":[{"floor":2.0,"key":"Fire Potion"},{"floor":11.0,"key":"BloodPotion"},{"floor":16.0,"key":"EssenceOfSteel"},{"floor":20.0,"key":"Explosive Potion"},{"floor":23.0,"key":"BloodPotion"},{"floor":25.0,"key":"FearPotion"},{"floor":28.0,"key":"AttackPotion"},{"floor":31.0,"key":"Fire Potion"}],"is_trial":false,"path_per_floor":["M","M","$","M","M","E","R","?","T","E","M","E","?","M","R","B",null,"M","?","M","$","?","E","R","E","T","$","M","M","E","M","R","B",null,"M","M","M","T","M","E","M","E","T","M","M","?","E","$","R","B","B",null,"R","$","E","B",null],"character_chosen":"IRONCLAD","items_purchased":["Apotheosis+1","MostiFishMod:BrokenBlackCloak+1"],"campfire_rested":0,"item_purchase_floors":[21,48],"current_hp_per_floor":[38,38,38,38,38,38,38,38,38,42,39,45,45,45,45,45,45,46,49,55,55,55,58,58,49,49,49,63,66,64,61,61,53,63,52,66,68,68,85,39,53,73,73,75,88,85,111,111,111,119,107,112,112,112,58,38],"gold":93,"neow_bonus":"BOSS_RELIC","is_daily":false,"chose_seed":false,"campfire_upgraded":5,"win_rate":0.0,"timestamp":1614059748,"path_taken":["M","M","$","M","M","E","R","?","T","E","M","E","?","M","R","BOSS","M","?","M","$","?","E","R","E","T","?","M","M","E","M","R","BOSS","M","M","M","?","M","E","M","E","T","M","M","?","E","?","R","BOSS","BOSS","R","$","E","BOSS"],"items_purchased_type":["Card","Card"],"build_version":"2020-12-22","purchased_purges":4,"victory":true,"max_hp_per_floor":[38,38,38,38,38,38,38,38,38,45,45,45,45,45,45,45,45,48,52,55,55,55,59,59,63,63,63,67,67,71,75,75,79,79,83,87,91,91,95,99,103,103,103,107,111,115,115,115,115,119,119,119,119,119,119,119],"card_choices":[{"not_picked":["Cleave","Infernal Blade","Wild Strike"],"picked":"SKIP","floor":1.0},{"not_picked":["Anger","Cleave","Rupture","Clash"],"picked":"Armaments","floor":2.0},{"not_picked":["Headbutt","Perfected Strike","Feel No Pain","Disarm","Flex"],"picked":"SKIP","floor":4.0},{"not_picked":["Thunderclap","Sentinel","Wild Strike","Cleave"],"picked":"Burning Pact","floor":5.0},{"not_picked":["Warcry+1","Clash","MostiFishMod:ChineseTea+1","Havoc+1"],"picked":"Heavy Blade","floor":6.0},{"not_picked":["Seeing Red+1","Cleave","Pummel","Carnage","Searing Blow"],"picked":"SKIP","floor":10.0},{"not_picked":["Burning Pact+1","Armaments+1","Hemokinesis","Searing Blow","Havoc+1"],"picked":"SKIP","floor":11.0},{"not_picked":["Cleave","Impervious+1","Searing Blow","Armaments+1","Headbutt"],"picked":"SKIP","floor":12.0},{"not_picked":["Seeing Red+1","Inflame+1","Cleave","Havoc+1","Hemokinesis"],"picked":"SKIP","floor":14.0},{"not_picked":["Brutality+1","MostiFishMod:Chiaki+1","MostiFishMod:FlyOverUtopia+1","Demon Form+1"],"picked":"Feed","floor":16.0},{"not_picked":["Cleave","Havoc+1","Power Through+1","Armaments+1"],"picked":"Sword Boomerang","floor":18.0},{"not_picked":["Body Slam","Flex+1","Twin Strike","MostiFishMod:OrdinaryWorld","Rampage"],"picked":"SKIP","floor":20.0},{"not_picked":["Second Wind+1","Searing Blow","Impervious+1","Pommel Strike+1","MostiFishMod:TemporaryOutbreak+1"],"picked":"SKIP","floor":23.0},{"not_picked":["Searing Blow+1","Clash","Rage+1","Metallicize+1","Flex+1"],"picked":"SKIP","floor":25.0},{"not_picked":["Blood for Blood","Sword Boomerang","Rage+1","Cleave","Iron Wave"],"picked":"SKIP","floor":28.0},{"not_picked":["Warcry+1","Wild Strike","Sentinel+1","Cleave","MostiFishMod:OrdinaryWorld"],"picked":"SKIP","floor":29.0},{"not_picked":["Havoc+1","Pommel Strike","Clothesline","Spot Weakness+1"],"picked":"MostiFishMod:BrandingRite+1","floor":30.0},{"not_picked":["Flex+1","Battle Trance+1","Blood for Blood+1","Burning Pact+1"],"picked":"Shockwave+1","floor":31.0},{"not_picked":["Limit Break+1","Bludgeon","Exhume+1","MostiFishMod:Mania+1"],"picked":"MostiFishMod:NewArrival+1","floor":33.0},{"not_picked":["Dual Wield+1","Sword Boomerang","Pummel","Battle Trance+1","Rupture+1"],"picked":"SKIP","floor":35.0},{"not_picked":["Hemokinesis+1","Shrug It Off+1","Pommel Strike","Rampage"],"picked":"MostiFishMod:#F4004+1","floor":36.0},{"not_picked":["Sword Boomerang+1","Headbutt","Infernal Blade+1","Body Slam"],"picked":"Combust+1","floor":37.0},{"not_picked":["Inflame+1","Disarm+1","Clothesline","True Grit+1","Twin Strike"],"picked":"SKIP","floor":39.0},{"not_picked":["Perfected Strike","Burning Pact+1","Anger","Clash"],"picked":"MostiFishMod:WingOfPhoenix+1","floor":40.0},{"not_picked":["Seeing Red+1","Warcry+1","Clash","Iron Wave","Shrug It Off+1"],"picked":"SKIP","floor":41.0},{"not_picked":["Blood for Blood","Heavy Blade","Cleave","Whirlwind"],"picked":"Barricade+1","floor":42.0},{"not_picked":["Clothesline","True Grit+1","MostiFishMod:BrandingRite+1","Havoc+1","Cleave"],"picked":"SKIP","floor":44.0},{"not_picked":["Uppercut+1","Twin Strike+1","Dropkick+1","Disarm+1","Bloodletting+1"],"picked":"SKIP","floor":45.0},{"not_picked":["Power Through+1","Uppercut+1","Feed","Twin Strike+1","MostiFishMod:NewArrival+1"],"picked":"SKIP","floor":47.0},{"not_picked":["MostiFishMod:#F4004+1","Anger","Sentinel+1","Metallicize+1"],"picked":"Dark Embrace+1","floor":55.0}],"player_experience":294559,"relics_obtained":[{"floor":1.0,"key":"SynthV:TestCard"},{"floor":6.0,"key":"Toxic Egg 2"},{"floor":9.0,"key":"Frozen Egg 2"},{"floor":10.0,"key":"Strawberry"},{"floor":12.0,"key":"Kunai"},{"floor":19.0,"key":"Red Mask"},{"floor":23.0,"key":"Orichalcum"},{"floor":25.0,"key":"Letter Opener"},{"floor":26.0,"key":"Magic Flower"},{"floor":30.0,"key":"Tiny Chest"},{"floor":40.0,"key":"PreservedInsect"},{"floor":42.0,"key":"Centennial Puzzle"},{"floor":43.0,"key":"Darkstone Periapt"},{"floor":46.0,"key":"Unceasing Top"},{"floor":47.0,"key":"InkBottle"},{"floor":55.0,"key":"Happy Flower"}],"event_choices":[{"damage_healed":0.0,"max_hp_gain":0.0,"max_hp_loss":0.0,"gold_gain":0.0,"event_name":"Liars Game","player_choice":"Ignored","floor":8.0,"gold_loss":0.0,"damage_taken":0.0},{"damage_healed":0.0,"max_hp_gain":0.0,"max_hp_loss":0.0,"gold_gain":0.0,"event_name":"Living Wall","player_choice":"Grow","floor":13.0,"gold_loss":0.0,"damage_taken":0.0,"cards_upgraded":["Burning Pact"]},{"damage_healed":0.0,"max_hp_gain":0.0,"max_hp_loss":0.0,"gold_gain":0.0,"event_name":"Masked Bandits","player_choice":"Fought Bandits","floor":19.0,"gold_loss":0.0,"damage_taken":0.0},{"damage_healed":0.0,"max_hp_gain":0.0,"max_hp_loss":0.0,"gold_gain":0.0,"event_name":"Back to Basics","player_choice":"Simplicity","floor":22.0,"gold_loss":0.0,"damage_taken":0.0,"cards_upgraded":["Strike_R","Strike_R","Strike_R","Defend_R","Defend_R","Defend_R","Defend_R"]},{"damage_healed":0.0,"max_hp_gain":0.0,"max_hp_loss":0.0,"gold_gain":0.0,"event_name":"Mysterious Sphere","player_choice":"Fight","floor":46.0,"gold_loss":0.0,"damage_taken":0.0}],"is_beta":false,"boss_relics":[{"not_picked":["FixedStarFall","Transparent"],"picked":"ChiXiaoBlade"},{"not_picked":["BloodWine","HereWithMe"],"picked":"Sozu"}],"items_purged_floors":[3,21,48,54],"is_endless":false,"potions_floor_spawned":[2,11,12,16,20,23,25,28,31,35,39,40,42,45],"ascension_level":20}}