{"host":"zs3tguvuxkh90jf4","time":1614040455,"event":{"mods":["AchievementEnabler","BaseMod","Better Silent Start","Better-Laid Plans","BetterRewards","Block Reminder","Colored Map","Colored Powertips","Gold Saver","Minty Spire (QoL Compilation)","Shop Mod","StSLib","Transform Curses"],"gold_per_floor":[2416,1648,1663,1663,1335,1364,1364,1391,1391,955,955,955,966,999,999,1072,1072,1088,1088,1038,679,690,719,719,754,800,818,526,284,301,335,335,409,409,424,435,460,460,460,460,120,137,137,167,186,220,240,64,64,64,64,64,64,30,55,55],"floor_reached":57,"language":"ENG","playtime":2924,"items_purged":["Hyperbeam","Decay","Strike_B","Strike_B","Defend_B","Strike_B","Hyperbeam","Parasite"],"score":3168,"play_id":"2b627fbf-6e8c-4e86-be79-e05a0e07da60","local_time":"20210222163415","is_ascension_mode":true,"campfire_choices":[{"floor":7,"key":"REST"},{"floor":12,"key":"REST"},{"data":"Dualcast","floor":15,"key":"SMITH"},{"data":"Storm","floor":24,"key":"SMITH"},{"floor":32,"key":"RECALL"},{"data":"Chill","floor":40,"key":"SMITH"},{"data":"Seek","floor":49,"key":"SMITH"},{"data":"Hologram","floor":53,"key":"SMITH"}],"circlet_count":0,"master_deck":["AscendersBane","Zap","Dualcast+1","Self Repair","Scrape","Turbo","BootSequence","Master of Strategy","Machine Learning","Defragment","Storm+1","Genetic Algorithm","Gash","Beam Cell","Gash","Self Repair","Gash","Panache","Hologram+1","Seek+1","Echo Form","Coolheaded","Chill+1","Fusion+1","Aggregate+1","Violence+1","Electrodynamics+1","FTL","Fission+1","Reprogram+1","Loop+1","Redo+1","Leap+1","Buffer+1","Consume+1","Buffer+1","Genetic Algorithm+1","Biased Cognition+1","All For One","Steam+1"],"relics":["Cracked Core","Membership Card","HornCleat","MerchantsRug","InkBottle","Pantograph","OrangePellets","Bag of Preparation","Black Star","Bronze Scales","Runic Capacitor","Blood Vial","Toxic Egg 2","Frozen Egg 2","Toy Ornithopter","Smiling Mask","PreservedInsect","DataDisk","Blue Candle","White Beast Statue","Mercury Hourglass","Incense Burner","Gremlin Horn","Ornamental Fan","Nunchaku","Ice Cream","Shuriken","Vajra","Bag of Marbles","Kunai","Oddly Smooth Stone","Letter Opener","Lantern","CaptainsWheel","Mummified Hand"],"acts_visited":["Exordium","TheCity","TheBeyond","TheEnding"],"potions_floor_usage":[6,16,16,25,29,31,33,37,51,56,56,56,56],"damage_taken":[{"damage":7,"enemies":"Jaw Worm","floor":1,"turns":3},{"damage":0,"enemies":"Cultist","floor":3,"turns":3},{"damage":53,"enemies":"Gremlin Nob","floor":6,"turns":5},{"damage":44,"enemies":"3 Sentries","floor":8,"turns":8},{"damage":0,"enemies":"Small Slimes","floor":13,"turns":2},{"damage":15,"enemies":"Lagavulin","floor":14,"turns":5},{"damage":23,"enemies":"The Guardian","floor":16,"turns":5},{"damage":3,"enemies":"Spheric Guardian","floor":18,"turns":4},{"damage":0,"enemies":"3 Byrds","floor":22,"turns":3},{"damage":13,"enemies":"Book of Stabbing","floor":23,"turns":4},{"damage":8,"enemies":"Slavers","floor":25,"turns":5},{"damage":11,"enemies":"Sentry and Sphere","floor":27,"turns":4},{"damage":8,"enemies":"Snake Plant","floor":30,"turns":3},{"damage":18,"enemies":"Gremlin Leader","floor":31,"turns":5},{"damage":4,"enemies":"Automaton","floor":33,"turns":6},{"damage":0,"enemies":"3 Shapes","floor":35,"turns":3},{"damage":0,"enemies":"Orb Walker","floor":36,"turns":1},{"damage":38,"enemies":"Mind Bloom Boss Battle","floor":37,"turns":5},{"damage":21,"enemies":"Sphere and 2 Shapes","floor":42,"turns":1},{"damage":1,"enemies":"Nemesis","floor":44,"turns":3},{"damage":0,"enemies":"Writhing Mass","floor":45,"turns":3},{"damage":1,"enemies":"Reptomancer","floor":46,"turns":2},{"damage":0,"enemies":"3 Darklings","floor":47,"turns":2},{"damage":0,"enemies":"Donu and Deca","floor":50,"turns":4},{"damage":0,"enemies":"Awakened One","floor":51,"turns":5},{"damage":17,"enemies":"Shield and Spear","floor":55,"turns":2},{"damage":10,"enemies":"The Heart","floor":56,"turns":5}],"seed_played":"-8868230079944859866","potions_obtained":[{"floor":1,"key":"SkillPotion"},{"floor":8,"key":"PowerPotion"},{"floor":14,"key":"DistilledChaos"},{"floor":22,"key":"DistilledChaos"},{"floor":23,"key":"LiquidBronze"},{"floor":30,"key":"SmokeBomb"},{"floor":33,"key":"Strength Potion"},{"floor":35,"key":"BlessingOfTheForge"},{"floor":37,"key":"Energy Potion"},{"floor":39,"key":"SkillPotion"},{"floor":44,"key":"PowerPotion"},{"floor":55,"key":"EssenceOfSteel"}],"is_trial":false,"path_per_floor":["M","$","M","?","$","E","R","E","T","$","T","R","M","E","R","B",null,"M","?","?","$","M","E","R","E","T","M","$","$","M","E","R","B",null,"M","M","?","?","?","R","$","M","T","E","M","E","M","$","R","B","B",null,"R","$","E","B",null],"character_chosen":"DEFECT","items_purchased":["Membership Card","MealTicket","HornCleat","Scrape","Turbo","BootSequence","Master of Strategy","MerchantsRug","Machine Learning","Singing Bowl","Storm","Genetic Algorithm","Gash","Beam Cell","Conserve Battery","OrangePellets","Regal Pillow","Bag of Preparation","Gash","Panache","Bronze Scales","Potion Belt","Runic Capacitor","Coolheaded","DataDisk","SkillPotion","AttackPotion","Violence+1","Blue Candle","Fruit Juice","Gremlin Horn","Ornamental Fan","Leap+1","Oddly Smooth Stone","Letter Opener","DollysMirror","Biased Cognition+1","Lantern","All For One"],"campfire_rested":2,"item_purchase_floors":[2,2,2,2,2,2,2,2,2,5,5,5,5,5,5,10,10,10,10,10,21,21,21,21,28,28,28,28,29,29,41,41,41,48,48,48,54,54,54],"current_hp_per_floor":[57,57,57,57,71,25,46,9,9,24,24,60,67,66,71,62,69,73,52,52,67,78,72,78,78,78,80,80,85,86,85,89,89,89,89,91,74,74,74,91,91,77,77,85,93,93,95,92,92,92,92,92,92,92,82,92],"gold":55,"neow_bonus":"ONE_RANDOM_RARE_CARD","is_daily":false,"chose_seed":false,"campfire_upgraded":5,"win_rate":0.0,"timestamp":1614040455,"path_taken":["M","$","M","?","$","E","R","E","T","?","?","R","?","E","R","BOSS","M","?","?","$","?","E","R","E","T","M","?","$","M","E","R","BOSS","M","M","?","?","?","R","$","M","T","E","M","E","?","?","R","BOSS","BOSS","R","$","E","BOSS"],"items_purchased_type":["Relic","Relic","Relic","Card","Card","Card","Card","Relic","Card","Relic","Card","Card","Card","Card","Card","Relic","Relic","Relic","Card","Card","Relic","Relic","Relic","Card","Relic","Potion","Potion","Card","Relic","Potion","Relic","Relic","Card","Relic","Relic","Relic","Card","Relic","Card"],"build_version":"2020-12-22","purchased_purges":8,"victory":true,"max_hp_per_floor":[71,71,71,71,71,71,71,71,71,71,71,71,71,71,71,71,71,73,78,78,78,78,78,78,78,78,80,80,85,87,89,89,89,89,89,91,91,91,91,91,91,91,91,91,93,93,95,92,92,92,92,92,92,92,92,92],"card_choices":[{"not_picked":["Loop","Static Discharge"],"picked":"Self Repair","floor":1},{"not_picked":["Redo","Cold Snap"],"picked":"Defragment","floor":3},{"not_picked":["Consume","Compile Driver"],"picked":"Gash","floor":6},{"not_picked":["Barrage","Turbo"],"picked":"Self Repair","floor":8},{"not_picked":["Beam Cell","Chill"],"picked":"Hologram","floor":13},{"not_picked":["Steam Power","Compile Driver"],"picked":"Seek","floor":14},{"not_picked":["Multi-Cast","Thunder Strike"],"picked":"Echo Form","floor":16},{"not_picked":["Conserve Battery","Recycle","Stack"],"picked":"Singing Bowl","floor":18},{"not_picked":["Genetic Algorithm","Lockon+1"],"picked":"Chill","floor":22},{"not_picked":["Go for the Eyes","Sweeping Beam"],"picked":"Fusion+1","floor":23},{"not_picked":["Leap+1","Glacier+1"],"picked":"Aggregate+1","floor":25},{"not_picked":["Go for the Eyes","Fusion+1","Hyperbeam"],"picked":"Singing Bowl","floor":27},{"not_picked":["Cold Snap","Hologram+1","Skim+1"],"picked":"Singing Bowl","floor":30},{"not_picked":["Turbo+1","Glacier+1","Go for the Eyes"],"picked":"Singing Bowl","floor":31},{"not_picked":["Thunder Strike","Creative AI+1"],"picked":"Electrodynamics+1","floor":33},{"not_picked":["Compile Driver","Cold Snap"],"picked":"Loop+1","floor":35},{"not_picked":["Barrage","Compile Driver","Static Discharge+1"],"picked":"Singing Bowl","floor":36},{"not_picked":["Ball Lightning","Beam Cell"],"picked":"Redo+1","floor":37},{"not_picked":["Rip and Tear","Ball Lightning"],"picked":"Buffer+1","floor":42},{"not_picked":["Sweeping Beam","Rip and Tear"],"picked":"Consume+1","floor":44},{"not_picked":["Sweeping Beam","Hello World+1","Coolheaded+1"],"picked":"Singing Bowl","floor":45},{"not_picked":["Reprogram+1","Cold Snap"],"picked":"Buffer+1","floor":46},{"not_picked":["Turbo+1","Sweeping Beam","Hologram+1"],"picked":"Singing Bowl","floor":47},{"not_picked":["Ball Lightning","Blizzard"],"picked":"Steam+1","floor":55}],"player_experience":619367,"relics_obtained":[{"floor":6,"key":"InkBottle"},{"floor":8,"key":"Pantograph"},{"floor":11,"key":"Matryoshka"},{"floor":14,"key":"Eternal Feather"},{"floor":23,"key":"Blood Vial"},{"floor":23,"key":"Toxic Egg 2"},{"floor":25,"key":"Frozen Egg 2"},{"floor":25,"key":"Toy Ornithopter"},{"floor":26,"key":"Smiling Mask"},{"floor":26,"key":"PreservedInsect"},{"floor":31,"key":"White Beast Statue"},{"floor":31,"key":"Mercury Hourglass"},{"floor":37,"key":"Incense Burner"},{"floor":43,"key":"Nunchaku"},{"floor":43,"key":"Ice Cream"},{"floor":44,"key":"Shuriken"},{"floor":44,"key":"Vajra"},{"floor":46,"key":"Bag of Marbles"},{"floor":46,"key":"Kunai"},{"floor":55,"key":"CaptainsWheel"},{"floor":55,"key":"Mummified Hand"}],"event_choices":[{"damage_healed":0,"gold_gain":0,"player_choice":"Cursed","damage_taken":0,"max_hp_gain":0,"max_hp_loss":0,"event_name":"Wheel of Change","floor":4,"gold_loss":0,"cards_obtained":["Decay"]},{"damage_healed":0,"gold_gain":0,"player_choice":"Shed Blood","damage_taken":26,"max_hp_gain":5,"max_hp_loss":0,"event_name":"Forgotten Altar","floor":19,"gold_loss":0},{"damage_healed":0,"gold_gain":0,"player_choice":"Bet on Murderer","damage_taken":0,"max_hp_gain":0,"max_hp_loss":0,"event_name":"The Joust","floor":20,"gold_loss":50},{"damage_healed":0,"gold_gain":0,"player_choice":"Fight","damage_taken":0,"max_hp_gain":0,"max_hp_loss":0,"event_name":"MindBloom","floor":37,"gold_loss":0},{"cards_removed":["Conserve Battery"],"damage_healed":0,"gold_gain":0,"player_choice":"Removed Skill","damage_taken":0,"max_hp_gain":0,"max_hp_loss":0,"event_name":"Falling","floor":38,"gold_loss":0},{"damage_healed":0,"gold_gain":0,"player_choice":"Got Potions","damage_taken":0,"max_hp_gain":0,"max_hp_loss":0,"event_name":"Lab","floor":39,"gold_loss":0}],"is_beta":false,"boss_relics":[{"not_picked":["Ectoplasm","Empty Cage"],"picked":"Black Star"},{"not_picked":["Coffee Dripper","Sozu"],"picked":"Pandora\u0027s Box"}],"items_purged_floors":[2,5,10,21,28,29,41,48],"is_endless":false,"potions_floor_spawned":[1,8,14,22,23,30,33,35,36,37,42,44,45,46,47,55],"ascension_level":20}}