{"host":"snampf0t8p8psf53","time":1614101738,"event":{"mods":["AchievementEnabler","BaseMod","Bestiary","Curses Come First","DeckTracker","Minty Spire (QoL Compilation)","Permanent Neow","StSLib","SuperFastMode"],"gold_per_floor":[119,129,129,149,149,183,183,213,213,228,253,253,253,268,268,363,363,376,388,32,51,51,82,82,98,98,115,134,161,161,173,173,270,270,288,302,65,83,83,114,114,143,168,168,118,148,161,161,161,161,161,161,82,107,107,107],"floor_reached":55,"language":"ENG","playtime":1983,"items_purged":["Strike_R"],"score":858,"play_id":"b1231fc2-85ab-4ce5-b857-e9f2891cb1f4","local_time":"20210223093538","is_ascension_mode":true,"campfire_choices":[{"floor":12,"key":"REST"},{"floor":15,"key":"RECALL"},{"floor":24,"key":"REST"},{"floor":30,"key":"REST"},{"floor":32,"key":"REST"},{"data":"Fiend Fire","floor":41,"key":"SMITH"},{"floor":44,"key":"REST"},{"data":"Feel No Pain","floor":49,"key":"SMITH"},{"data":"Uppercut","floor":52,"key":"SMITH"}],"circlet_count":0,"master_deck":["Strike_R","Strike_R","Strike_R","Strike_R","Defend_R","Defend_R","Defend_R","Defend_R","Bash","Shrug It Off","Sever Soul+1","Shockwave","Fiend Fire+1","Heavy Blade","Corruption","Feel No Pain+1","Feed","Uppercut+1","Metallicize+1","Feed","Juggernaut+1","Flame Barrier","Metallicize+1","Mayhem+1","Apotheosis","Clothesline","Writhe","Immolate","Dark Embrace+1"],"relics":["Snecko Eye","Regal Pillow","Du-Vu Doll","Smiling Mask","Sozu","Brimstone","Frozen Egg 2","Pen Nib","Art of War","Runic Dome","Akabeko","Boot","Juzu Bracelet","Blue Candle","Bag of Marbles"],"acts_visited":["Exordium","TheCity","TheBeyond","TheEnding"],"potions_floor_usage":[33,33,33],"damage_taken":[{"damage":0,"enemies":"Small Slimes","floor":1,"turns":3},{"damage":0,"enemies":"2 Louse","floor":2,"turns":3},{"damage":5,"enemies":"Cultist","floor":4,"turns":4},{"damage":6,"enemies":"Gremlin Nob","floor":6,"turns":3},{"damage":26,"enemies":"3 Sentries","floor":8,"turns":8},{"damage":7,"enemies":"Blue Slaver","floor":10,"turns":2},{"damage":22,"enemies":"Gremlin Nob","floor":11,"turns":4},{"damage":10,"enemies":"Looter","floor":14,"turns":2},{"damage":27,"enemies":"Slime Boss","floor":16,"turns":7},{"damage":17,"enemies":"2 Thieves","floor":18,"turns":3},{"damage":12,"enemies":"Shell Parasite","floor":19,"turns":3},{"damage":7,"enemies":"Shelled Parasite and Fungi","floor":21,"turns":3},{"damage":30,"enemies":"Gremlin Leader","floor":23,"turns":4},{"damage":12,"enemies":"Chosen and Byrds","floor":25,"turns":3},{"damage":13,"enemies":"Snake Plant","floor":27,"turns":2},{"damage":5,"enemies":"Snecko","floor":28,"turns":4},{"damage":5,"enemies":"Book of Stabbing","floor":29,"turns":3},{"damage":11,"enemies":"Centurion and Healer","floor":31,"turns":3},{"damage":28,"enemies":"Collector","floor":33,"turns":5},{"damage":0,"enemies":"Orb Walker","floor":35,"turns":3},{"damage":16,"enemies":"3 Darklings","floor":36,"turns":3},{"damage":4,"enemies":"Transient","floor":38,"turns":5},{"damage":0,"enemies":"Giant Head","floor":40,"turns":4},{"damage":35,"enemies":"Nemesis","floor":42,"turns":3},{"damage":20,"enemies":"Reptomancer","floor":46,"turns":5},{"damage":0,"enemies":"4 Shapes","floor":47,"turns":4},{"damage":23,"enemies":"Donu and Deca","floor":50,"turns":5},{"damage":60,"enemies":"Shield and Spear","floor":54,"turns":4},{"damage":35,"enemies":"The Heart","floor":55,"turns":2}],"seed_played":"3455285146036308108","potions_obtained":[{"floor":6,"key":"GamblersBrew"},{"floor":8,"key":"CultistPotion"},{"floor":11,"key":"Explosive Potion"}],"is_trial":false,"path_per_floor":["M","M","$","M","?","E","?","E","T","M","E","R","?","M","R","B",null,"M","M","$","M","$","E","R","M","T","M","M","E","R","M","R","B",null,"M","M","$","M","?","E","R","E","T","R","$","E","M","?","R","B",null,"R","$","E","B"],"character_chosen":"IRONCLAD","items_purchased":["Feed","Uppercut","Brimstone","Metallicize+1","Mayhem+1","Immolate"],"campfire_rested":5,"item_purchase_floors":[20,20,20,37,37,53],"current_hp_per_floor":[80,80,80,75,75,69,80,54,54,47,25,64,64,54,54,27,80,63,51,51,44,44,14,53,41,41,28,23,18,57,49,83,55,83,83,67,67,63,63,63,63,28,28,67,67,51,55,78,78,55,91,91,91,34,0,0],"gold":107,"neow_bonus":"BOSS_RELIC","is_daily":false,"chose_seed":false,"campfire_upgraded":3,"win_rate":0.0,"timestamp":1614101738,"path_taken":["M","M","$","M","?","E","?","E","T","?","E","R","?","M","R","BOSS","M","M","$","M","$","E","R","M","T","M","M","E","R","M","R","BOSS","M","M","$","M","?","E","R","E","T","R","$","E","M","?","R","BOSS","R","$","E","BOSS"],"items_purchased_type":["Card","Card","Relic","Card","Card","Card"],"build_version":"2020-12-22","purchased_purges":1,"victory":false,"max_hp_per_floor":[80,80,80,80,80,80,80,80,80,80,80,80,80,80,80,80,80,80,80,80,80,80,80,80,80,80,80,80,80,80,83,83,83,83,83,83,83,83,83,83,83,83,83,83,83,87,91,91,91,91,91,91,91,94,94,94],"card_choices":[{"not_picked":["Dropkick","True Grit"],"picked":"Shrug It Off","floor":1},{"not_picked":["Inflame","Infernal Blade"],"picked":"Sever Soul","floor":2},{"not_picked":["Cleave","Seeing Red","Wild Strike"],"picked":"SKIP","floor":4},{"not_picked":["Anger","Headbutt"],"picked":"Searing Blow","floor":6},{"not_picked":["Pommel Strike","Body Slam","Havoc"],"picked":"SKIP","floor":8},{"not_picked":["Heavy Blade","Iron Wave"],"picked":"Shockwave","floor":10},{"not_picked":["Carnage","Wild Strike"],"picked":"Fiend Fire","floor":11},{"not_picked":["Havoc","Dual Wield"],"picked":"Heavy Blade","floor":14},{"not_picked":["Demon Form","Brutality"],"picked":"Corruption","floor":16},{"not_picked":["Second Wind+1","Body Slam","Bloodletting"],"picked":"SKIP","floor":18},{"not_picked":["Cleave+1","Armaments"],"picked":"Feel No Pain","floor":19},{"not_picked":["Shrug It Off","Perfected Strike","Pommel Strike+1"],"picked":"SKIP","floor":21},{"not_picked":["Body Slam","Clothesline"],"picked":"Metallicize+1","floor":23},{"not_picked":["Infernal Blade+1","Entrench+1"],"picked":"Feed","floor":25},{"not_picked":["Shrug It Off+1","Entrench","Inflame+1"],"picked":"SKIP","floor":27},{"not_picked":["True Grit","Reckless Charge","Thunderclap"],"picked":"SKIP","floor":28},{"not_picked":["Fire Breathing+1","Wild Strike","Dual Wield+1"],"picked":"SKIP","floor":29},{"not_picked":["True Grit","Bloodletting","Thunderclap"],"picked":"SKIP","floor":31},{"not_picked":["Brutality+1","Impervious"],"picked":"Juggernaut+1","floor":33},{"not_picked":["Infernal Blade","Clash"],"picked":"Flame Barrier","floor":35},{"not_picked":["Pummel","Pommel Strike","Clash"],"picked":"SKIP","floor":36},{"not_picked":["Wild Strike","Fire Breathing+1","True Grit+1"],"picked":"SKIP","floor":38},{"not_picked":["PanicButton","Forethought"],"picked":"Apotheosis","floor":39},{"not_picked":["Disarm+1","Headbutt"],"picked":"Clothesline","floor":40},{"not_picked":["Headbutt+1","Flex","Seeing Red+1"],"picked":"SKIP","floor":42},{"not_picked":["Flex+1","Pommel Strike","Body Slam+1"],"picked":"SKIP","floor":46},{"not_picked":["Flex","Reckless Charge+1","Thunderclap"],"picked":"SKIP","floor":47},{"not_picked":["Sword Boomerang","Shockwave"],"picked":"Dark Embrace+1","floor":54}],"player_experience":177936,"relics_obtained":[{"floor":6,"key":"Regal Pillow"},{"floor":8,"key":"Du-Vu Doll"},{"floor":11,"key":"Smiling Mask"},{"floor":23,"key":"Frozen Egg 2"},{"floor":26,"key":"Pen Nib"},{"floor":29,"key":"Art of War"},{"floor":40,"key":"Akabeko"},{"floor":42,"key":"Boot"},{"floor":43,"key":"Juzu Bracelet"},{"floor":46,"key":"Blue Candle"},{"floor":54,"key":"Bag of Marbles"}],"event_choices":[{"damage_healed":0,"gold_gain":0,"player_choice":"Grow","damage_taken":0,"max_hp_gain":0,"max_hp_loss":0,"event_name":"Living Wall","floor":5,"gold_loss":0,"cards_upgraded":["Sever Soul"]},{"cards_removed":["Searing Blow"],"damage_healed":11,"gold_gain":0,"player_choice":"Offered Uncommon","damage_taken":0,"max_hp_gain":0,"max_hp_loss":0,"event_name":"Bonfire Elementals","floor":7,"gold_loss":0},{"damage_healed":0,"gold_gain":0,"player_choice":"Ignored","damage_taken":0,"max_hp_gain":0,"max_hp_loss":0,"event_name":"Liars Game","floor":13,"gold_loss":0},{"damage_healed":0,"gold_gain":0,"player_choice":"Memory 1","damage_taken":0,"max_hp_gain":0,"max_hp_loss":0,"event_name":"SensoryStone","floor":39,"gold_loss":0},{"damage_healed":23,"gold_gain":0,"player_choice":"Writhe","damage_taken":0,"max_hp_gain":0,"max_hp_loss":0,"event_name":"Winding Halls","floor":48,"gold_loss":0,"cards_obtained":["Writhe"]}],"is_beta":false,"boss_relics":[{"not_picked":["Runic Cube","Empty Cage"],"picked":"Sozu"},{"not_picked":["Runic Pyramid","SacredBark"],"picked":"Runic Dome"}],"items_purged_floors":[45],"is_endless":false,"potions_floor_spawned":[6,8,11,14,18,21,28,29,33,35,38,47],"killed_by":"The Heart","ascension_level":1}}