{"host":"7fwnp8pk7osg3ahc","time":1614053055,"event":{"mods":["2.2 Compatiblity","BaseMod","Downfall","Marisa????????","Minty Spire (QoL Compilation)","Replay The Spire","StSLib","The Servant 0.9.4"],"gold_per_floor":[360,99,99,99,109,109,109,109,135,147,51,151,151,165,165,267,267,282,297,151,151,164,193,193,223,223,236,236,246,263,138,138,234,284,301,301,311,322,322,322],"floor_reached":39,"language":"ENG","playtime":1671,"items_purged":["Defend_MRS","Strike_MRS","Strike_MRS"],"score":436,"play_id":"8cf90150-bc0f-47e1-92aa-aada87365dbb","local_time":"20210222220415","is_ascension_mode":false,"campfire_choices":[{"data":"FinalSpark","floor":6,"key":"SMITH"},{"data":"UpSweep","floor":8,"key":"SMITH"},{"data":"MilkyWay","floor":13,"key":"SMITH"},{"data":"Acceleration","floor":15,"key":"SMITH"},{"floor":24,"key":"REST"},{"data":"DoubleSpark","floor":28,"key":"SMITH"},{"data":"DoubleSpark","floor":32,"key":"SMITH"}],"circlet_count":0,"master_deck":["Strike_MRS+1","Defend_MRS","Defend_MRS","Defend_MRS","MasterSpark","UpSweep+1","MilkyWay+1","FinalSpark+1","Acceleration+1","Finesse","DoubleSpark+1","DoubleSpark+1","DoubleSpark","UltimateShortwave","Acceleration+1","SporeBomb","OortCloud+1","BlazeAway"],"relics":["MiniHakkero","Blue Candle","Art of War","SlaversCollar","Lantern","AmplifyWand","Pantograph","Tiny House"],"acts_visited":["Exordium","TheCity","TheBeyond"],"potions_floor_usage":[23,25,27],"damage_taken":[{"damage":7,"enemies":"Small Slimes","floor":1,"turns":3},{"damage":1,"enemies":"Cultist","floor":5,"turns":3},{"damage":6,"enemies":"Jaw Worm","floor":10,"turns":3},{"damage":0,"enemies":"Large Slime","floor":14,"turns":4},{"damage":1,"enemies":"Fading Forest","floor":16,"turns":11},{"damage":11,"enemies":"2 Thieves","floor":18,"turns":4},{"damage":5,"enemies":"Chosen","floor":19,"turns":4},{"damage":22,"enemies":"Shelled Parasite and Fungi","floor":22,"turns":3},{"damage":0,"enemies":"Gremlin Leader","floor":23,"turns":3},{"damage":7,"enemies":"Book of Stabbing","floor":25,"turns":2},{"damage":15,"enemies":"Snecko","floor":27,"turns":3},{"damage":0,"enemies":"3 Cultists","floor":29,"turns":2},{"damage":5,"enemies":"Cultist and Chosen","floor":30,"turns":3},{"damage":12,"enemies":"Collector","floor":33,"turns":5},{"damage":23,"enemies":"3 Shapes","floor":35,"turns":4},{"damage":5,"enemies":"Orb Walker","floor":37,"turns":2},{"damage":20,"enemies":"Transient","floor":38,"turns":5},{"damage":28,"enemies":"Jaw Worm Horde","floor":39,"turns":3}],"seed_played":"291213895994638687","potions_obtained":[{"floor":5,"key":"LiquidMemories"},{"floor":10,"key":"DuplicationPotion"},{"floor":22,"key":"Energy Potion"},{"floor":23,"key":"FearPotion"},{"floor":25,"key":"Strength Potion"},{"floor":29,"key":"CultistPotion"},{"floor":37,"key":"Elixir"}],"is_trial":false,"path_per_floor":["M","$","?","$","M","R","?","R","T","M","$","?","R","M","R","B",null,"M","M","$","?","M","E","R","E","T","M","R","M","M","$","R","B",null,"M","?","M","M","M"],"character_chosen":"MARISA","items_purchased":["FinalSpark","Acceleration","Finesse","DoubleSpark"],"campfire_rested":1,"item_purchase_floors":[2,2,11,20],"current_hp_per_floor":[61,61,61,61,60,60,55,55,55,49,49,49,49,49,49,58,68,57,52,52,68,46,46,66,59,59,44,44,44,39,39,39,52,73,50,50,45,25,0,0],"gold":322,"neow_bonus":"TWO_FIFTY_GOLD","is_daily":false,"chose_seed":false,"campfire_upgraded":6,"win_rate":0.0,"timestamp":1614053055,"path_taken":["M","$","?","?","?","R","?","R","T","M","$","?","R","M","R","BOSS","M","?","$","?","M","E","R","E","T","?","R","?","M","$","R","BOSS","M","?","?","M","M"],"items_purchased_type":["Card","Card","Card","Card"],"build_version":"2020-12-22","purchased_purges":3,"victory":false,"max_hp_per_floor":[68,68,68,68,68,68,68,68,68,68,68,68,68,68,68,68,68,68,68,68,68,68,68,68,68,68,68,68,68,68,68,68,68,73,73,73,73,73,73,73],"card_choices":[{"not_picked":["GrandCross","MeteoricShower"],"picked":"MilkyWay","floor":1},{"not_picked":["UnstableBomb","OpenUniverse","ShootTheMoon"],"picked":"SKIP","floor":5},{"not_picked":["GasGiant","ShootingEcho","WitchLeyline"],"picked":"SKIP","floor":10},{"not_picked":["DarkMatter","Occultation","6A"],"picked":"SKIP","floor":14},{"not_picked":["UnstableBomb","SporeBomb+1","IllusionStar"],"picked":"SKIP","floor":18},{"not_picked":["Acceleration","GravityBeat+1"],"picked":"DoubleSpark","floor":19},{"not_picked":["PropBag+1","NonDirectionalLaser"],"picked":"DoubleSpark","floor":22},{"not_picked":["FairyDestructionRay","MagicChant","UnstableBomb"],"picked":"SKIP","floor":23},{"not_picked":["MilkyWay","ChargingUp"],"picked":"UltimateShortwave","floor":25},{"not_picked":["FairyDestructionRay","WitchLeyline","ChargeUpSpray"],"picked":"SKIP","floor":27},{"not_picked":["MilkyWay","NonDirectionalLaser","FairyDestructionRay+1"],"picked":"SKIP","floor":29},{"not_picked":["GravityBeat","Occultation","Acceleration+1"],"picked":"SKIP","floor":30},{"not_picked":["GravityBeat","Occultation"],"picked":"Acceleration+1","floor":30},{"not_picked":["LuminesStrike","GalacticHalo+1"],"picked":"SporeBomb","floor":34},{"not_picked":["AsteroidBelt+1","GalacticHalo"],"picked":"OortCloud+1","floor":35},{"not_picked":["GalacticHalo","PowerUp","AsteroidBelt+1"],"picked":"SKIP","floor":37},{"not_picked":["MagicAbsorber+1","Singularity+1"],"picked":"BlazeAway","floor":38}],"player_experience":640883,"relics_obtained":[{"floor":9,"key":"Art of War"},{"floor":23,"key":"Lantern"},{"floor":25,"key":"AmplifyWand"},{"floor":26,"key":"Pantograph"}],"event_choices":[{"damage_healed":0,"gold_gain":0,"player_choice":"0 cards matched","damage_taken":0,"max_hp_gain":0,"max_hp_loss":0,"event_name":"Match and Keep!","floor":3,"gold_loss":0,"cards_obtained":[]},{"damage_healed":0,"gold_gain":100,"player_choice":"Pray","damage_taken":0,"max_hp_gain":0,"max_hp_loss":0,"event_name":"Golden Shrine","floor":12,"gold_loss":0},{"damage_healed":16,"gold_gain":0,"player_choice":"Full Heal","damage_taken":0,"max_hp_gain":0,"max_hp_loss":0,"event_name":"Wheel of Change","floor":21,"gold_loss":0},{"cards_removed":["Strike_MRS"],"damage_healed":0,"gold_gain":0,"player_choice":"Card Removal","damage_taken":0,"max_hp_gain":0,"max_hp_loss":0,"event_name":"Wheel of Change","floor":36,"gold_loss":0}],"is_beta":false,"boss_relics":[{"not_picked":["Coffee Dripper","Abe\u0027s Treasure"],"picked":"SlaversCollar"},{"not_picked":["Snecko Eye","SacredBark"],"picked":"Tiny House"}],"items_purged_floors":[2,20,31],"is_endless":false,"potions_floor_spawned":[5,10,22,23,25,29,35,37],"killed_by":"Jaw Worm Horde","ascension_level":0}}