{"host":"fdygo2eyay5jyda5","time":1614068776,"event":{"mods":["2.2 Compatiblity","AchievementEnabler","BaseMod","Colored Map","Colored Powertips","DeckTracker","Minty Spire (QoL Compilation)","Quick Restart","Random Character Button","Rare Cards Sparkle"],"gold_per_floor":[115,27,47,63,81,115,115,142,169,169,169,183,210,240,240,344,344,358,358,358,374,392,427,452,239,239,254,254,254,254,254,254,353,353,371,388,399,499,499,499,250,267,313,313,313,7,7,24,24,24,24,24,24,58,58,58],"floor_reached":55,"language":"POL","playtime":4748,"items_purged":["Strike_G","Strike_G"],"score":732,"play_id":"9d54f3aa-99bf-4af0-b8a8-6fbdded486ea","local_time":"20210223092616","is_ascension_mode":false,"campfire_choices":[{"data":"Neutralize","floor":7.0,"key":"SMITH"},{"data":"Backstab","floor":11.0,"key":"SMITH"},{"data":"Cloak And Dagger","floor":15.0,"key":"SMITH"},{"floor":28.0,"key":"RECALL"},{"data":"After Image","floor":32.0,"key":"SMITH"},{"data":"Backstab","floor":40.0,"key":"SMITH"},{"data":"Cloak And Dagger","floor":44.0,"key":"SMITH"},{"data":"Blade Dance","floor":47.0,"key":"SMITH"},{"data":"Dodge and Roll","floor":49.0,"key":"SMITH"},{"data":"Blade Dance","floor":52.0,"key":"SMITH"}],"circlet_count":0,"master_deck":["Strike_G","Strike_G","Strike_G","Defend_G","Defend_G","Defend_G","Defend_G","Defend_G","Survivor","Neutralize+1","Dagger Throw","Backstab+1","Blade Dance+1","Blade Dance+1","Cloak And Dagger+1","After Image+1","CurseOfTheBell","Cloak And Dagger+1","Backstab+1","Dodge and Roll+1","Masterful Stab+1","Accuracy","Deflect","Bullet Time","Backstab+1","Endless Agony","Terror+1","Accuracy+1"],"relics":["Ring of the Snake","Centennial Puzzle","Juzu Bracelet","Oddly Smooth Stone","PreservedInsect","Thread and Needle","Calling Bell","Boot","Kunai","FossilizedHelix","MutagenicStrength","MawBank","Nilry\u0027s Codex","Runic Pyramid","Lantern","Turnip","Bag of Marbles"],"acts_visited":["Exordium","TheCity","TheBeyond","TheEnding"],"potions_floor_usage":[],"damage_taken":[{"damage":2.0,"enemies":"Small Slimes","floor":1.0,"turns":5.0},{"damage":0.0,"enemies":"Cultist","floor":3.0,"turns":3.0},{"damage":0.0,"enemies":"2 Louse","floor":4.0,"turns":3.0},{"damage":3.0,"enemies":"Gremlin Gang","floor":5.0,"turns":6.0},{"damage":0.0,"enemies":"Lagavulin","floor":6.0,"turns":5.0},{"damage":4.0,"enemies":"Gremlin Nob","floor":8.0,"turns":3.0},{"damage":0.0,"enemies":"3 Louse","floor":12.0,"turns":2.0},{"damage":5.0,"enemies":"3 Sentries","floor":13.0,"turns":3.0},{"damage":8.0,"enemies":"Slime Boss","floor":16.0,"turns":10.0},{"damage":0.0,"enemies":"Shell Parasite","floor":18.0,"turns":4.0},{"damage":0.0,"enemies":"Spheric Guardian","floor":21.0,"turns":1.0},{"damage":0.0,"enemies":"Cultist and Chosen","floor":22.0,"turns":6.0},{"damage":0.0,"enemies":"Gremlin Leader","floor":23.0,"turns":5.0},{"damage":6.0,"enemies":"Sentry and Sphere","floor":24.0,"turns":6.0},{"damage":0.0,"enemies":"Chosen and Byrds","floor":27.0,"turns":5.0},{"damage":0.0,"enemies":"Centurion and Healer","floor":31.0,"turns":1.0},{"damage":33.0,"enemies":"Collector","floor":33.0,"turns":12.0},{"damage":0.0,"enemies":"Orb Walker","floor":35.0,"turns":2.0},{"damage":15.0,"enemies":"3 Darklings","floor":36.0,"turns":9.0},{"damage":0.0,"enemies":"Transient","floor":37.0,"turns":5.0},{"damage":0.0,"enemies":"4 Shapes","floor":42.0,"turns":7.0},{"damage":0.0,"enemies":"Sphere and 2 Shapes","floor":48.0,"turns":4.0},{"damage":47.0,"enemies":"Time Eater","floor":50.0,"turns":16.0},{"damage":0.0,"enemies":"Shield and Spear","floor":54.0,"turns":5.0},{"damage":81,"enemies":"The Heart","floor":55,"turns":9}],"seed_played":"6450548636706553886","potions_obtained":[{"floor":4.0,"key":"CunningPotion"},{"floor":5.0,"key":"DistilledChaos"},{"floor":6.0,"key":"Regen Potion"},{"floor":8.0,"key":"Fire Potion"},{"floor":13.0,"key":"AttackPotion"},{"floor":21.0,"key":"Block Potion"},{"floor":27.0,"key":"SmokeBomb"},{"floor":36.0,"key":"Poison Potion"},{"floor":37.0,"key":"Regen Potion"},{"floor":54.0,"key":"SmokeBomb"}],"is_trial":false,"path_per_floor":["M","?","M","M","M","E","R","E","T","?","R","M","E","?","R","B",null,"M","?","?","M","M","E","M","$","T","M","R","?","?","M","R","B",null,"M","M","M","?","?","R","$","M","T","R","?","$","R","M","R","B",null,"R","$","E","B"],"character_chosen":"THE_SILENT","items_purchased":["Accuracy","DuplicationPotion","Regen Potion","Endless Agony","Turnip"],"campfire_rested":0,"item_purchase_floors":[25,25,41,41,46],"current_hp_per_floor":[75,75,75,75,72,72,72,68,68,77,77,77,72,72,72,64,77,77,77,77,77,77,77,71,71,71,71,71,71,55,55,55,37,77,77,62,62,62,62,62,62,62,62,62,62,62,62,74,74,42,77,77,77,77,0,0],"gold":58,"neow_bonus":"TEN_PERCENT_HP_BONUS","is_daily":false,"chose_seed":false,"campfire_upgraded":9,"win_rate":0.0,"timestamp":1614068776,"path_taken":["M","?","M","M","?","E","R","E","T","?","R","M","E","?","R","BOSS","M","?","?","M","M","E","M","$","T","M","R","?","?","M","R","BOSS","M","M","M","?","?","R","$","M","T","R","?","$","R","M","R","BOSS","R","$","E","BOSS"],"items_purchased_type":["Card","Potion","Potion","Card","Relic"],"build_version":"2020-12-22","purchased_purges":2,"victory":false,"max_hp_per_floor":[77,77,77,77,77,77,77,77,77,77,77,77,77,77,77,77,77,77,77,77,77,77,77,77,77,77,77,77,77,77,77,77,77,77,77,77,77,77,77,77,77,77,77,77,77,77,77,77,77,77,77,77,77,77,77,77],"card_choices":[{"not_picked":["All Out Attack","Deflect"],"picked":"Dagger Throw","floor":1.0},{"not_picked":["Deflect","Underhanded Strike"],"picked":"Escape Plan","floor":3.0},{"not_picked":["Skewer","Slice"],"picked":"Backstab","floor":4.0},{"not_picked":["Riddle With Holes","Poisoned Stab"],"picked":"Blade Dance","floor":5.0},{"not_picked":["Expertise","Poisoned Stab"],"picked":"Blade Dance","floor":6.0},{"not_picked":["Blur","Eviscerate","Underhanded Strike"],"picked":"SKIP","floor":8.0},{"not_picked":["PiercingWail","Tactician"],"picked":"Cloak And Dagger","floor":12.0},{"not_picked":["Caltrops","Underhanded Strike","Reflex"],"picked":"SKIP","floor":13.0},{"not_picked":["Corpse Explosion","Phantasmal Killer"],"picked":"After Image","floor":16.0},{"not_picked":["Finisher","Dagger Throw"],"picked":"Cloak And Dagger","floor":18.0},{"not_picked":["Bouncing Flask","Flying Knee"],"picked":"Dodge and Roll","floor":21.0},{"not_picked":["Cloak And Dagger","Calculated Gamble","Skewer"],"picked":"SKIP","floor":22.0},{"not_picked":["Tactician","Dagger Throw+1","Adrenaline"],"picked":"SKIP","floor":23.0},{"not_picked":["Flying Knee","Expertise+1"],"picked":"Masterful Stab+1","floor":24.0},{"not_picked":["Slice","Underhanded Strike+1","Dodge and Roll+1"],"picked":"SKIP","floor":27.0},{"not_picked":["Glass Knife","Die Die Die"],"picked":"Bullet Time","floor":33.0},{"not_picked":["Cloak And Dagger+1","Prepared"],"picked":"Backstab","floor":35.0},{"not_picked":["Accuracy","Tactician","Outmaneuver"],"picked":"SKIP","floor":36.0},{"not_picked":["Predator+1","Slice","Dagger Spray+1"],"picked":"SKIP","floor":37.0},{"not_picked":["Underhanded Strike","Sucker Punch","Dagger Spray"],"picked":"SKIP","floor":42.0},{"not_picked":["Prepared","Poisoned Stab+1"],"picked":"Terror+1","floor":48.0},{"not_picked":["Riddle With Holes+1","Footwork+1"],"picked":"Accuracy+1","floor":54.0}],"player_experience":127105,"relics_obtained":[{"floor":6.0,"key":"Juzu Bracelet"},{"floor":8.0,"key":"Oddly Smooth Stone"},{"floor":9.0,"key":"PreservedInsect"},{"floor":13.0,"key":"Thread and Needle"},{"floor":17.0,"key":"Boot"},{"floor":17.0,"key":"Kunai"},{"floor":17.0,"key":"FossilizedHelix"},{"floor":23.0,"key":"MawBank"},{"floor":30.0,"key":"Nilry\u0027s Codex"},{"floor":43.0,"key":"Lantern"},{"floor":54.0,"key":"Bag of Marbles"}],"event_choices":[{"damage_healed":0.0,"max_hp_gain":0.0,"max_hp_loss":0.0,"gold_gain":0.0,"event_name":"WeMeetAgain","player_choice":"Paid Gold","floor":2.0,"gold_loss":88.0,"damage_taken":0.0,"relics_obtained":["Centennial Puzzle"]},{"cards_removed":["Escape Plan"],"damage_healed":9.0,"max_hp_gain":0.0,"max_hp_loss":0.0,"gold_gain":0.0,"event_name":"Bonfire Elementals","player_choice":"Offered Uncommon","floor":10.0,"gold_loss":0.0,"damage_taken":0.0},{"damage_healed":0.0,"max_hp_gain":0.0,"max_hp_loss":0.0,"gold_gain":30.0,"event_name":"Dead Adventurer","player_choice":"Searched \u00271\u0027 times","floor":14.0,"gold_loss":0.0,"damage_taken":0.0},{"damage_healed":0.0,"max_hp_gain":0.0,"max_hp_loss":0.0,"gold_gain":0.0,"event_name":"Drug Dealer","player_choice":"Inject Mutagens","floor":19.0,"gold_loss":0.0,"damage_taken":0.0,"relics_obtained":["MutagenicStrength"]},{"damage_healed":0.0,"max_hp_gain":0.0,"max_hp_loss":0.0,"gold_gain":0.0,"event_name":"Duplicator","player_choice":"Copied","floor":20.0,"gold_loss":0.0,"damage_taken":0.0,"cards_obtained":["Backstab"]},{"damage_healed":0.0,"max_hp_gain":0.0,"max_hp_loss":0.0,"gold_gain":0.0,"event_name":"The Library","player_choice":"Read","floor":29.0,"gold_loss":0.0,"damage_taken":0.0,"cards_obtained":["Deflect"]},{"damage_healed":0.0,"max_hp_gain":0.0,"max_hp_loss":0.0,"gold_gain":0.0,"event_name":"Cursed Tome","player_choice":"Obtained Book","floor":30.0,"gold_loss":0.0,"damage_taken":16.0},{"damage_healed":0.0,"max_hp_gain":0.0,"max_hp_loss":0.0,"gold_gain":100.0,"event_name":"Golden Shrine","player_choice":"Pray","floor":38.0,"gold_loss":0.0,"damage_taken":0.0},{"damage_healed":0.0,"max_hp_gain":0.0,"max_hp_loss":0.0,"gold_gain":0.0,"event_name":"Tomb of Lord Red Mask","player_choice":"Ignored","floor":39.0,"gold_loss":0.0,"damage_taken":0.0},{"damage_healed":0.0,"max_hp_gain":0.0,"max_hp_loss":0.0,"gold_gain":0.0,"event_name":"Mysterious Sphere","player_choice":"Ignored","floor":45.0,"gold_loss":0.0,"damage_taken":0.0}],"is_beta":false,"boss_relics":[{"not_picked":["Tiny House","Empty Cage"],"picked":"Calling Bell"},{"not_picked":["Coffee Dripper","Fusion Hammer"],"picked":"Runic Pyramid"}],"items_purged_floors":[25,41],"is_endless":false,"potions_floor_spawned":[4,5,6,8,13,21,27,31,36,37,54],"killed_by":"The Heart","ascension_level":0}}