{"host":"pku2ezd6xfz92yh2","time":1614047026,"event":{"mods":["AchievementEnabler","BaseMod","Colored Map","Colored Powertips","Minty Spire (QoL Compilation)","Uncapped"],"gold_per_floor":[118,118,35,54,66,93,93,93,93,104,104,104,104,279,279,384,384,401,401,413,18,35,35,49,49,49,49,49,49],"floor_reached":28,"language":"ENG","playtime":1258,"items_purged":["Strike_R"],"score":216,"play_id":"7b6c9300-9bb5-4613-938d-e14470ee2ba1","local_time":"20210222202346","is_ascension_mode":false,"campfire_choices":[{"data":"Rampage","floor":7,"key":"SMITH"},{"data":"Fire Breathing","floor":11,"key":"SMITH"},{"data":"Defend_R","floor":13,"key":"SMITH"},{"floor":15,"key":"REST"},{"data":"Apotheosis","floor":23,"key":"SMITH"},{"floor":25,"key":"REST"},{"data":"Dramatic Entrance","floor":27,"key":"SMITH"}],"circlet_count":0,"master_deck":["Strike_R","Strike_R","Strike_R","Defend_R","Defend_R","Defend_R","Defend_R+1","Bash","Rampage+1","Pummel","Dramatic Entrance+1","Fire Breathing+1","Rampage+1","Sword Boomerang","Clash","Doubt","Impervious","Fire Breathing","Apotheosis+1","Body Slam+1"],"relics":["Burning Blood","Toy Ornithopter","Shuriken","Ginger","Nloth\u0027s Gift","Vajra","Meat on the Bone"],"acts_visited":["Exordium","TheCity"],"potions_floor_usage":[6,16],"damage_taken":[{"damage":6,"enemies":"Small Slimes","floor":1,"turns":4},{"damage":1,"enemies":"Cultist","floor":4,"turns":3},{"damage":0,"enemies":"2 Louse","floor":5,"turns":2},{"damage":17,"enemies":"Gremlin Nob","floor":6,"turns":4},{"damage":0,"enemies":"Large Slime","floor":10,"turns":4},{"damage":52,"enemies":"Hexaghost","floor":16,"turns":8},{"damage":13,"enemies":"3 Byrds","floor":18,"turns":5},{"damage":19,"enemies":"Shell Parasite","floor":20,"turns":5},{"damage":23,"enemies":"Chosen and Byrds","floor":22,"turns":6},{"damage":34,"enemies":"3 Cultists","floor":24,"turns":5},{"damage":45,"enemies":"Snecko","floor":28,"turns":5}],"seed_played":"7099919950552931974","potions_obtained":[{"floor":1,"key":"DuplicationPotion"},{"floor":10,"key":"DistilledChaos"},{"floor":16,"key":"CultistPotion"},{"floor":20,"key":"Ancient Potion"},{"floor":22,"key":"Ancient Potion"}],"is_trial":false,"path_per_floor":["M","?","$","M","M","E","R","$","T","M","R","?","R","?","R","B",null,"M","?","M","$","M","R","M","R","T","R","M"],"character_chosen":"IRONCLAD","items_purchased":["Dramatic Entrance","Vajra","Apotheosis"],"campfire_rested":2,"item_purchase_floors":[3,21,21],"current_hp_per_floor":[80,80,80,80,80,69,69,69,69,75,75,50,50,50,74,33,80,73,73,60,60,43,43,15,39,39,39,0,0],"gold":49,"neow_bonus":"TRANSFORM_CARD","is_daily":false,"chose_seed":false,"campfire_upgraded":5,"win_rate":0.0,"timestamp":1614047026,"path_taken":["M","?","$","M","M","E","R","$","T","?","R","?","R","?","R","BOSS","M","?","M","$","?","R","?","R","T","R","M"],"items_purchased_type":["Card","Relic","Card"],"build_version":"2020-12-22","purchased_purges":1,"victory":false,"max_hp_per_floor":[80,80,80,80,80,80,80,80,80,80,80,80,80,80,80,80,80,80,80,80,80,80,80,80,80,80,80,80,80],"card_choices":[{"not_picked":["Twin Strike","Clothesline"],"picked":"Pummel","floor":1},{"not_picked":["Dark Embrace","Twin Strike"],"picked":"Fire Breathing","floor":4},{"not_picked":["Iron Wave","Body Slam"],"picked":"Rampage","floor":5},{"not_picked":["Bloodletting","Body Slam"],"picked":"Sword Boomerang","floor":6},{"not_picked":["Thunderclap","Pommel Strike"],"picked":"Clash","floor":10},{"not_picked":["Bludgeon","Brutality"],"picked":"Impervious","floor":16},{"not_picked":["Carnage","Bloodletting+1"],"picked":"Fire Breathing","floor":18},{"not_picked":["Dark Embrace","True Grit","Iron Wave"],"picked":"SKIP","floor":20},{"not_picked":["Pommel Strike","Carnage","Body Slam+1"],"picked":"SKIP","floor":22},{"not_picked":["Pommel Strike","Twin Strike"],"picked":"Body Slam+1","floor":24}],"player_experience":1196,"relics_obtained":[{"floor":6,"key":"Toy Ornithopter"},{"floor":9,"key":"Shuriken"},{"floor":26,"key":"Meat on the Bone"}],"event_choices":[{"damage_healed":0,"gold_gain":0,"player_choice":"Forge","damage_taken":0,"max_hp_gain":0,"max_hp_loss":0,"event_name":"Accursed Blacksmith","floor":2,"gold_loss":0,"cards_upgraded":["Rampage"]},{"damage_healed":0,"gold_gain":0,"player_choice":"Success","damage_taken":25,"relics_obtained":["Ginger"],"max_hp_gain":0,"max_hp_loss":0,"event_name":"Scrap Ooze","floor":12,"gold_loss":0},{"damage_healed":0,"gold_gain":175,"player_choice":"AGREE","damage_taken":0,"max_hp_gain":0,"max_hp_loss":0,"event_name":"Liars Game","floor":14,"gold_loss":0,"cards_obtained":["Doubt"]},{"damage_healed":0,"gold_gain":0,"player_choice":"Traded Relic","damage_taken":0,"relics_obtained":["Nloth\u0027s Gift"],"max_hp_gain":0,"max_hp_loss":0,"event_name":"N\u0027loth","floor":19,"relics_lost":["Runic Cube"],"gold_loss":0}],"is_beta":false,"boss_relics":[{"not_picked":["Coffee Dripper","Sozu"],"picked":"Runic Cube"}],"items_purged_floors":[21],"is_endless":false,"potions_floor_spawned":[1,10,16,20,22],"killed_by":"Snecko","ascension_level":0}}