{"host":"l15sdf2mmi0nobpi","time":1614086997,"event":{"mods":["BaseMod","Highlight Path","Minty Spire (QoL Compilation)","Quick Restart","StSLib","TestMod","【功能Mod】Neow奖励"],"gold_per_floor":[116,35,55,55,65,100,116,126,126,126,151,151,168,1,1,79,79,92,92,492,511,525,557,557,587,587,601,631,631,648,666,666,743,743,761,761,814,555,555,586,461,476,476,501,518,531,565,127,127,127,127,127,127,23,57,57],"floor_reached":57,"language":"ZHS","playtime":2020,"items_purged":["Strike_R","Strike_R","Strike_R","Strike_R","Strike_R"],"score":2949,"play_id":"b58a1326-432e-4344-a0ef-d052031d6e61","local_time":"20210223212957","is_ascension_mode":true,"campfire_choices":[{"data":"Armaments","floor":10.0,"key":"SMITH"},{"data":"1","floor":12.0,"key":"LIFT"},{"data":"2","floor":15.0,"key":"LIFT"},{"data":"3","floor":29,"key":"LIFT"},{"floor":32,"key":"RECALL"},{"floor":49,"key":"REST"},{"floor":53,"key":"REST"}],"circlet_count":0,"master_deck":["AscendersBane","Defend_R","Defend_R","Defend_R","Defend_R","Bash","Shockwave","Armaments+1","Evolve","Power Through","Pommel Strike","Feel No Pain","Exhume","testmod-PainDetonator","Power Through+1","Writhe","Evolve+1","Power Through","Armaments+1","Barricade","Shrug It Off+1","Deep Breath+1","Purity+1","Shrug It Off+1","Seeing Red+1","Second Wind+1","testmod-ChaoticCore","Dark Embrace"],"relics":["Burning Blood","testmod-ConstraintPeriapt","testmod-HeartOfStrike","Girya","Magic Flower","Pantograph","Fusion Hammer","Mango","Tiny Chest","Orichalcum","Toxic Egg 2","testmod-Recursion","Regal Pillow","Smiling Mask","Pen Nib","PreservedInsect","Potion Belt","testmod-ObsoleteBoomerang"],"acts_visited":["Exordium","TheCity","TheBeyond","TheEnding"],"potions_floor_usage":[56,56,56,56],"damage_taken":[{"damage":2.0,"enemies":"Jaw Worm","floor":1.0,"turns":3.0},{"damage":7.0,"enemies":"Small Slimes","floor":3.0,"turns":2.0},{"damage":0.0,"enemies":"Cultist","floor":5.0,"turns":2.0},{"damage":10.0,"enemies":"Gremlin Nob","floor":6.0,"turns":3.0},{"damage":5.0,"enemies":"3 Louse","floor":7.0,"turns":2.0},{"damage":0.0,"enemies":"Exordium Wildlife","floor":8.0,"turns":2.0},{"damage":2.0,"enemies":"3 Sentries","floor":11.0,"turns":3.0},{"damage":0.0,"enemies":"2 Fungi Beasts","floor":13.0,"turns":2.0},{"damage":7.0,"enemies":"Slime Boss","floor":16.0,"turns":6.0},{"damage":0.0,"enemies":"Spheric Guardian","floor":18.0,"turns":2.0},{"damage":0.0,"enemies":"3 Byrds","floor":21.0,"turns":2.0},{"damage":16.0,"enemies":"Centurion and Healer","floor":22.0,"turns":3.0},{"damage":0.0,"enemies":"Slavers","floor":23.0,"turns":2.0},{"damage":19.0,"enemies":"Book of Stabbing","floor":25.0,"turns":4.0},{"damage":0.0,"enemies":"Snecko","floor":27.0,"turns":4.0},{"damage":24.0,"enemies":"Slavers","floor":28.0,"turns":2.0},{"damage":0,"enemies":"3 Cultists","floor":30,"turns":2},{"damage":0,"enemies":"Snake Plant","floor":31,"turns":3},{"damage":47,"enemies":"Automaton","floor":33,"turns":8},{"damage":0,"enemies":"Orb Walker","floor":35,"turns":3},{"damage":0,"enemies":"Giant Head","floor":40,"turns":8},{"damage":0,"enemies":"3 Darklings","floor":42,"turns":2},{"damage":40,"enemies":"Nemesis","floor":44,"turns":5},{"damage":0,"enemies":"Maw","floor":45,"turns":5},{"damage":0,"enemies":"Sphere and 2 Shapes","floor":46,"turns":1},{"damage":13,"enemies":"Reptomancer","floor":47,"turns":4},{"damage":34,"enemies":"Donu and Deca","floor":50,"turns":7},{"damage":58,"enemies":"Awakened One","floor":51,"turns":13},{"damage":51,"enemies":"Shield and Spear","floor":55,"turns":5},{"damage":73,"enemies":"The Heart","floor":56,"turns":8}],"seed_played":"-3706049790722291397","potions_obtained":[{"floor":1.0,"key":"Ancient Potion"},{"floor":5.0,"key":"DuplicationPotion"},{"floor":11.0,"key":"testmod-SpacePotion"},{"floor":22.0,"key":"AttackPotion"},{"floor":23.0,"key":"DuplicationPotion"},{"floor":46,"key":"PowerPotion"}],"is_trial":false,"path_per_floor":["M","$","M","?","M","E","M","M","T","R","E","R","M","$","R","B",null,"M","?","?","M","M","E","?","E","T","M","E","R","M","M","R","B",null,"M","?","T","$","?","E","$","M","T","E","M","M","E","$","R","B","B",null,"R","$","E","B",null],"character_chosen":"IRONCLAD","items_purchased":["Shockwave","testmod-PainDetonator","Shrug It Off+1","Deep Breath+1","testmod-ChaoticCore","Potion Belt","ColorlessPotion"],"campfire_rested":2,"item_purchase_floors":[2,14,38,38,48,48,54],"current_hp_per_floor":[68,68,68,73,73,69,71,73,73,73,73,73,73,73,73,73,73,73,87,87,87,87,87,87,87,87,87,80,80,87,87,87,87,87,87,83,83,83,73,83,83,83,83,72,83,83,83,83,83,83,83,83,83,83,81,83],"gold":57,"neow_bonus":"ONE_RARE_RELIC","is_daily":false,"chose_seed":false,"campfire_upgraded":1,"win_rate":0.0,"timestamp":1614086997,"path_taken":["M","$","M","?","M","E","M","M","T","R","E","R","M","$","R","BOSS","M","?","?","M","M","E","?","E","T","M","E","R","?","M","R","BOSS","M","?","?","$","?","E","$","M","T","E","M","M","E","?","R","BOSS","BOSS","R","$","E","BOSS"],"items_purchased_type":["Card","Card","Card","Card","Card","Relic","Potion"],"build_version":"2020-12-22","purchased_purges":5,"victory":true,"max_hp_per_floor":[68,68,68,73,73,73,73,73,73,73,73,73,73,73,73,73,73,73,87,87,87,87,87,87,87,87,87,87,87,87,87,87,87,87,87,83,83,83,83,83,83,83,83,83,83,83,83,83,83,83,83,83,83,83,83,83],"card_choices":[{"not_picked":["Ghostly Armor","Carnage","Hemokinesis"],"picked":"SKIP","floor":1.0},{"not_picked":["Blood for Blood","Shockwave","Anger"],"picked":"SKIP","floor":3.0},{"not_picked":["Sentinel","Spot Weakness"],"picked":"Armaments","floor":5.0},{"not_picked":["Shrug It Off","Sword Boomerang"],"picked":"Evolve","floor":6.0},{"not_picked":["Wild Strike","Sword Boomerang"],"picked":"Power Through","floor":7.0},{"not_picked":["Rage","Thunderclap"],"picked":"Pommel Strike","floor":8.0},{"not_picked":["Perfected Strike","Wild Strike"],"picked":"Feel No Pain","floor":11.0},{"not_picked":["Exhume","Sever Soul","Clash"],"picked":"SKIP","floor":13.0},{"not_picked":["Sever Soul","Clash"],"picked":"Exhume","floor":13.0},{"not_picked":["Clothesline","Dropkick"],"picked":"Power Through+1","floor":18.0},{"not_picked":["Perfected Strike","Rampage","Wild Strike"],"picked":"SKIP","floor":21.0},{"not_picked":["Whirlwind","Searing Blow"],"picked":"Evolve+1","floor":22.0},{"not_picked":["Pommel Strike","Headbutt","Thunderclap"],"picked":"SKIP","floor":23.0},{"not_picked":["Twin Strike+1","Feel No Pain","True Grit"],"picked":"SKIP","floor":25.0},{"not_picked":["Immolate","Thunderclap","Body Slam"],"picked":"SKIP","floor":27.0},{"not_picked":["Feed","Cleave","Flame Barrier+1"],"picked":"SKIP","floor":28},{"not_picked":["Clothesline","Heavy Blade"],"picked":"Armaments+1","floor":30},{"not_picked":["Clash","Headbutt","Sword Boomerang"],"picked":"SKIP","floor":31},{"not_picked":["Fiend Fire","Berserk"],"picked":"Barricade","floor":33},{"not_picked":["Sword Boomerang","Armaments+1","Body Slam+1"],"picked":"SKIP","floor":35},{"not_picked":["Flash of Steel","Sadistic Nature"],"picked":"Purity+1","floor":39},{"not_picked":["Intimidate+1","Wild Strike","Headbutt"],"picked":"SKIP","floor":40},{"not_picked":["Cleave","Dropkick"],"picked":"Shrug It Off+1","floor":42},{"not_picked":["Power Through+1","Dual Wield+1"],"picked":"Seeing Red+1","floor":44},{"not_picked":["Combust","Intimidate+1","Sentinel+1"],"picked":"SKIP","floor":45},{"not_picked":["Twin Strike","Rampage"],"picked":"Second Wind+1","floor":46},{"not_picked":["Armaments+1","Iron Wave","Uppercut+1"],"picked":"SKIP","floor":47},{"not_picked":["Thunderclap","Havoc+1"],"picked":"Dark Embrace","floor":55}],"player_experience":594298,"relics_obtained":[{"floor":6.0,"key":"Girya"},{"floor":9.0,"key":"Magic Flower"},{"floor":11.0,"key":"Pantograph"},{"floor":23.0,"key":"Tiny Chest"},{"floor":25.0,"key":"Orichalcum"},{"floor":26.0,"key":"Toxic Egg 2"},{"floor":40,"key":"Regal Pillow"},{"floor":43,"key":"Smiling Mask"},{"floor":44,"key":"Pen Nib"},{"floor":47,"key":"PreservedInsect"},{"floor":55,"key":"testmod-ObsoleteBoomerang"}],"event_choices":[{"damage_healed":0.0,"max_hp_gain":5.0,"max_hp_loss":0.0,"gold_gain":0.0,"event_name":"Big Fish","player_choice":"Donut","floor":4.0,"gold_loss":0.0,"damage_taken":0.0},{"damage_healed":0.0,"max_hp_gain":0.0,"max_hp_loss":0.0,"gold_gain":0.0,"event_name":"The Mausoleum","player_choice":"Opened","floor":19.0,"gold_loss":0.0,"damage_taken":0.0,"relics_obtained":["Mango"],"cards_obtained":["Writhe"]},{"damage_healed":0.0,"max_hp_gain":0.0,"max_hp_loss":0.0,"gold_gain":400.0,"event_name":"恩洛斯的盘子","player_choice":"Sell","floor":20.0,"relics_lost":["testmod-TestBox"],"gold_loss":0.0,"damage_taken":0.0},{"damage_healed":0.0,"max_hp_gain":0.0,"max_hp_loss":0.0,"gold_gain":0.0,"event_name":"Match and Keep!","player_choice":"1 cards matched","floor":24.0,"gold_loss":0.0,"damage_taken":0.0,"cards_obtained":["Power Through"]},{"damage_healed":0,"gold_gain":0,"player_choice":"Max HP","damage_taken":0,"max_hp_gain":0,"max_hp_loss":4,"event_name":"Winding Halls","floor":36,"gold_loss":0},{"damage_healed":0,"gold_gain":0,"player_choice":"Memory 3","damage_taken":10,"max_hp_gain":0,"max_hp_loss":0,"event_name":"SensoryStone","floor":39,"gold_loss":0}],"is_beta":false,"boss_relics":[{"not_picked":["Busted Crown","testmod-Nine"],"picked":"Fusion Hammer"},{"not_picked":["testmod-Prudence","Philosopher\u0027s Stone"],"picked":"testmod-Recursion"}],"items_purged_floors":[14,38,41,48,54],"is_endless":false,"potions_floor_spawned":[1,5,7,11,22,23,25,31,35,46],"ascension_level":20}}