{"host":"mp4nw1ahnxiisuiw","time":1614104106,"event":{"mods":["AchievementEnabler","BaseMod","Better Note","Block Reminder","Colored Map","Colored Powertips","Curses Come First","DeckTracker","Dio Mod","Hero for Fun","Highlight Path","Koishi","Marisa????????","Minty Spire (QoL Compilation)","Permanent Neow","Quick Restart","Rare Cards Sparkle","Relic Sorter","Relic Stats","Remilia??????","Small Relic Pack","Spikes Relics","StSLib","Td1madao Mod","The Animator","The Bug Knight","Waifu the Spire"],"gold_per_floor":[117,129,147,157,157,184,184,204,204,204,221,221,221],"floor_reached":12,"language":"ENG","playtime":1353,"items_purged":[],"score":82,"play_id":"fe670d80-8c4c-45b7-8af2-9ceff10ab403","local_time":"20210223191506","is_ascension_mode":false,"campfire_choices":[{"data":"Auto Shields","floor":7,"key":"SMITH"}],"circlet_count":0,"master_deck":["Strike_B","Strike_B","Strike_B","Strike_B","Defend_B","Defend_B","Defend_B","Defend_B","Zap","Dualcast","Capacitor","Auto Shields+1","Redo","Blizzard","Steam"],"relics":["relicPack:ShieldShield","Mercury Hourglass"],"acts_visited":["Exordium"],"potions_floor_usage":[12,12],"damage_taken":[{"damage":4,"enemies":"Cultist","floor":1,"turns":4},{"damage":10,"enemies":"Jaw Worm","floor":2,"turns":4},{"damage":8,"enemies":"Small Slimes","floor":3,"turns":4},{"damage":0,"enemies":"3 Louse","floor":4,"turns":2},{"damage":23,"enemies":"Gremlin Nob","floor":6,"turns":4},{"damage":3,"enemies":"Gremlin Gang","floor":8,"turns":4},{"damage":11,"enemies":"Large Slime","floor":11,"turns":4},{"damage":18,"enemies":"3 Sentries","floor":12,"turns":4}],"seed_played":"-8234293082833411839","potions_obtained":[{"floor":8,"key":"BlessingOfTheForge"},{"floor":11,"key":"GamblersBrew"}],"is_trial":false,"path_per_floor":["M","M","M","M","?","E","R","M","T","?","M","E"],"character_chosen":"DEFECT","items_purchased":[],"campfire_rested":0,"item_purchase_floors":[],"current_hp_per_floor":[71,61,53,53,53,30,30,27,27,27,16,0,0],"gold":221,"neow_bonus":"BOSS_RELIC","is_daily":false,"chose_seed":false,"campfire_upgraded":1,"win_rate":0.0,"timestamp":1614104106,"path_taken":["M","M","M","M","?","E","R","M","T","?","M","E"],"items_purchased_type":[],"build_version":"2020-12-22","purchased_purges":0,"victory":false,"max_hp_per_floor":[75,75,75,75,75,75,75,75,75,75,75,75,75],"relic_stats":{"counters":[8,30],"obtain_stats":[{"relicPack:ShieldShield":0,"Cracked Core":0,"Mercury Hourglass":6},{"relicPack:ShieldShield":0,"Cracked Core":0,"Mercury Hourglass":5},{"relicPack:ShieldShield":0,"Cracked Core":0,"Mercury Hourglass":18}],"Mercury Hourglass":[87]},"card_choices":[{"not_picked":["Ball Lightning","Sweeping Beam","Compile Driver"],"picked":"SKIP","floor":1},{"not_picked":["Machine Learning","Beam Cell"],"picked":"Capacitor","floor":2},{"not_picked":["Go for the Eyes","Consume"],"picked":"Auto Shields","floor":3},{"not_picked":["Doom and Gloom","Go for the Eyes"],"picked":"Redo","floor":4},{"not_picked":["Thunder Strike","Redo","Chaos"],"picked":"SKIP","floor":6},{"not_picked":["Compile Driver","Hello World"],"picked":"Blizzard","floor":8},{"not_picked":["DiskWipe","Aggregate"],"picked":"Steam","floor":11}],"player_experience":108725,"relics_obtained":[{"floor":6,"key":"Mercury Hourglass"}],"event_choices":[{"damage_healed":0,"gold_gain":0,"player_choice":"Ignored","damage_taken":0,"max_hp_gain":0,"max_hp_loss":0,"event_name":"Liars Game","floor":5,"gold_loss":0},{"damage_healed":0,"gold_gain":0,"player_choice":"Searched \u00270\u0027 times","damage_taken":0,"max_hp_gain":0,"max_hp_loss":0,"event_name":"Dead Adventurer","floor":10,"gold_loss":0}],"is_beta":false,"boss_relics":[],"items_purged_floors":[],"is_endless":false,"potions_floor_spawned":[8,11],"killed_by":"3 Sentries","ascension_level":0}}