{"host":"i0avyit1s6jb1siw","time":1614075720,"event":{"mods":["BaseMod","DeckTracker","Dota2Spire","Minty Spire (QoL Compilation)","Quick Restart","StSLib","SuperFastMode"],"gold_per_floor":[113,127,127,127,127,127,161,174,174,197,197,197,212,212,246,51,51,123,123,139,157,157,157,167,167,84,95,95,95,112,128,153,153,153],"floor_reached":33,"language":"ENG","playtime":623,"items_purged":["Strike_R"],"score":550,"play_id":"a50a4342-8a4b-48be-84c6-9b3c2bf1f5b1","local_time":"20210223112200","is_ascension_mode":true,"campfire_choices":[{"floor":6,"key":"REST"},{"floor":9,"key":"REST"},{"data":"Uppercut","floor":14,"key":"SMITH"},{"data":"Hemokinesis","floor":17,"key":"SMITH"},{"floor":25,"key":"RECALL"},{"data":"Shockwave","floor":29,"key":"SMITH"}],"circlet_count":0,"master_deck":["AscendersBane","Bash","Wild Strike","Uppercut+1","Fiend Fire","Feel No Pain","Feel No Pain","Shrug It Off","Hemokinesis+1","Impervious","Anger","Berserk","Rupture","Seeing Red","Thunderclap","Pummel","Disarm+1","Fire Breathing","Armaments+1","Shockwave+1","Rage"],"relics":["Burning Blood","Happy Flower","Bag of Marbles","Strawberry","Bag of Preparation","Dota2Spire:Vanguard","Pandora\u0027s Box","Smiling Mask"],"acts_visited":["Exordium","TheCity"],"potions_floor_usage":[15,18,32,32,32],"damage_taken":[{"damage":14,"enemies":"Jaw Worm","floor":1,"turns":4},{"damage":7,"enemies":"Small Slimes","floor":2,"turns":3},{"damage":47,"enemies":"3 Sentries","floor":7,"turns":10},{"damage":1,"enemies":"Cultist","floor":8,"turns":3},{"damage":13,"enemies":"Blue Slaver","floor":13,"turns":3},{"damage":18,"enemies":"Lagavulin","floor":15,"turns":5},{"damage":20,"enemies":"The Guardian","floor":18,"turns":12},{"damage":4,"enemies":"Chosen","floor":20,"turns":4},{"damage":17,"enemies":"3 Byrds","floor":21,"turns":6},{"damage":2,"enemies":"Snake Plant","floor":24,"turns":2},{"damage":27,"enemies":"Chosen and Byrds","floor":27,"turns":6},{"damage":24,"enemies":"Shelled Parasite and Fungi","floor":30,"turns":6},{"damage":4,"enemies":"Snecko","floor":31,"turns":5},{"damage":24,"enemies":"Gremlin Leader","floor":32,"turns":8},{"damage":16,"enemies":"Colosseum Slavers","floor":33,"turns":1}],"seed_played":"-1783814107282224037","potions_obtained":[{"floor":7,"key":"EntropicBrew"},{"floor":15,"key":"BloodPotion"},{"floor":18,"key":"EntropicBrew"}],"is_trial":false,"path_per_floor":["M","M","?","?","?","R","E","M","R","T","T","?","M","R","E","$","R","B",null,"M","M","?","?","M","R","$","M","T","R","M","M","E","?"],"character_chosen":"IRONCLAD","items_purchased":["Shrug It Off","Hemokinesis","Shockwave"],"campfire_rested":2,"item_purchase_floors":[16,16,26],"current_hp_per_floor":[60,59,36,29,29,51,10,15,37,44,44,49,42,42,30,30,30,33,74,76,65,65,65,69,69,69,48,48,48,30,32,14,0,0],"gold":153,"neow_bonus":"RANDOM_COMMON_RELIC","is_daily":false,"chose_seed":false,"campfire_upgraded":3,"win_rate":0.0,"timestamp":1614075720,"path_taken":["M","M","?","?","?","R","E","M","R","T","T","?","M","R","E","$","R","BOSS","M","M","?","?","M","R","$","?","T","R","M","M","E","?"],"items_purchased_type":["Card","Card","Card"],"build_version":"2020-12-22","purchased_purges":1,"victory":false,"max_hp_per_floor":[75,75,75,75,75,75,75,75,75,82,82,87,87,87,87,87,87,87,87,87,87,87,87,87,87,87,87,87,87,87,87,87,87,87],"card_choices":[{"not_picked":["Evolve","Infernal Blade"],"picked":"Wild Strike","floor":1},{"not_picked":["True Grit","Heavy Blade"],"picked":"Uppercut","floor":2},{"not_picked":["Sentinel","Rupture"],"picked":"Fiend Fire","floor":7},{"not_picked":["Iron Wave","Dark Embrace"],"picked":"Feel No Pain","floor":8},{"not_picked":["True Grit","Twin Strike"],"picked":"Feel No Pain","floor":13},{"not_picked":["Uppercut","Thunderclap","Twin Strike"],"picked":"SKIP","floor":15},{"not_picked":["Berserk","Juggernaut"],"picked":"Impervious","floor":18},{"not_picked":["Entrench","Intimidate+1"],"picked":"Disarm","floor":20},{"not_picked":["Twin Strike","Sword Boomerang+1"],"picked":"Fire Breathing","floor":21},{"not_picked":["Cleave","Rupture"],"picked":"Armaments+1","floor":24},{"not_picked":["Cleave","Combust","Anger"],"picked":"SKIP","floor":27},{"not_picked":["Brutality","Twin Strike","Carnage"],"picked":"SKIP","floor":30},{"not_picked":["Anger","Pommel Strike","Shockwave"],"picked":"SKIP","floor":31},{"not_picked":["Exhume","Thunderclap"],"picked":"Rage","floor":32}],"player_experience":2488725,"relics_obtained":[{"floor":7,"key":"Bag of Marbles"},{"floor":10,"key":"Strawberry"},{"floor":11,"key":"Bag of Preparation"},{"floor":15,"key":"Dota2Spire:Vanguard"},{"floor":32,"key":"Smiling Mask"}],"event_choices":[{"damage_healed":0,"gold_gain":0,"player_choice":"Entered Light","damage_taken":23,"max_hp_gain":0,"max_hp_loss":0,"event_name":"Shining Light","floor":3,"gold_loss":0,"cards_upgraded":["Strike_R","Defend_R"]},{"cards_removed":["Strike_R"],"damage_healed":0,"gold_gain":0,"player_choice":"Card Removal","damage_taken":7,"max_hp_gain":0,"max_hp_loss":0,"event_name":"Golden Wing","floor":4,"gold_loss":0},{"damage_healed":0,"gold_gain":0,"player_choice":"Ignored","damage_taken":0,"max_hp_gain":0,"max_hp_loss":0,"event_name":"Liars Game","floor":5,"gold_loss":0},{"damage_healed":0,"gold_gain":0,"player_choice":"Donut","damage_taken":0,"max_hp_gain":5,"max_hp_loss":0,"event_name":"Big Fish","floor":12,"gold_loss":0},{"cards_removed":["Warcry"],"damage_healed":0,"gold_gain":0,"player_choice":"Elegance","damage_taken":0,"max_hp_gain":0,"max_hp_loss":0,"event_name":"Back to Basics","floor":22,"gold_loss":0},{"damage_healed":0,"gold_gain":0,"player_choice":"Upgraded","damage_taken":0,"max_hp_gain":0,"max_hp_loss":0,"event_name":"Upgrade Shrine","floor":23,"gold_loss":0,"cards_upgraded":["Disarm"]},{"damage_healed":0,"gold_gain":0,"player_choice":"Fight","damage_taken":0,"max_hp_gain":0,"max_hp_loss":0,"event_name":"Colosseum","floor":33,"gold_loss":0}],"is_beta":false,"boss_relics":[{"not_picked":["Calling Bell","Fusion Hammer"],"picked":"Pandora\u0027s Box"}],"items_purged_floors":[16],"is_endless":false,"potions_floor_spawned":[7,15,18,21,31],"killed_by":"Colosseum Slavers","ascension_level":20}}