{"host":"t6r1isv2bex5ovch","time":1614041692,"event":{"mods":["AchievementEnabler","Act Like it!","Aspiration","BaseMod","Better Altar","Better Match","Better Note","Better Sensory Stone","Better Skull","Better Third Choice","Better Vampires","Bossed Relics","Colored Powertips","Displayed Cursed Tome","Evolution","Fox Events","Hubris","Minty Spire (QoL Compilation)","Reliquary","Ruina","StSLib"],"gold_per_floor":[110,110,122,135,151,178,191,207,232,265,265,279,279,309,309,404,404,422,157,157,157,157,187,132,132,157,192,192,192],"floor_reached":28,"language":"ENG","playtime":2156,"items_purged":["Defend_G","Defend_G"],"score":336,"play_id":"8c4b872f-99fe-447f-990d-629134ea06a1","local_time":"20210223115452","is_ascension_mode":true,"campfire_choices":[{"floor":13.0,"key":"RECALL"},{"data":"Infinite Blades","floor":15.0,"key":"SMITH"},{"data":"ruina:CobaltScar","floor":25,"key":"SMITH"}],"circlet_count":0,"master_deck":["Flying Knee","Flying Knee","Flying Knee","Flying Knee","Defend_G","Defend_G","Survivor","Neutralize","Cloak And Dagger","Blade Dance","Infinite Blades+1","Blade Dance","A Thousand Cuts","ruina:CobaltScar+1","Madness","Madness"],"relics":["Ring of the Snake","EVO:Axolotl","reliquary:TatteredRug","Pocketwatch","hubris:PeanutButter","Tiny House","reliquary:Vitrine","hubris:SlimyHat","aspiration:Lifesprig"],"acts_visited":["Exordium","ruina:Briah"],"potions_floor_usage":[28],"damage_taken":[{"damage":4.0,"enemies":"Small Slimes","floor":1.0,"turns":4.0},{"damage":0.0,"enemies":"2 Louse","floor":3.0,"turns":2.0},{"damage":0.0,"enemies":"Cultist","floor":4.0,"turns":3.0},{"damage":1.0,"enemies":"Blue Slaver","floor":5.0,"turns":3.0},{"damage":6.0,"enemies":"Lagavulin","floor":6.0,"turns":4.0},{"damage":5.0,"enemies":"Large Slime","floor":7.0,"turns":6.0},{"damage":5.0,"enemies":"Looter","floor":8.0,"turns":3.0},{"damage":19.0,"enemies":"3 Sentries","floor":10.0,"turns":6.0},{"damage":2.0,"enemies":"Blue Slaver","floor":12.0,"turns":2.0},{"damage":13.0,"enemies":"Gremlin Nob","floor":14.0,"turns":4.0},{"damage":12.0,"enemies":"Slime Boss","floor":16.0,"turns":12.0},{"damage":22.0,"enemies":"ruina:3_Bats","floor":18.0,"turns":4.0},{"damage":47,"enemies":"ruina:Mountain","floor":23,"turns":6},{"damage":28,"enemies":"ruina:RoadHome","floor":27,"turns":5},{"damage":9,"enemies":"ruina:BadWolf","floor":28,"turns":3}],"seed_played":"-4733583707604798028","potions_obtained":[{"floor":1.0,"key":"DuplicationPotion"},{"floor":4.0,"key":"ColorlessPotion"},{"floor":5.0,"key":"Fire Potion"},{"floor":10.0,"key":"BlessingOfTheForge"},{"floor":23,"key":"Block Potion"},{"floor":27,"key":"Weak Potion"}],"is_trial":false,"path_per_floor":["M","?","M","M","M","E","M","M","T","E","?","M","R","E","R","B",null,"M","$","?","?","?","E","$","R","T","E","M"],"character_chosen":"THE_SILENT","items_purchased":["ruina:CobaltScar"],"campfire_rested":0,"item_purchase_floors":[19],"current_hp_per_floor":[73,73,73,73,72,66,61,56,56,37,37,35,35,22,22,10,77,55,55,55,77,77,30,30,30,30,2,0,0],"gold":192,"neow_bonus":"TEN_PERCENT_HP_BONUS","is_daily":false,"chose_seed":false,"campfire_upgraded":2,"win_rate":0.0,"timestamp":1614041692,"path_taken":["M","?","M","M","M","E","M","M","T","E","?","M","R","E","R","BOSS","M","$","?","?","?","E","$","R","T","E","M"],"items_purchased_type":["Card"],"build_version":"2020-12-22","purchased_purges":2,"victory":false,"max_hp_per_floor":[77,77,77,77,77,77,77,77,77,77,77,77,77,77,77,77,77,77,77,77,77,77,77,77,77,77,77,77,77],"card_choices":[{"not_picked":["Leg Sweep","Distraction","Endless Agony"],"picked":"SKIP","floor":1.0},{"not_picked":["Dagger Spray","Backflip"],"picked":"Cloak And Dagger","floor":3.0},{"not_picked":["Dagger Throw","Prepared"],"picked":"Blade Dance","floor":4.0},{"not_picked":["Tactician","Dagger Spray","Distraction"],"picked":"SKIP","floor":5.0},{"not_picked":["Blur","Underhanded Strike"],"picked":"Infinite Blades","floor":6.0},{"not_picked":["Dagger Throw","Slice","Poisoned Stab"],"picked":"SKIP","floor":7.0},{"not_picked":["Sucker Punch","Leg Sweep"],"picked":"Storm of Steel","floor":8.0},{"not_picked":["Dash","hubris:Counter"],"picked":"Blade Dance","floor":10.0},{"not_picked":["Dagger Throw","Acrobatics","Slice"],"picked":"SKIP","floor":12.0},{"not_picked":["Dodge and Roll","Heel Hook","Predator"],"picked":"SKIP","floor":14.0},{"not_picked":["Wraith Form v2","After Image"],"picked":"A Thousand Cuts","floor":16.0},{"not_picked":["Concentrate","Slice","Outmaneuver+1"],"picked":"SKIP","floor":18.0},{"not_picked":["Trip","Dramatic Entrance"],"picked":"Madness","floor":22.0},{"not_picked":["Mind Blast","Impatience"],"picked":"Madness","floor":22.0},{"not_picked":["Prepared","Flying Knee","Heel Hook"],"picked":"SKIP","floor":23},{"not_picked":["Terror","Noxious Fumes","Bane+1"],"picked":"SKIP","floor":27}],"player_experience":371432,"relics_obtained":[{"floor":6.0,"key":"reliquary:TatteredRug"},{"floor":10.0,"key":"Pocketwatch"},{"floor":14.0,"key":"hubris:PeanutButter"},{"floor":23,"key":"reliquary:Vitrine"},{"floor":26,"key":"hubris:SlimyHat"},{"floor":27,"key":"aspiration:Lifesprig"}],"event_choices":[{"damage_healed":0.0,"max_hp_gain":0.0,"max_hp_loss":0.0,"gold_gain":0.0,"event_name":"betterThird:BetterSerpent","player_choice":"Ignored","floor":2.0,"gold_loss":0.0,"damage_taken":110.0},{"cards_removed":["Strike_G"],"damage_healed":0.0,"max_hp_gain":0.0,"max_hp_loss":0.0,"gold_gain":0.0,"event_name":"Living Wall","player_choice":"Forget","floor":11.0,"gold_loss":0.0,"damage_taken":0.0},{"damage_healed":0.0,"max_hp_gain":0.0,"max_hp_loss":0.0,"gold_gain":2.0,"event_name":"betterStone:BetterStone","player_choice":"1","floor":22.0,"gold_loss":0.0,"damage_taken":0.0}],"is_beta":false,"boss_relics":[{"not_picked":["reliquary:RedCape","HoveringKite"],"picked":"Tiny House"}],"items_purged_floors":[19,24],"is_endless":false,"potions_floor_spawned":[1,4,5,10,23,27],"killed_by":"ruina:BadWolf","ascension_level":3}}