{"host":"prxrhpgaxnj4om9r","time":1614091744,"event":{"mods":["AchievementEnabler","BaseMod","Colored Map","DeckTracker","Minty Spire (QoL Compilation)"],"gold_per_floor":[112,130,141,141,54,54,87,97,97,97,124,193,193,193],"floor_reached":13,"language":"KOR","playtime":346,"items_purged":[],"score":111,"play_id":"9aa763ec-05d1-426a-b551-96cce9774394","local_time":"20210223234904","is_ascension_mode":true,"campfire_choices":[{"floor":6,"key":"REST"},{"floor":10,"key":"DIG"}],"circlet_count":0,"master_deck":["Strike_G","Strike_G","Strike_G","Strike_G","Strike_G","Defend_G","Defend_G","Defend_G","Defend_G","Defend_G","Survivor","Neutralize","Acrobatics","All Out Attack","Finisher","After Image","Underhanded Strike","Backflip"],"relics":["Ring of the Snake","Ancient Tea Set","Strawberry","Shovel","Kunai","Gremlin Horn","CeramicFish"],"acts_visited":["Exordium"],"potions_floor_usage":[13,13],"damage_taken":[{"damage":0,"enemies":"Cultist","floor":1,"turns":4},{"damage":6,"enemies":"2 Louse","floor":2,"turns":2},{"damage":12,"enemies":"Jaw Worm","floor":3,"turns":3},{"damage":30,"enemies":"3 Sentries","floor":7,"turns":6},{"damage":0,"enemies":"Lots of Slimes","floor":8,"turns":1},{"damage":0,"enemies":"2 Fungi Beasts","floor":11,"turns":1},{"damage":45,"enemies":"Gremlin Nob","floor":13,"turns":5}],"seed_played":"2359463226934485264","potions_obtained":[{"floor":8,"key":"Weak Potion"},{"floor":11,"key":"DuplicationPotion"}],"is_trial":false,"path_per_floor":["M","M","M","?","?","R","E","M","T","R","M","?","E"],"character_chosen":"THE_SILENT","items_purchased":[],"campfire_rested":1,"item_purchase_floors":[],"current_hp_per_floor":[63,57,45,34,34,57,27,27,27,27,27,27,0,0],"gold":193,"neow_bonus":"RANDOM_COMMON_RELIC","is_daily":false,"chose_seed":false,"campfire_upgraded":0,"win_rate":0.0,"timestamp":1614091744,"path_taken":["M","?","M","?","?","R","E","M","T","R","?","?","E"],"items_purchased_type":[],"build_version":"2020-12-22","purchased_purges":0,"victory":false,"max_hp_per_floor":[70,70,70,77,77,77,77,77,77,77,77,77,77,77],"card_choices":[{"not_picked":["Slice","Dodge and Roll"],"picked":"Acrobatics","floor":1},{"not_picked":["Underhanded Strike","Dagger Throw"],"picked":"All Out Attack","floor":2},{"not_picked":["Skewer","Doppelganger"],"picked":"Finisher","floor":3},{"not_picked":["Blade Dance","Night Terror"],"picked":"After Image","floor":7},{"not_picked":["Bane","Acrobatics"],"picked":"Underhanded Strike","floor":8},{"not_picked":["Cloak And Dagger","Tactician"],"picked":"Backflip","floor":11}],"player_experience":615079,"relics_obtained":[{"floor":7,"key":"Kunai"},{"floor":9,"key":"Gremlin Horn"},{"floor":10,"key":"CeramicFish"}],"event_choices":[{"damage_healed":0,"gold_gain":0,"player_choice":"Success","damage_taken":18,"relics_obtained":["Strawberry"],"max_hp_gain":0,"max_hp_loss":0,"event_name":"Scrap Ooze","floor":4,"gold_loss":0},{"damage_healed":0,"gold_gain":0,"player_choice":"Paid Gold","damage_taken":0,"relics_obtained":["Shovel"],"max_hp_gain":0,"max_hp_loss":0,"event_name":"WeMeetAgain","floor":5,"gold_loss":87},{"damage_healed":0,"gold_gain":69,"player_choice":"Gained Gold","damage_taken":0,"max_hp_gain":0,"max_hp_loss":0,"event_name":"Golden Wing","floor":12,"gold_loss":0}],"is_beta":false,"boss_relics":[],"items_purged_floors":[],"is_endless":false,"potions_floor_spawned":[8,11],"killed_by":"Gremlin Nob","ascension_level":6}}