{"host":"z439itq93uucuvou","time":1614041013,"event":{"mods":["BaseMod","Colored Powertips","Downfall","Jorbs\u0027s Wanderer Trilogy","Minty Spire (QoL Compilation)","StSLib"],"gold_per_floor":[99,113,125,139,151,1,24,51,51,12,12,41,41,61,79,79,79,79],"floor_reached":16,"language":"ENG","playtime":1000,"items_purged":[],"score":143,"play_id":"2219a0de-b168-4cc4-9838-05540fbd2c0d","local_time":"20210222164333","is_ascension_mode":true,"campfire_choices":[{"data":"champ:Taunt","floor":1,"key":"SMITH"},{"data":"champ:EnragedBash","floor":9,"key":"SMITH"},{"data":"champ:FancyFootwork","floor":11,"key":"SMITH"},{"data":"champ:Lariat","floor":13,"key":"SMITH"}],"circlet_count":0,"master_deck":["champ:Strike","champ:Strike","champ:Strike","champ:Strike","champ:Defend","champ:Defend","champ:Defend","champ:Defend","champ:Execute","champ:Taunt+1","champ:EnragedBash+1","champ:Lariat+1","champ:AdrenalArmor","champ:FaceSlap","champ:FancyFootwork+1","champ:RecklessLeap","champ:Haymaker","champ:VampiricStrike","champ:IronFortress","champ:BerserkerStyle"],"relics":["champ:ChampionCrown","Regal Pillow","Oddly Smooth Stone","Bag of Preparation"],"acts_visited":["Exordium"],"potions_floor_usage":[],"damage_taken":[{"damage":10,"enemies":"2 Louse","floor":2,"turns":3},{"damage":24,"enemies":"Cultist","floor":3,"turns":3},{"damage":40,"enemies":"Small Slimes","floor":4,"turns":5},{"damage":57,"enemies":"downfall:LooterAlt","floor":5,"turns":5},{"damage":53,"enemies":"Gremlin Nob","floor":8,"turns":4},{"damage":30,"enemies":"downfall:FleeingMerchant","floor":10,"turns":4},{"damage":49,"enemies":"3 Sentries","floor":12,"turns":7},{"damage":20,"enemies":"3 Louse","floor":14,"turns":2},{"damage":5,"enemies":"Red Slaver","floor":15,"turns":3},{"damage":72,"enemies":"DF_ARCHETYPE_STREAMLINE","floor":16,"turns":7}],"seed_played":"1233071793101127802","potions_obtained":[{"floor":3,"key":"Fire Potion"},{"floor":4,"key":"Strength Potion"},{"floor":12,"key":"champ:CounterPotion"}],"is_trial":false,"path_per_floor":["R","M","M","M","M","?","T","E","R","$","R","E","R","M","M","B"],"character_chosen":"THE_CHAMP","items_purchased":["champ:Haymaker"],"campfire_rested":0,"item_purchase_floors":[10],"current_hp_per_floor":[99,99,95,95,93,109,109,101,101,101,101,77,77,77,72,0,0,0],"gold":79,"neow_bonus":"TEN_PERCENT_HP_BONUS","is_daily":false,"chose_seed":false,"campfire_upgraded":4,"win_rate":0.0,"timestamp":1614041013,"path_taken":["R","M","M","M","M","?","T","E","R","?","R","E","R","M","M","BOSS"],"items_purchased_type":["Card"],"build_version":"2020-12-22","purchased_purges":0,"victory":false,"max_hp_per_floor":[99,99,99,99,99,109,109,109,109,109,109,109,109,109,109,109,109,109],"card_choices":[{"not_picked":["champ:CrownThrow","champ:PreciseThrust"],"picked":"champ:EnragedBash","floor":2},{"not_picked":["champ:ArenaPreparation","champ:CrownThrow"],"picked":"champ:Lariat","floor":3},{"not_picked":["champ:FlashCut","champ:BringItOn"],"picked":"champ:AdrenalArmor","floor":4},{"not_picked":["champ:AdrenalArmor","champ:ShieldSigil"],"picked":"champ:FaceSlap","floor":5},{"not_picked":["champ:FlashCut","champ:SetATrap"],"picked":"champ:FancyFootwork","floor":8},{"not_picked":["champ:FlashCut","champ:StanceDance"],"picked":"champ:RecklessLeap","floor":10},{"not_picked":["champ:ShieldThrow","champ:ShieldSigil"],"picked":"champ:VampiricStrike","floor":12},{"not_picked":["champ:Haymaker","champ:BerserkersShout"],"picked":"champ:IronFortress","floor":14},{"not_picked":["champ:GutPunch","champ:Backstep"],"picked":"champ:BerserkerStyle","floor":15}],"player_experience":1730248,"relics_obtained":[{"floor":7,"key":"Regal Pillow"},{"floor":8,"key":"Oddly Smooth Stone"},{"floor":12,"key":"Bag of Preparation"}],"event_choices":[],"is_beta":false,"boss_relics":[],"items_purged_floors":[],"is_endless":false,"potions_floor_spawned":[3,4,12,14],"killed_by":"DF_ARCHETYPE_STREAMLINE","ascension_level":1}}