{"host":"aapp7ew3jk5k1bvd","time":1614069453,"event":{"mods":["AchievementEnabler","BaseMod","Colored Map","Custom Start","Keyboard Shortcuts","Minty Spire (QoL Compilation)","Permanent Neow","Quick Restart","StSLib","SuperFastMode"],"gold_per_floor":[113,124,199,97,109,109,144,162,162,172,172,188,188,188,188,188,188],"floor_reached":16,"language":"KOR","playtime":362,"items_purged":["Strike_G"],"score":158,"play_id":"0ce5f69f-4d67-4839-a873-8649b543c224","local_time":"20210223173733","is_ascension_mode":true,"campfire_choices":[{"data":"All Out Attack","floor":6,"key":"SMITH"},{"floor":11,"key":"REST"},{"data":"Accuracy","floor":13,"key":"SMITH"},{"floor":15,"key":"REST"}],"circlet_count":0,"master_deck":["AscendersBane","Strike_G","Strike_G","Defend_G","Defend_G","Defend_G","Defend_G","Defend_G","Survivor","Neutralize","Riddle With Holes","Cloak And Dagger","Acrobatics","Acrobatics","All Out Attack+1","Accuracy+1","Cloak And Dagger","Accuracy"],"relics":["Ring of the Snake","Pear","Paper Crane"],"acts_visited":["Exordium"],"potions_floor_usage":[],"damage_taken":[{"damage":0,"enemies":"Jaw Worm","floor":1,"turns":4},{"damage":3,"enemies":"2 Louse","floor":2,"turns":4},{"damage":0,"enemies":"Cultist","floor":5,"turns":4},{"damage":31,"enemies":"Gremlin Nob","floor":7,"turns":5},{"damage":0,"enemies":"2 Fungi Beasts","floor":8,"turns":3},{"damage":8,"enemies":"Blue Slaver","floor":10,"turns":4},{"damage":5,"enemies":"Exordium Wildlife","floor":12,"turns":4},{"damage":49,"enemies":"Hexaghost","floor":16,"turns":12}],"seed_played":"8824308004934277375","potions_obtained":[{"floor":2,"key":"Weak Potion"},{"floor":5,"key":"SmokeBomb"},{"floor":10,"key":"Swift Potion"}],"is_trial":false,"path_per_floor":["M","M","?","$","M","R","E","M","T","M","R","M","R","?","R","B"],"character_chosen":"THE_SILENT","items_purchased":["Acrobatics"],"campfire_rested":2,"item_purchase_floors":[4],"current_hp_per_floor":[63,60,49,49,49,49,28,28,28,20,44,39,39,39,63,14,14],"gold":188,"neow_bonus":"TRANSFORM_CARD","is_daily":false,"chose_seed":false,"campfire_upgraded":2,"win_rate":0.0,"timestamp":1614069453,"path_taken":["M","M","?","$","M","R","E","M","T","M","R","M","R","?","R","BOSS"],"items_purchased_type":["Card"],"build_version":"2020-12-22","purchased_purges":1,"victory":false,"max_hp_per_floor":[70,70,70,70,70,70,80,80,80,80,80,80,80,80,80,80,80],"card_choices":[{"not_picked":["Riddle With Holes","Calculated Gamble"],"picked":"Cloak And Dagger","floor":1},{"not_picked":["Crippling Poison","Bouncing Flask"],"picked":"Acrobatics","floor":2},{"not_picked":["Infinite Blades","Calculated Gamble"],"picked":"All Out Attack","floor":5},{"not_picked":["Slice","Bouncing Flask"],"picked":"Accuracy","floor":7},{"not_picked":["Poisoned Stab","Prepared"],"picked":"Cloak And Dagger","floor":8},{"not_picked":["Slice","Prepared","Endless Agony"],"picked":"SKIP","floor":10},{"not_picked":["PiercingWail","Deadly Poison"],"picked":"Accuracy","floor":12}],"player_experience":1063824,"relics_obtained":[{"floor":7,"key":"Pear"},{"floor":9,"key":"Paper Crane"}],"event_choices":[{"damage_healed":0,"gold_gain":75,"player_choice":"Gather Gold","damage_taken":11,"max_hp_gain":0,"max_hp_loss":0,"event_name":"World of Goop","floor":3,"gold_loss":0},{"cards_removed":["Strike_G"],"damage_healed":0,"gold_gain":0,"player_choice":"Offered Basic","damage_taken":0,"max_hp_gain":0,"max_hp_loss":0,"event_name":"Bonfire Elementals","floor":14,"gold_loss":0}],"is_beta":false,"boss_relics":[],"items_purged_floors":[4],"is_endless":false,"potions_floor_spawned":[2,5,10],"killed_by":"Hexaghost","ascension_level":11}}