{"host":"snggrqcauaf0m8fe","time":1614096138,"event":{"mods":["BaseMod","Minty Spire (QoL Compilation)","Quick Restart"],"gold_per_floor":[119,135,135,310,260,260,286,297,375,134,154,176,176,243,243,344,394,407,443,443,443],"floor_reached":20,"language":"ENG","playtime":567,"items_purged":["Strike_G"],"score":321,"play_id":"b8be0727-e0de-49a4-b979-ff85c701ceba","local_time":"20210223170218","is_ascension_mode":true,"campfire_choices":[{"data":"Blade Dance","floor":6,"key":"SMITH"},{"floor":13,"key":"REST"},{"data":"Blade Dance","floor":15,"key":"SMITH"}],"circlet_count":0,"master_deck":["AscendersBane","Strike_G+1","Strike_G","Strike_G","Strike_G+1","Defend_G+1","Defend_G","Defend_G","Defend_G","Defend_G","Survivor","Neutralize","Blade Dance+1","Blade Dance+1","Cloak And Dagger","Blade Dance","Blade Dance","Footwork"],"relics":["Ring of the Snake","NeowsBlessing","CeramicFish","Blue Candle","PreservedInsect","Happy Flower","Tiny House","Red Mask"],"acts_visited":["Exordium","TheCity"],"potions_floor_usage":[7,11,11,14,16,19],"damage_taken":[{"damage":0,"enemies":"Jaw Worm","floor":1,"turns":1},{"damage":0,"enemies":"Small Slimes","floor":2,"turns":1},{"damage":0,"enemies":"Lagavulin","floor":7,"turns":1},{"damage":0,"enemies":"2 Louse","floor":8,"turns":4},{"damage":0,"enemies":"Exordium Wildlife","floor":11,"turns":3},{"damage":0,"enemies":"Blue Slaver","floor":12,"turns":4},{"damage":0,"enemies":"Gremlin Nob","floor":14,"turns":2},{"damage":39,"enemies":"The Guardian","floor":16,"turns":17},{"damage":1,"enemies":"3 Byrds","floor":18,"turns":5},{"damage":55,"enemies":"Masked Bandits","floor":19,"turns":5}],"seed_played":"7314028374514967865","potions_obtained":[{"floor":1,"key":"BlessingOfTheForge"},{"floor":2,"key":"PowerPotion"},{"floor":7,"key":"Energy Potion"},{"floor":11,"key":"Strength Potion"},{"floor":14,"key":"CunningPotion"},{"floor":17,"key":"Swift Potion"},{"floor":19,"key":"SkillPotion"}],"is_trial":false,"path_per_floor":["M","M","?","?","?","R","E","M","T","$","M","M","R","?","R","B",null,"M","?","?"],"character_chosen":"THE_SILENT","items_purchased":["Blade Dance","PreservedInsect"],"campfire_rested":1,"item_purchase_floors":[10,10],"current_hp_per_floor":[63,63,49,49,49,49,49,49,49,49,49,49,70,70,70,31,65,64,9,0,0],"gold":443,"neow_bonus":"THREE_ENEMY_KILL","is_daily":false,"chose_seed":false,"campfire_upgraded":2,"win_rate":0.0,"timestamp":1614096138,"path_taken":["M","M","?","?","?","R","E","M","T","$","?","M","R","?","R","BOSS","M","?","?"],"items_purchased_type":["Card","Relic"],"build_version":"2020-12-22","purchased_purges":1,"victory":false,"max_hp_per_floor":[70,70,70,70,70,70,70,70,70,70,70,70,70,70,70,70,75,75,75,75,75],"card_choices":[{"not_picked":["Caltrops","Leg Sweep"],"picked":"Blade Dance","floor":1},{"not_picked":["Dash","Dodge and Roll","Reflex"],"picked":"SKIP","floor":2},{"not_picked":["Dagger Throw","Underhanded Strike","Sucker Punch"],"picked":"SKIP","floor":7},{"not_picked":["Acrobatics","Dodge and Roll","Dash"],"picked":"SKIP","floor":8},{"not_picked":["Leg Sweep","Sucker Punch"],"picked":"Cloak And Dagger","floor":11},{"not_picked":["Deadly Poison","Deflect"],"picked":"Blade Dance","floor":12},{"not_picked":["Footwork","Predator"],"picked":"Blade Dance","floor":14},{"not_picked":["Acrobatics","Deadly Poison","Dagger Throw"],"picked":"SKIP","floor":18},{"not_picked":["Caltrops","Heel Hook"],"picked":"Footwork","floor":19}],"player_experience":807211,"relics_obtained":[{"floor":7,"key":"CeramicFish"},{"floor":9,"key":"Blue Candle"},{"floor":19,"key":"Red Mask"}],"event_choices":[{"damage_healed":0,"gold_gain":0,"player_choice":"Entered Light","damage_taken":14,"max_hp_gain":0,"max_hp_loss":0,"event_name":"Shining Light","floor":3,"gold_loss":0,"cards_upgraded":["Defend_G","Strike_G"]},{"damage_healed":0,"gold_gain":175,"player_choice":"AGREE","damage_taken":0,"max_hp_gain":0,"max_hp_loss":0,"event_name":"Liars Game","floor":4,"gold_loss":0,"cards_obtained":["Doubt"]},{"cards_removed":["Doubt"],"damage_healed":0,"gold_gain":0,"player_choice":"Card Removal","damage_taken":0,"max_hp_gain":0,"max_hp_loss":0,"event_name":"The Cleric","floor":5,"gold_loss":50},{"damage_healed":0,"gold_gain":0,"player_choice":"Searched \u00272\u0027 times","damage_taken":0,"relics_obtained":["Happy Flower"],"max_hp_gain":0,"max_hp_loss":0,"event_name":"Dead Adventurer","floor":14,"gold_loss":0},{"damage_healed":0,"gold_gain":0,"player_choice":"Fought Bandits","damage_taken":0,"max_hp_gain":0,"max_hp_loss":0,"event_name":"Masked Bandits","floor":19,"gold_loss":0}],"is_beta":false,"boss_relics":[{"not_picked":["Runic Pyramid","Cursed Key"],"picked":"Tiny House"}],"items_purged_floors":[10],"is_endless":false,"potions_floor_spawned":[1,2,7,11,14,19],"ascension_level":10}}