{"host":"jg1kdgv8lq0s5kn4","time":1614045262,"event":{"mods":["AchievementEnabler","Alarm Clock","AlwaysNeverKeys","BaseMod","Colored Map","Colored Powertips","Gold Saver","Minty Spire (QoL Compilation)","Quick Restart","Remove Card Discount Mod","Shop Mod","Spicy Shops","StSLib","SuperFastMode","The Hierophant","Wide Potions","【功能Mod】Neow奖励","【功能Mod】强力的原版药水","【功能Mod】混沌之环修复补丁","没有小屋子和绿帽子啦","篝火指南"],"gold_per_floor":[813,813,857,286,286,286,361,406,406,474,527,597,338,338,338,497,497,531,571,571,544,540,540,593,593,593,606,444,498,587,660,660,793,793,833,903,903,862,865,822,929,996,1071,1071,1071,445,445,445,445,323,323,323,91,192,102],"floor_reached":56,"language":"ZHS","playtime":3734,"items_purged":["hierophant:Strike_Hierophant","hierophant:Strike_Hierophant","hierophant:Defend_Hierophant","hierophant:Defend_Hierophant","hierophant:Strike_Hierophant","hierophant:Strike_Hierophant","hierophant:Defend_Hierophant","hierophant:Defend_Hierophant","hierophant:RustyCrate","hierophant:RustyCrate+1","Injury","hierophant:RustyCrate+1"],"score":1148,"play_id":"edf46f06-9530-49dd-88f0-5473fdca0439","local_time":"20210223095422","is_ascension_mode":false,"campfire_choices":[{"data":"hierophant:ChurchCoffers","floor":6.0,"key":"SMITH"},{"data":"hierophant:PassingBell","floor":15.0,"key":"SMITH"},{"data":"hierophant:Community","floor":23.0,"key":"SMITH"},{"data":"hierophant:Charity","floor":32.0,"key":"SMITH"},{"floor":45.0,"key":"REST"},{"floor":49.0,"key":"REST"},{"data":"hierophant:WrathOfGod","floor":52,"key":"SMITH"}],"circlet_count":0,"master_deck":["hierophant:Punish","hierophant:ChurchCoffers+1","hierophant:Doubloon","hierophant:Doubloon","hierophant:PassingBell+1","hierophant:Charity+1","hierophant:Doubloon","hierophant:OrnateBuckler","hierophant:Smite","hierophant:Community+1","hierophant:Refuge","hierophant:Doubloon","hierophant:Doubloon","hierophant:Dazzle","hierophant:Doubloon","hierophant:WrathOfGod+1","hierophant:FaithHealing","hierophant:Chorus+1","hierophant:Zeal+1","hierophant:Smite+1","hierophant:Doubloon","hierophant:Doubloon","hierophant:Kindle+1","hierophant:Refuge","hierophant:Upheaval+1","hierophant:Flagellation+1","hierophant:Doubloon+1","hierophant:Doubloon+1","Apotheosis+1","Madness+1","Madness+1","hierophant:Encroach+1","Impatience+1","hierophant:HammerAndAnvil+1"],"relics":["hierophant:PropheticMaskRelic","FossilizedHelix","Potion Belt","Nunchaku","Toy Ornithopter","Frozen Eye","Philosopher\u0027s Stone","Lizard Tail","Boot","Toxic Egg 2","Busted Crown","Mango","Kunai","Bottled Flame","ClockworkSouvenir","Anchor","Juzu Bracelet","Membership Card","Blue Candle"],"acts_visited":["Exordium","TheCity","TheBeyond","TheEnding"],"potions_floor_usage":[53,54,55,55,55,55,55],"damage_taken":[{"damage":3.0,"enemies":"Jaw Worm","floor":1.0,"turns":5.0},{"damage":0.0,"enemies":"2 Louse","floor":3.0,"turns":2.0},{"damage":0.0,"enemies":"Cultist","floor":8.0,"turns":3.0},{"damage":0.0,"enemies":"Gremlin Nob","floor":10.0,"turns":4.0},{"damage":0.0,"enemies":"3 Louse","floor":11.0,"turns":2.0},{"damage":28.0,"enemies":"3 Sentries","floor":12.0,"turns":8.0},{"damage":21.0,"enemies":"Slime Boss","floor":16.0,"turns":27.0},{"damage":5.0,"enemies":"3 Byrds","floor":18.0,"turns":2.0},{"damage":0.0,"enemies":"2 Thieves","floor":19.0,"turns":3.0},{"damage":26.0,"enemies":"Shelled Parasite and Fungi","floor":21.0,"turns":7.0},{"damage":0.0,"enemies":"3 Cultists","floor":24.0,"turns":3.0},{"damage":45.0,"enemies":"Gremlin Leader","floor":27.0,"turns":7.0},{"damage":28.0,"enemies":"Centurion and Healer","floor":29.0,"turns":4.0},{"damage":0.0,"enemies":"Shelled Parasite and Fungi","floor":30.0,"turns":3.0},{"damage":18.0,"enemies":"Book of Stabbing","floor":31.0,"turns":11.0},{"damage":0.0,"enemies":"Champ","floor":33.0,"turns":13.0},{"damage":17.0,"enemies":"Orb Walker","floor":35.0,"turns":4.0},{"damage":49.0,"enemies":"2 Orb Walkers","floor":36.0,"turns":8.0},{"damage":0.0,"enemies":"3 Darklings","floor":39.0,"turns":3.0},{"damage":78.0,"enemies":"Nemesis","floor":40.0,"turns":5.0},{"damage":10.0,"enemies":"Sphere and 2 Shapes","floor":41.0,"turns":3.0},{"damage":30.0,"enemies":"4 Shapes","floor":42.0,"turns":6.0},{"damage":58,"enemies":"Awakened One","floor":50,"turns":10},{"damage":12,"enemies":"Shield and Spear","floor":54,"turns":3},{"damage":89,"enemies":"The Heart","floor":55,"turns":12}],"seed_played":"-6415352152776418818","potions_obtained":[{"floor":8.0,"key":"Weak Potion"},{"floor":10.0,"key":"EssenceOfSteel"},{"floor":12.0,"key":"Explosive Potion"},{"floor":16.0,"key":"ColorlessPotion"},{"floor":18.0,"key":"Fire Potion"},{"floor":21.0,"key":"EssenceOfSteel"},{"floor":29.0,"key":"SteroidPotion"},{"floor":33.0,"key":"Fruit Juice"},{"floor":35.0,"key":"ColorlessPotion"},{"floor":41.0,"key":"GamblersBrew"}],"is_trial":false,"path_per_floor":["M","?","M","$","?","R","?","M","T","E","M","E","$","?","R","B",null,"M","M","?","M","$","R","M","?","T","E","$","M","M","E","R","B",null,"M","?","?","$","M","E","M","M","T","?","R","$","?","?","R","B",null,"R","$","E","B",null],"character_chosen":"HIEROPHANT","items_purchased":["hierophant:Charity","hierophant:OrnateBuckler","hierophant:Smite","Fruit Juice","FossilizedHelix","Frozen Eye","hierophant:Refuge","hierophant:CoinFling","hierophant:Dazzle","hierophant:Refuge","hierophant:Flagellation+1","Apotheosis+1","ClockworkSouvenir","Anchor","Juzu Bracelet","Membership Card","hierophant:Encroach+1","Impatience+1","EntropicBrew","hierophant:HammerAndAnvil+1"],"campfire_rested":2,"item_purchase_floors":[4,4,4,4,4,13,13,13,13,28,38,46,46,46,46,53,53,53,53,53],"current_hp_per_floor":[72,77,77,77,77,77,66,66,66,66,66,38,38,38,38,37,95,95,95,95,69,69,69,69,69,69,34,34,6,16,3,3,33,110,93,58,58,58,58,55,45,15,15,15,52,52,36,36,73,15,124,124,124,112,36],"gold":102,"neow_bonus":"HUNDRED_GOLD","is_daily":false,"chose_seed":false,"campfire_upgraded":5,"win_rate":0.0,"timestamp":1614045262,"path_taken":["M","?","M","$","?","R","?","?","T","E","M","E","?","?","R","BOSS","M","M","?","M","$","R","M","?","T","E","?","?","M","E","R","BOSS","M","?","?","$","M","E","?","M","T","?","R","$","?","?","R","BOSS","R","$","E","BOSS"],"items_purchased_type":["Card","Card","Card","Potion","Relic","Relic","Card","Card","Card","Card","Card","Card","Relic","Relic","Relic","Relic","Card","Card","Potion","Card"],"build_version":"2020-12-22","purchased_purges":12,"victory":true,"max_hp_per_floor":[75,80,80,80,80,80,80,80,80,80,80,80,80,80,80,95,95,95,95,95,95,95,95,95,95,95,95,95,95,95,95,95,110,110,110,124,124,124,124,124,124,124,124,124,124,124,124,124,124,124,124,124,124,124,124],"card_choices":[{"not_picked":["hierophant:Shelter","hierophant:SealAway"],"picked":"hierophant:RustyCrate","floor":1.0},{"not_picked":["hierophant:Empathy","hierophant:Endure"],"picked":"hierophant:PassingBell","floor":3.0},{"not_picked":["hierophant:LocustPlague","hierophant:OrnateJavelin","hierophant:Racketeering"],"picked":"SKIP","floor":8.0},{"not_picked":["hierophant:RecallFunds","hierophant:OrnateBuckler","hierophant:Purify"],"picked":"SKIP","floor":10.0},{"not_picked":["hierophant:AuricShield","hierophant:SolarFlare","hierophant:Encroach"],"picked":"SKIP","floor":11.0},{"not_picked":["hierophant:Doomsaying","hierophant:FlamingChariot"],"picked":"hierophant:Community","floor":12.0},{"not_picked":["hierophant:Levitation","hierophant:Cornucopia"],"picked":"hierophant:WrathOfGod","floor":16.0},{"not_picked":["hierophant:Community","hierophant:Encroach"],"picked":"hierophant:FaithHealing","floor":18.0},{"not_picked":["hierophant:SealAway","hierophant:RustyCrate"],"picked":"hierophant:Chorus+1","floor":19.0},{"not_picked":["hierophant:Bribe+1","hierophant:Glossolalia+1"],"picked":"hierophant:Smite+1","floor":21.0},{"not_picked":["hierophant:Doomsaying","hierophant:FlamingChariot"],"picked":"hierophant:RustyCrate+1","floor":24.0},{"not_picked":["hierophant:HammerAndAnvil+1","hierophant:PassingBell"],"picked":"hierophant:Kindle","floor":27.0},{"not_picked":["hierophant:FlamingChariot","hierophant:CursedGold","hierophant:SealAway"],"picked":"SKIP","floor":29.0},{"not_picked":["hierophant:Community","hierophant:FlamingChariot"],"picked":"hierophant:Upheaval+1","floor":30.0},{"not_picked":["hierophant:Upheaval+1","hierophant:WrathOfGod","hierophant:DisplayOfPower"],"picked":"SKIP","floor":31.0},{"not_picked":["hierophant:Doubloon+1"],"picked":"SKIP","floor":35.0},{"not_picked":["hierophant:Doubloon+1"],"picked":"SKIP","floor":35.0},{"not_picked":["hierophant:Remorse"],"picked":"SKIP","floor":39.0},{"not_picked":[],"picked":"hierophant:RustyCrate+1","floor":40.0},{"not_picked":["hierophant:Sermon+1"],"picked":"SKIP","floor":41.0},{"not_picked":["hierophant:BulkyChest+1"],"picked":"SKIP","floor":42.0},{"not_picked":["hierophant:SecretStash+1"],"picked":"SKIP","floor":54}],"player_experience":34010,"relics_obtained":[{"floor":9.0,"key":"Potion Belt"},{"floor":10.0,"key":"Nunchaku"},{"floor":12.0,"key":"Toy Ornithopter"},{"floor":26.0,"key":"Lizard Tail"},{"floor":27.0,"key":"Boot"},{"floor":31.0,"key":"Toxic Egg 2"},{"floor":36.0,"key":"Mango"},{"floor":40.0,"key":"Kunai"},{"floor":43.0,"key":"Bottled Flame"},{"floor":54,"key":"Blue Candle"}],"event_choices":[{"damage_healed":0.0,"max_hp_gain":5.0,"max_hp_loss":0.0,"gold_gain":0.0,"event_name":"Big Fish","player_choice":"Donut","floor":2.0,"gold_loss":0.0,"damage_taken":0.0},{"damage_healed":0.0,"max_hp_gain":0.0,"max_hp_loss":0.0,"gold_gain":0.0,"event_name":"The Cleric","player_choice":"Leave","floor":5.0,"gold_loss":0.0,"damage_taken":0.0},{"damage_healed":0.0,"max_hp_gain":0.0,"max_hp_loss":0.0,"gold_gain":75.0,"event_name":"World of Goop","player_choice":"Gather Gold","floor":7.0,"gold_loss":0.0,"damage_taken":11.0},{"damage_healed":0.0,"max_hp_gain":0.0,"max_hp_loss":0.0,"gold_gain":0.0,"event_name":"Transmorgrifier","player_choice":"Ignored","floor":14.0,"gold_loss":0.0,"damage_taken":0.0},{"damage_healed":0.0,"max_hp_gain":0.0,"max_hp_loss":0.0,"gold_gain":0.0,"event_name":"The Library","player_choice":"Read","floor":20.0,"gold_loss":0.0,"damage_taken":0.0,"cards_obtained":["hierophant:Zeal"]},{"cards_removed":["hierophant:CoinFling"],"damage_healed":0.0,"max_hp_gain":0.0,"max_hp_loss":0.0,"gold_gain":0.0,"event_name":"Back to Basics","player_choice":"Elegance","floor":25.0,"gold_loss":0.0,"damage_taken":0.0},{"damage_healed":0.0,"max_hp_gain":0.0,"max_hp_loss":0.0,"gold_gain":0.0,"event_name":"Mysterious Sphere","player_choice":"Fight","floor":36.0,"gold_loss":0.0,"damage_taken":0.0},{"cards_removed":["hierophant:Doubloon"],"damage_healed":0.0,"max_hp_gain":0.0,"max_hp_loss":0.0,"gold_gain":0.0,"event_name":"Falling","player_choice":"Removed Skill","floor":37.0,"gold_loss":0.0,"damage_taken":0.0},{"damage_healed":0.0,"max_hp_gain":0.0,"max_hp_loss":0.0,"gold_gain":0.0,"event_name":"Upgrade Shrine","player_choice":"Upgraded","floor":44.0,"gold_loss":0.0,"damage_taken":0.0,"cards_upgraded":["hierophant:Zeal"]},{"damage_healed":0.0,"max_hp_gain":0.0,"max_hp_loss":0.0,"gold_gain":0.0,"event_name":"Winding Halls","player_choice":"Embrace Madness","floor":47.0,"gold_loss":0.0,"damage_taken":16.0,"cards_obtained":["Madness","Madness"]},{"damage_healed":0.0,"max_hp_gain":0.0,"max_hp_loss":0.0,"gold_gain":0.0,"event_name":"Accursed Blacksmith","player_choice":"Forge","floor":48.0,"gold_loss":0.0,"damage_taken":0.0,"cards_upgraded":["hierophant:Kindle"]}],"is_beta":false,"boss_relics":[{"not_picked":["Velvet Choker","Sozu"],"picked":"Philosopher\u0027s Stone"},{"not_picked":["Astrolabe","Runic Dome"],"picked":"Busted Crown"}],"items_purged_floors":[4,4,4,4,13,13,22,22,28,38,53,53],"is_endless":false,"potions_floor_spawned":[8,10,12,16,18,21,29,33,35,41],"ascension_level":0}}