{"host":"am9dcwhv7hq2nlsk","time":1614048962,"event":{"mods":["ATMod(°¢èªMod)","AchievementEnabler","Act Like it!","Aspiration","BaseMod","BetterRewards","Conspire","Custom Start","Dota2Spire","Marisa£¨ìFÓê¡¡Ä§ÀíÉ³£©","Minty Spire (QoL Compilation)","Reimu£¨²©ÀöÁéÃÎ£©","Remilia£¨ÀÙÃ×ÀòÑÇ£©","Replay The Spire","RumiaBox-Â¶Ã×æ«µÄÉñÃØºÐ×Ó","Shop Mod","Spicy Shops","StSLib","TestMod","The Cursed","The Hierophant","UnlockEverythingMod","[IsaacMod]ÒÔÈö¼âËþ","noobMod","¡¾ÒÅÎï¿¨ÅÆ¡¿REMEMod","óô»ðÖ¸ÄÏ"],"gold_per_floor":[115,133,145,157,167,167,195,195,247,172,193,220,45,58,58,129,129,137,181,21,65,82,135,135,135,135,148,157,195,195,226,226,325,325,337,348,426,241,241,267,267,278,278,345,361,370,370,370,370,382,88,117,146,146],"floor_reached":53,"language":"ZHS","playtime":2599,"items_purged":["Defend_R","Strike_R","Strike_R","Strike_R","Defend_R","Strike_R","Defend_R"],"score":3040,"play_id":"7bfa216e-0d0b-4af0-b602-e6591fe3b089","local_time":"20210223105602","is_ascension_mode":true,"campfire_choices":[{"data":"Armaments","floor":6.0,"key":"SMITH"},{"data":"Limit Break","floor":8.0,"key":"SMITH"},{"floor":15.0,"key":"DIG"},{"data":"1","floor":24.0,"key":"LIFT"},{"floor":32.0,"key":"DIG"},{"data":"2","floor":41.0,"key":"LIFT"}],"circlet_count":0,"master_deck":["AscendersBane","Defend_R+1","Bash","AT_FamilyPortrait+1","Strike_R+1","AT_ShrugMaster","AT_CaressingTears+1","Pummel","Limit Break+1","Flex+1","Armaments+1","Limit Break","Heavy Blade","Pot Of Greed","Pot Of Greed","Double Tap+1","Thunderclap","Entrench+1","Offering+1"],"relics":["Burning Blood","AT_ATBox","testmod-TestBox","ice","HushsDoor","REME_ComplimentaryCards","testmod-CrystalShield","SteamSale","Vajra","testmod-CasingShield","Blood Vial","Pen Nib","Calipers","PunchingBag","testmod-Charity","conspire:TreasureMap","Simple Rune","AT_SeraphEmbrace","AT_BellDemon","GuppysPaw","GuppysHead","Orrery","Girya","BloodBag","Lee\u0027s Waffle","Replay:Towering Pillar of Hats","Dota2Spire:MagicBottle","Dota2Spire:LotusOrb","Odd Mushroom","Orichalcum","SSSystem","testmod-LifeArmor","Nunchaku","testmod-PortableAltar","War Paint","aspiration:Nostalgia","hierophant:PropheticMaskRelic","Dota2Spire:HandOfMidas","AT_BladeRuinedKing","Chameleon Ring","Tea:ReiMu","Grinning Jar","MagicDraw1","Toxic Egg 2","testmod-FatalChain","conspire:DeflatedDodgeball","Replay:Wax Seal","testmod-IndustrialRevolution","Dota2Spire:Bloodstone","ReplayTheSpireMod:TigerMarble","HowToJump","Dota2Spire:PhaseBoots","AT_ArcaneBoots","Gremlin Horn","aspiration:AnachronicSnailShell","REME_LimitBreaker","TuHaoJin","PreservedInsect","MerchantsRug","Membership Card","conspire:TopHat"],"acts_visited":["Exordium","TheCity","TheBeyond"],"potions_floor_usage":[53],"damage_taken":[{"damage":0.0,"enemies":"Cultist","floor":1.0,"turns":2.0},{"damage":11.0,"enemies":"conspire:RoseBush","floor":2.0,"turns":3.0},{"damage":0.0,"enemies":"Jaw Worm","floor":3.0,"turns":2.0},{"damage":0.0,"enemies":"Large Slime","floor":4.0,"turns":4.0},{"damage":1.0,"enemies":"2 Fungi Beasts","floor":5.0,"turns":3.0},{"damage":3.0,"enemies":"Gremlin Nob","floor":7.0,"turns":3.0},{"damage":14.0,"enemies":"The Mushroom Lair","floor":11.0,"turns":3.0},{"damage":0.0,"enemies":"Lagavulin","floor":12.0,"turns":3.0},{"damage":0.0,"enemies":"3 Louse","floor":14.0,"turns":1.0},{"damage":0.0,"enemies":"The Guardian","floor":16.0,"turns":5.0},{"damage":14.0,"enemies":"2 Thieves","floor":18.0,"turns":2.0},{"damage":8.0,"enemies":"3 Byrds","floor":19.0,"turns":5.0},{"damage":5.0,"enemies":"conspire:HollyBat","floor":21.0,"turns":5.0},{"damage":2.0,"enemies":"3 Cultists","floor":22.0,"turns":3.0},{"damage":16.0,"enemies":"conspire:Head Lice","floor":23.0,"turns":3.0},{"damage":0.0,"enemies":"Shelled Parasite and Fungi","floor":27.0,"turns":2.0},{"damage":10.0,"enemies":"Snake Plant","floor":28.0,"turns":2.0},{"damage":0.0,"enemies":"3 Cultists","floor":29.0,"turns":2.0},{"damage":0.0,"enemies":"Slavers","floor":31.0,"turns":2.0},{"damage":35.0,"enemies":"Collector","floor":33.0,"turns":3.0},{"damage":0.0,"enemies":"Orb Walker","floor":35.0,"turns":1.0},{"damage":0.0,"enemies":"3 Shapes","floor":36.0,"turns":2.0},{"damage":5.0,"enemies":"2 Orb Walkers","floor":37.0,"turns":2.0},{"damage":0.0,"enemies":"Reptomancer","floor":40.0,"turns":1.0},{"damage":0.0,"enemies":"Spire Growth","floor":42.0,"turns":2.0},{"damage":0.0,"enemies":"Transient","floor":44.0,"turns":3.0},{"damage":0.0,"enemies":"4 Shapes","floor":45.0,"turns":1.0},{"damage":0.0,"enemies":"Jaw Worm Horde","floor":46.0,"turns":1.0},{"damage":0.0,"enemies":"Maw","floor":50.0,"turns":1.0},{"damage":0.0,"enemies":"Awakened One","floor":52.0,"turns":2.0},{"damage":0,"enemies":"Delirium","floor":53,"turns":11}],"seed_played":"2028891495589645550","potions_obtained":[{"floor":5.0,"key":"Explosive Potion"},{"floor":16.0,"key":"GamblersBrew"},{"floor":18.0,"key":"REME_GoldPotion"},{"floor":27.0,"key":"Energy Potion"},{"floor":31.0,"key":"Fire Potion"},{"floor":40.0,"key":"Strength Potion"}],"is_trial":false,"path_per_floor":["M","M","M","M","M","R","E","R","T","$","?","E","$","M","R","B",null,"M","M","$","M","M","E","R","?","T","M","M","M","?","E","R","B",null,"M","M","?","$","?","E","R","M","T","M","M","M","PTL","PTL","?","M","R","B","B"],"character_chosen":"IRONCLAD","items_purchased":["Vajra","Blood Vial","Pen Nib","Calipers","AT_ShrugMaster","testmod-Charity","conspire:TreasureMap","Simple Rune","AT_ArchangelStaff","AT_BellDemon","AT_CaressingTears","Pummel","GuppysHead","Orrery","BloodDonationMachine","Limit Break","Lee\u0027s Waffle","testmod-SpacePotion","Dota2Spire:MagicBottle","Flex+1","Block Potion","SSSystem","aspiration:Nostalgia","Dota2Spire:HandOfMidas","AT_SpeedBoots","MerchantsRug","Membership Card","conspire:TopHat","Entrench+1","Offering+1"],"campfire_rested":0,"item_purchase_floors":[0,0,0,0,0,0,0,0,0,0,0,0,0,0,0,0,0,0,0,0,0,13,20,20,38,51,51,51,51,51],"current_hp_per_floor":[103,99,105,106,107,107,108,108,109,109,102,111,111,112,112,113,113,107,109,109,114,115,106,106,106,106,113,109,114,113,113,112,84,105,112,112,113,112,111,111,110,110,109,111,111,111,110,109,108,108,108,108,108,108],"gold":146,"neow_bonus":"","is_daily":false,"chose_seed":false,"campfire_upgraded":2,"win_rate":0.0,"timestamp":1614048962,"path_taken":["M","M","M","M","M","R","E","R","T","?","?","E","$","?","R","BOSS","M","M","$","M","M","E","R","?","T","M","M","M","?","E","R","BOSS","M","M","?","$","?","E","R","M","T","M","M","M","PTL","PTL","?","?","R","BOSS","BOSS"],"items_purchased_type":["Relic","Relic","Relic","Relic","Card","Relic","Relic","Relic","Relic","Relic","Card","Card","Relic","Relic","Relic","Card","Relic","Potion","Relic","Card","Potion","Relic","Relic","Relic","Relic","Relic","Relic","Relic","Card","Card"],"build_version":"2020-12-22","purchased_purges":7,"victory":false,"max_hp_per_floor":[103,104,105,106,107,107,108,108,109,109,110,111,111,112,112,113,113,114,115,114,115,115,116,115,114,113,113,113,114,113,113,112,113,112,112,112,113,112,111,111,110,110,109,111,111,111,110,109,108,108,108,108,108,108],"card_choices":[{"not_picked":["Perfected Strike","Clothesline"],"picked":"Bomb","floor":0.0},{"not_picked":["Feel No Pain","Hemogenesis"],"picked":"Armaments","floor":0.0},{"not_picked":["conspire:ExplosiveBarrier","Pommel Strike","True Grit"],"picked":"SKIP","floor":1.0},{"not_picked":["Clothesline","ReplayTheSpireMod:Limb From Limb","REME_FearOfPain"],"picked":"SKIP","floor":2.0},{"not_picked":["Thunderclap","Bomb","Anger"],"picked":"SKIP","floor":3.0},{"not_picked":["REME_FearOfPain","AT_BodySlamDance","Wild Strike"],"picked":"SKIP","floor":4.0},{"not_picked":["Clash","Reckless Charge","AT_BodySlamDance"],"picked":"SKIP","floor":5.0},{"not_picked":["Armaments","Warcry"],"picked":"Limit Break","floor":7.0},{"not_picked":["Heavy Blade","ReplayTheSpireMod:Limb From Limb","Armaments"],"picked":"SKIP","floor":12.0},{"not_picked":["Pommel Strike","Abandon","ReplayTheSpireMod:Strike From Hell"],"picked":"SKIP","floor":14.0},{"not_picked":["Armaments","Clash","Shrug It Off"],"picked":"SKIP","floor":18.0},{"not_picked":["Wild Strike","Clash"],"picked":"Heavy Blade","floor":19.0},{"not_picked":["True Grit","Warcry","Sword Boomerang"],"picked":"SKIP","floor":21.0},{"not_picked":["Headbutt","Flex","Life Link"],"picked":"SKIP","floor":22.0},{"not_picked":["Sentinel","True Grit","Flex"],"picked":"SKIP","floor":23.0},{"not_picked":["Intimidate+1","Cleave","ReplayTheSpireMod:Strike From Hell"],"picked":"SKIP","floor":27.0},{"not_picked":["ReplayTheSpireMod:Strike From Hell","Warcry+1","Replay:Undeath\u0027s Touch"],"picked":"SKIP","floor":28.0},{"not_picked":["Uppercut","Replay:Undeath\u0027s Touch","Clash"],"picked":"SKIP","floor":29.0},{"not_picked":["Reckless Charge+1","Headbutt"],"picked":"Double Tap+1","floor":31.0},{"not_picked":["Twin Strike","ReplayReversal+1","Body Slam"],"picked":"SKIP","floor":35.0},{"not_picked":["Wild Strike","Run Through","Clash+1"],"picked":"SKIP","floor":36.0},{"not_picked":["AT_Dispersion","Twin Strike","Clash+1"],"picked":"SKIP","floor":40.0},{"not_picked":["AT_IchimonjiDouble","ReplayReversal+1","Spot Weakness+1"],"picked":"SKIP","floor":42.0},{"not_picked":["Pommel Strike","AT_ShrugMaster","Replay:Undeath\u0027s Touch+1"],"picked":"SKIP","floor":44.0},{"not_picked":["Cleave+1","Evolve","Run Through+1"],"picked":"SKIP","floor":45.0},{"not_picked":["Cleave","Clash","Iron Wave"],"picked":"SKIP","floor":46.0},{"not_picked":["Carnage","Cleave"],"picked":"Thunderclap","floor":50.0}],"player_experience":556944,"relics_obtained":[{"floor":7.0,"key":"Dota2Spire:LotusOrb"},{"floor":11.0,"key":"Odd Mushroom"},{"floor":12.0,"key":"Orichalcum"},{"floor":14.0,"key":"testmod-LifeArmor"},{"floor":15.0,"key":"Nunchaku"},{"floor":18.0,"key":"War Paint"},{"floor":21.0,"key":"AT_BladeRuinedKing"},{"floor":22.0,"key":"Chameleon Ring"},{"floor":23.0,"key":"Tea:ReiMu"},{"floor":23.0,"key":"Grinning Jar"},{"floor":26.0,"key":"MagicDraw1"},{"floor":27.0,"key":"Toxic Egg 2"},{"floor":28.0,"key":"testmod-FatalChain"},{"floor":31.0,"key":"conspire:DeflatedDodgeball"},{"floor":31.0,"key":"AT_TimeSand"},{"floor":32.0,"key":"Replay:Wax Seal"},{"floor":33.0,"key":"testmod-IndustrialRevolution"},{"floor":35.0,"key":"ReplayTheSpireMod:TigerMarble"},{"floor":36.0,"key":"HowToJump"},{"floor":37.0,"key":"Dota2Spire:PhaseBoots"},{"floor":40.0,"key":"Gremlin Horn"},{"floor":40.0,"key":"aspiration:AnachronicSnailShell"},{"floor":43.0,"key":"REME_LimitBreaker"},{"floor":45.0,"key":"TuHaoJin"},{"floor":50.0,"key":"PreservedInsect"}],"event_choices":[{"damage_healed":0.0,"max_hp_gain":0.0,"max_hp_loss":0.0,"gold_gain":0.0,"event_name":"Mushrooms","player_choice":"Fought Mushrooms","floor":11.0,"gold_loss":0.0,"damage_taken":0.0},{"damage_healed":0.0,"max_hp_gain":0.0,"max_hp_loss":0.0,"gold_gain":0.0,"event_name":"Ghosts","player_choice":"Ignored","floor":30.0,"gold_loss":0.0,"damage_taken":0.0},{"damage_healed":0.0,"max_hp_gain":0.0,"max_hp_loss":0.0,"gold_gain":0.0,"event_name":"Mysterious Sphere","player_choice":"Fight","floor":37.0,"gold_loss":0.0,"damage_taken":0.0},{"cards_removed":["Strike_R"],"damage_healed":0.0,"max_hp_gain":0.0,"max_hp_loss":0.0,"gold_gain":0.0,"event_name":"Falling","player_choice":"Removed Attack","floor":49.0,"gold_loss":0.0,"damage_taken":0.0}],"is_beta":false,"boss_relics":[{"not_picked":["aspiration:RitualDagger","REME_DuelDisc"],"picked":"testmod-PortableAltar"},{"not_picked":[]},{"not_picked":["testmod-Prudence","conspire:RoyalGoblet"],"picked":"Dota2Spire:Bloodstone"},{"not_picked":[]}],"items_purged_floors":[0,0,0,10,13,38,51],"is_endless":false,"potions_floor_spawned":[5,7,12,16,18,27,28,31,37,40,46],"killed_by":"Delirium","ascension_level":20}}