{"host":"w2kjv12xyhtt0cv2","time":1614103076,"event":{"mods":["10 clothes from DAL","100% Spire Juice","Act Like it!","BaseMod","Colored Map","Friendly Minions","Gensokyo","GifTheSpireLib","Highlight Path","Hubris","Library of Ruina","Minty Spire (QoL Compilation)","Quick Restart","Relic Stats","Reliquary","Replay The Spire","Ring Of Destiny","Robot Space Explorer","Shop Mod","Spicy Shops","StSLib","The Dragon Tamer","UnlockEverythingMod","Waifu the Spire","[IsaacMod]以撒尖塔","[功能]功能增强和修复MOD","【功能Mod】Neow奖励","【功能Mod】聪明的最终Boss","【遗物卡牌】REMEMod","没有小屋子和绿帽子啦"],"gold_per_floor":[369,319,330,36,36,61,61,91,91,116,126,156,156,176,176,281,281,293,343,343,9,23,53,63,91,391,426,494,528,528,559,559,662,752,763,822,57,57,57,85,85,156,235,260,260,260,290,310,310,310,310,310,399,432,432],"floor_reached":56,"language":"ZHS","playtime":6119,"items_purged":["Doubt","Doubt","RingOfDestiny:Defend_SU","RingOfDestiny:MaliciousBarrier"],"score":2117,"play_id":"c27d7097-7656-46f9-aca4-7c3a99d37224","local_time":"20210224015756","is_ascension_mode":true,"campfire_choices":[{"data":"RingOfDestiny:LazyCloak","floor":15.0,"key":"SMITH"},{"data":"RingOfDestiny:DoomsdayRitual","floor":32.0,"key":"SMITH"},{"data":"RingOfDestiny:DoomsdayProphecy","floor":41.0,"key":"SMITH"},{"data":"BloodyBrimstone","floor":41.0,"key":"SMITH"},{"data":"RingOfDestiny:DoomsdayBlade","floor":45.0,"key":"SMITH"},{"data":"RingOfDestiny:ChainBlade","floor":45.0,"key":"SMITH"},{"floor":49.0,"key":"RECALL"},{"data":"RingOfDestiny:DoomsdayProphecy","floor":52.0,"key":"SMITH"},{"data":"RingOfDestiny:VoodooDoll","floor":52.0,"key":"SMITH"}],"circlet_count":0,"master_deck":["RingOfDestiny:Defend_SU","RingOfDestiny:Strike_SU","RingOfDestiny:Strike_SU+1","RingOfDestiny:Strike_SU","RingOfDestiny:DoomsdayStrike","RingOfDestiny:PowerOfGreed","RingOfDestiny:PowerOfEnvy+1","BloodyBrimstone+1","RobotSpaceExplorer:DroneSwarm","RingOfDestiny:MaliciousBarrier","RingOfDestiny:DoomsdayProphecy+1","RingOfDestiny:DoomsdayRitual+1","RingOfDestiny:ChainBlade+1","RingOfDestiny:VoodooDoll+1","RingOfDestiny:LazyCloak+1","RingOfDestiny:SummonOfDoomsday","RingOfDestiny:CostOfSoul+1","RingOfDestiny:DoomsdayBlade+1","RingOfDestiny:DoomsdayLava","RingOfDestiny:DoomsdayProphecy+1","Madness","Madness","RingOfDestiny:CrownOfPride+1","RingOfDestiny:DoomsdayProphecy+1","Clumsy","RingOfDestiny:LazyCloak","hubris:Insight","REME_ProfessionalPlagiarism"],"relics":["RingOfDestiny:DemonicContract","REME_ComplimentaryCards","HushsDoor","GuppysTail","reliquary:BrokenClock","hubris:Towel","hubris:OldNail","Toy Ornithopter","PageOfTheKnightOfDespair","PageOfTheQueenOfHatred","Singing Bowl","ReplayTheSpireMod:Ring of Addiction","Chameleon Ring","hubris:EmptyBottle","hubris:TerracottaHorce","The Courier","PageOfGreed","BargainBundle","Gremlin Horn","PageOfWrath","PageOfNihil","reliquary:TatteredRug","Old Coin","Whetstone","Juzu Bracelet","hubris:SlimyHat","PageOfSingingMachine","Red Mask","REME_DuelDisc","GuppysHairball","Replay:Baseball","NineVolt","Replay:Arrowhead","ReplayTheSpireMod:Lightbulb","PageOfBigBird","PageOfMercenary","PageOfSpiderBud","PageOfQueenBee","PageOfWrath","REME_CardOfGreed","ReplayFunnel","hubris:NiceRug","hubris:Zylophone","reliquary:Stiletto","reliquary:RosewoodLute","Lantern","hubris:TinFlute","HandDrill","reliquary:GummyVitamins"],"acts_visited":["Exordium","TheCity","TheBeyond","TheEnding"],"potions_floor_usage":[53,53,55],"damage_taken":[{"damage":0.0,"enemies":"Small Slimes","floor":1.0,"turns":3.0},{"damage":0.0,"enemies":"2 Louse","floor":3.0,"turns":3.0},{"damage":21.0,"enemies":"3 Sentries","floor":6.0,"turns":4.0},{"damage":12.0,"enemies":"Lagavulin","floor":8.0,"turns":5.0},{"damage":5.0,"enemies":"Gremlin Nob","floor":10.0,"turns":3.0},{"damage":0.0,"enemies":"Cultist","floor":11.0,"turns":2.0},{"damage":3.0,"enemies":"Lagavulin","floor":12.0,"turns":3.0},{"damage":0.0,"enemies":"Looter","floor":14.0,"turns":2.0},{"damage":4.0,"enemies":"The Guardian","floor":16.0,"turns":6.0},{"damage":0.0,"enemies":"Chosen","floor":18.0,"turns":2.0},{"damage":5.0,"enemies":"Hiden Room Battle","floor":19.0,"turns":4.0},{"damage":0.0,"enemies":"Shell Parasite","floor":22.0,"turns":3.0},{"damage":9.0,"enemies":"Gremlin Leader","floor":23.0,"turns":5.0},{"damage":12.0,"enemies":"Snecko","floor":24.0,"turns":7.0},{"damage":0.0,"enemies":"Slavers","floor":25.0,"turns":3.0},{"damage":0.0,"enemies":"REME_1_Revenger","floor":27.0,"turns":3.0},{"damage":0.0,"enemies":"Gremlin Leader","floor":29.0,"turns":4.0},{"damage":0.0,"enemies":"Masked Bandits","floor":31.0,"turns":1.0},{"damage":0.0,"enemies":"Collector","floor":33.0,"turns":3.0},{"damage":8.0,"enemies":"3 Shapes","floor":35.0,"turns":2.0},{"damage":0.0,"enemies":"3 Darklings","floor":36.0,"turns":3.0},{"damage":5.0,"enemies":"R_Hoarder","floor":40.0,"turns":4.0},{"damage":5.0,"enemies":"Giant Head","floor":42.0,"turns":3.0},{"damage":0.0,"enemies":"R_Hoarder","floor":44.0,"turns":4.0},{"damage":0.0,"enemies":"Nemesis","floor":47.0,"turns":3.0},{"damage":0.0,"enemies":"Maw","floor":48.0,"turns":3.0},{"damage":11.0,"enemies":"Time Eater","floor":50.0,"turns":35.0},{"damage":0,"enemies":"hubris:Merchant","floor":53,"turns":3},{"damage":0,"enemies":"Shield and Spear","floor":54,"turns":1},{"damage":4,"enemies":"LittleHush","floor":55,"turns":14}],"seed_played":"889680852627349699","potions_obtained":[{"floor":1.0,"key":"Dexterity Potion"},{"floor":8.0,"key":"Death Potion"},{"floor":10.0,"key":"Swift Potion"},{"floor":12.0,"key":"FearPotion"},{"floor":13.0,"key":"Languid Potion"},{"floor":13.0,"key":"SteroidPotion"},{"floor":13.0,"key":"LiquidMemories"},{"floor":22.0,"key":"SkillPotion"},{"floor":24.0,"key":"Venom Potion"},{"floor":25.0,"key":"Reflective Coating"},{"floor":28.0,"key":"DistilledChaos"},{"floor":28.0,"key":"SneckoOil"},{"floor":31.0,"key":"REME_GoldPotion"},{"floor":36.0,"key":"PowerPotion"},{"floor":40.0,"key":"Reflective Coating"},{"floor":46.0,"key":"Languid Potion"},{"floor":47.0,"key":"ColorlessPotion"},{"floor":53,"key":"Fire Potion"},{"floor":53,"key":"REME_GoldPotion"},{"floor":53,"key":"REME_GoldPotion"},{"floor":53,"key":"REME_GoldPotion"}],"is_trial":false,"path_per_floor":["M","?","M","$","?","E","?","E","T","E","M","E","?","M","R","B",null,"M","?","?","$","M","E","M","E","T","E","?","E","?","?","R","B",null,"M","M","$","?","?","E","R","E","T","E","R","?","E","M","R_BF","B",null,"R","$","E","B",null],"character_chosen":"Summoner","items_purchased":["reliquary:BrokenClock","RingOfDestiny:MaliciousBarrier","RingOfDestiny:DoomsdayProphecy","BargainBundle","Gremlin Horn","REME_GoldPotion","SteroidPotion","GuppysHairball","RingOfDestiny:DoomsdayLava","Replay:Baseball","NineVolt","RingOfDestiny:DoomsdayProphecy","Replay:Arrowhead","ReplayTheSpireMod:Lightbulb","Diplopia","REME_CardOfGreed","ReplayFunnel"],"campfire_rested":0,"item_purchase_floors":[4,4,4,21,21,21,21,34,34,37,37,37,37,37,53,53,53],"current_hp_per_floor":[80,80,80,80,80,59,59,47,47,42,44,50,50,54,54,74,80,82,71,55,65,73,83,92,94,94,96,98,100,85,96,96,102,83,79,87,87,76,76,79,79,87,87,89,89,89,89,91,91,88,88,88,96,98,80],"gold":432,"neow_bonus":"TWO_FIFTY_GOLD","is_daily":false,"chose_seed":false,"campfire_upgraded":8,"win_rate":0.0,"timestamp":1614103076,"path_taken":["M","?","?","$","?","E","?","E","T","E","?","E","?","M","R","BOSS","M","?","?","?","M","E","M","E","T","E","?","E","?","?","R","BOSS","M","M","$","?","?","E","R","E","T","E","R","?","E","M","R_BF","BOSS","R","$","E","BOSS"],"items_purchased_type":["Relic","Card","Card","Relic","Relic","Potion","Potion","Relic","Card","Relic","Relic","Card","Relic","Relic","Relic","Relic","Relic"],"build_version":"2020-12-22","purchased_purges":4,"victory":true,"max_hp_per_floor":[80,80,80,80,80,80,80,80,80,80,80,80,80,82,82,82,82,82,84,89,89,91,93,92,94,94,96,98,100,100,102,102,102,83,85,87,87,87,87,85,85,87,87,89,89,89,89,91,91,88,88,88,96,98,80],"relic_stats":{"Singing Bowl":40,"Gremlin Horn":[52,65],"counters":[31,141],"Juzu Bracelet":2,"HandDrill":[2],"Whetstone":["RingOfDestiny:PowerOfEnvy","RingOfDestiny:Strike_SU"],"obtain_stats":[{"PageOfTheQueenOfHatred":10,"Gremlin Horn":21,"NineVolt":37,"Whetstone":27,"PageOfSingingMachine":30,"hubris:TerracottaHorce":17,"Old Coin":26,"Diplopia":53,"HandDrill":53,"hubris:TinFlute":53,"KeepersGift":0,"ReplayTheSpireMod:Ring of Addiction":13,"reliquary:TatteredRug":25,"RingOfDestiny:DemonicContract":0,"hubris:Zylophone":53,"Replay:Baseball":37,"reliquary:GummyVitamins":54,"reliquary:BrokenClock":4,"HushsDoor":0,"ReplayFunnel":53,"GuppysTail":1,"Lantern":53,"Singing Bowl":12,"REME_DuelDisc":34,"Juzu Bracelet":28,"hubris:SlimyHat":29,"hubris:EmptyBottle":13,"PageOfSpiderBud":44,"PageOfGreed":19,"PageOfWrath":23,"Chameleon Ring":13,"PageOfMercenary":42,"PageOfQueenBee":47,"PageOfTheKnightOfDespair":9,"Red Mask":31,"BargainBundle":21,"PageOfNihil":24,"The Courier":19,"hubris:Towel":5,"reliquary:RosewoodLute":53,"Replay:Arrowhead":37,"reliquary:Stiletto":53,"GuppysHairball":34,"PageOfBigBird":40,"REME_CardOfGreed":53,"ReplayTheSpireMod:Lightbulb":37,"hubris:OldNail":6,"Toy Ornithopter":8,"REME_ComplimentaryCards":0,"hubris:NiceRug":53},{"PageOfTheQueenOfHatred":5,"Gremlin Horn":11,"NineVolt":22,"Whetstone":17,"PageOfSingingMachine":18,"hubris:TerracottaHorce":9,"Old Coin":16,"Diplopia":28,"HandDrill":29,"hubris:TinFlute":29,"KeepersGift":0,"ReplayTheSpireMod:Ring of Addiction":7,"reliquary:TatteredRug":16,"RingOfDestiny:DemonicContract":0,"hubris:Zylophone":29,"Replay:Baseball":22,"reliquary:GummyVitamins":30,"reliquary:BrokenClock":2,"HushsDoor":0,"ReplayFunnel":28,"GuppysTail":1,"Lantern":29,"Singing Bowl":7,"REME_DuelDisc":20,"Juzu Bracelet":17,"hubris:SlimyHat":18,"hubris:EmptyBottle":7,"PageOfSpiderBud":25,"PageOfGreed":11,"PageOfWrath":13,"Chameleon Ring":7,"PageOfMercenary":24,"PageOfQueenBee":26,"PageOfTheKnightOfDespair":4,"Red Mask":19,"BargainBundle":11,"PageOfNihil":15,"The Courier":11,"hubris:Towel":2,"reliquary:RosewoodLute":29,"Replay:Arrowhead":22,"reliquary:Stiletto":29,"GuppysHairball":20,"PageOfBigBird":23,"REME_CardOfGreed":28,"ReplayTheSpireMod:Lightbulb":22,"hubris:OldNail":3,"Toy Ornithopter":4,"REME_ComplimentaryCards":0,"hubris:NiceRug":29},{"PageOfTheQueenOfHatred":18,"Gremlin Horn":37,"NineVolt":71,"Whetstone":58,"PageOfSingingMachine":62,"hubris:TerracottaHorce":31,"Old Coin":55,"Diplopia":123,"HandDrill":126,"hubris:TinFlute":126,"KeepersGift":0,"ReplayTheSpireMod:Ring of Addiction":23,"reliquary:TatteredRug":55,"RingOfDestiny:DemonicContract":0,"hubris:Zylophone":126,"Replay:Baseball":71,"reliquary:GummyVitamins":127,"reliquary:BrokenClock":6,"HushsDoor":0,"ReplayFunnel":123,"GuppysTail":3,"Lantern":126,"Singing Bowl":23,"REME_DuelDisc":66,"Juzu Bracelet":58,"hubris:SlimyHat":62,"hubris:EmptyBottle":23,"PageOfSpiderBud":82,"PageOfGreed":37,"PageOfWrath":45,"Chameleon Ring":23,"PageOfMercenary":78,"PageOfQueenBee":85,"PageOfTheKnightOfDespair":15,"Red Mask":63,"BargainBundle":37,"PageOfNihil":52,"The Courier":37,"hubris:Towel":6,"reliquary:RosewoodLute":126,"Replay:Arrowhead":71,"reliquary:Stiletto":126,"GuppysHairball":66,"PageOfBigBird":75,"REME_CardOfGreed":123,"ReplayTheSpireMod:Lightbulb":71,"hubris:OldNail":10,"Toy Ornithopter":15,"REME_ComplimentaryCards":0,"hubris:NiceRug":126}],"Toy Ornithopter":65},"card_choices":[{"not_picked":[],"picked":"BloodyBrimstone","floor":0.0},{"not_picked":["RingOfDestiny:GreedySummon","RingOfDestiny:DemonGovernor","RingOfDestiny:RingOfGreed"],"picked":"SKIP","floor":1.0},{"not_picked":["RingOfDestiny:RingOfGreed","RingOfDestiny:MaliciousBlade","RingOfDestiny:TortureBlade"],"picked":"SKIP","floor":3.0},{"not_picked":["RingOfDestiny:SoulAccumulation","RingOfDestiny:MaliciousRelease"],"picked":"RingOfDestiny:DoomsdayRitual","floor":6.0},{"not_picked":["RingOfDestiny:SoulDiversion","RingOfDestiny:DoomsdayMadness"],"picked":"RingOfDestiny:ChainBlade","floor":8.0},{"not_picked":["RingOfDestiny:EnvyNecklace","RingOfDestiny:GreedySummon"],"picked":"RingOfDestiny:VoodooDoll","floor":10.0},{"not_picked":["RingOfDestiny:PowerOfEnvy","RingOfDestiny:SoulAccumulation","RingOfDestiny:Demonic"],"picked":"SKIP","floor":11.0},{"not_picked":["RingOfDestiny:MaliciousRelease","RingOfDestiny:HegemonyOfDevil"],"picked":"RingOfDestiny:LazyCloak","floor":12.0},{"not_picked":["RingOfDestiny:SongOfDoomsday","RingOfDestiny:MaliciousErode","RingOfDestiny:RingOfGreed"],"picked":"Singing Bowl","floor":14.0},{"not_picked":["RingOfDestiny:DoomsdayLava","RingOfDestiny:PowerOfWrath"],"picked":"RingOfDestiny:SummonOfDoomsday","floor":16.0},{"not_picked":["RingOfDestiny:PowerOfGluttony+1","RingOfDestiny:DoomsdayMeteorite"],"picked":"RingOfDestiny:CostOfSoul+1","floor":18.0},{"not_picked":["RingOfDestiny:MaliciousConversion","RingOfDestiny:TortureBlade","RingOfDestiny:DemonSkin+1"],"picked":"Singing Bowl","floor":19.0},{"not_picked":["RingOfDestiny:Demonic","RingOfDestiny:TortureBlade","RingOfDestiny:MaliciousRelease+1"],"picked":"Singing Bowl","floor":22.0},{"not_picked":["RingOfDestiny:MaskOfSuffering+1","RingOfDestiny:MaliciousConversion","RingOfDestiny:RingOfGreed"],"picked":"Singing Bowl","floor":23.0},{"not_picked":["RingOfDestiny:MaskOfSuffering+1","RingOfDestiny:SarcasticSword","RingOfDestiny:EnvyNecklace"],"picked":"Singing Bowl","floor":24.0},{"not_picked":["RingOfDestiny:EndlessDesire+1","RingOfDestiny:TemptingFruits+1","RingOfDestiny:MaliciousErode"],"picked":"Singing Bowl","floor":25.0},{"not_picked":["RingOfDestiny:SarcasticSword","RingOfDestiny:Demonic","RingOfDestiny:MaliciousConversion"],"picked":"Singing Bowl","floor":27.0},{"not_picked":["RingOfDestiny:RingOfGreed","RingOfDestiny:SummonOfDoomsday","RingOfDestiny:Demonic"],"picked":"Singing Bowl","floor":28.0},{"not_picked":["RingOfDestiny:DoomsdayStrike","RingOfDestiny:Demonic","RingOfDestiny:EndlessDesire"],"picked":"Singing Bowl","floor":29.0},{"not_picked":["RingOfDestiny:DoomsdayStrike","RingOfDestiny:EnvyNecklace","RingOfDestiny:SarcasticSword+1"],"picked":"Singing Bowl","floor":31.0},{"not_picked":["RingOfDestiny:CrownOfPride+1","RingOfDestiny:DevilKing"],"picked":"RingOfDestiny:DoomsdayBlade","floor":33.0},{"not_picked":["RingOfDestiny:Demonic+1","RingOfDestiny:DoomsdayMeteorite","RingOfDestiny:MaliciousRelease"],"picked":"Singing Bowl","floor":35.0},{"not_picked":["RingOfDestiny:MaliciousSuppress","RingOfDestiny:GreedySummon","RingOfDestiny:MaskOfSuffering"],"picked":"Singing Bowl","floor":36.0},{"not_picked":["RingOfDestiny:TemptingFruits+1","RingOfDestiny:HegemonyOfDevil"],"picked":"RingOfDestiny:CrownOfPride+1","floor":40.0},{"not_picked":["RingOfDestiny:Doomsday","RingOfDestiny:SoulDiversion+1","RingOfDestiny:CupOfDesire+1"],"picked":"Singing Bowl","floor":42.0},{"not_picked":["RingOfDestiny:ManaEnhance+1","RingOfDestiny:SoulDiversion","RingOfDestiny:GripOfMaster+1"],"picked":"Singing Bowl","floor":44.0},{"not_picked":["RingOfDestiny:DoomsdayProtection","RingOfDestiny:MaliciousBarrier"],"picked":"RingOfDestiny:DoomsdayProphecy","floor":47.0},{"not_picked":["RingOfDestiny:RingOfGreed+1","RingOfDestiny:GreedySummon","RingOfDestiny:MaliciousRelease+1"],"picked":"Singing Bowl","floor":48.0},{"not_picked":["RingOfDestiny:DoomsdayStrike"],"picked":"Singing Bowl","floor":53},{"not_picked":["RingOfDestiny:MaliciousSuppress"],"picked":"Singing Bowl","floor":53},{"not_picked":["RingOfDestiny:DoomsdayProtection"],"picked":"Singing Bowl","floor":53},{"not_picked":[],"picked":"RingOfDestiny:LazyCloak","floor":53},{"not_picked":["RingOfDestiny:MaliciousRelease"],"picked":"Singing Bowl","floor":53},{"not_picked":[],"picked":"hubris:Insight","floor":53},{"not_picked":[],"picked":"REME_ProfessionalPlagiarism","floor":53},{"not_picked":["RingOfDestiny:MaskOfSuffering","RingOfDestiny:ManaEnhance","RingOfDestiny:EndlessDesire+1"],"picked":"Singing Bowl","floor":54}],"player_experience":18147,"relics_obtained":[{"floor":6.0,"key":"hubris:OldNail"},{"floor":8.0,"key":"Toy Ornithopter"},{"floor":9.0,"key":"PageOfTheKnightOfDespair"},{"floor":10.0,"key":"PageOfTheQueenOfHatred"},{"floor":12.0,"key":"Singing Bowl"},{"floor":13.0,"key":"ReplayTheSpireMod:Ring of Addiction"},{"floor":13.0,"key":"Chameleon Ring"},{"floor":13.0,"key":"hubris:EmptyBottle"},{"floor":19.0,"key":"The Courier"},{"floor":19.0,"key":"PageOfGreed"},{"floor":23.0,"key":"PageOfWrath"},{"floor":24.0,"key":"PageOfNihil"},{"floor":25.0,"key":"reliquary:TatteredRug"},{"floor":26.0,"key":"Old Coin"},{"floor":27.0,"key":"Whetstone"},{"floor":28.0,"key":"Juzu Bracelet"},{"floor":29.0,"key":"hubris:SlimyHat"},{"floor":31.0,"key":"Red Mask"},{"floor":40.0,"key":"PageOfBigBird"},{"floor":42.0,"key":"PageOfMercenary"},{"floor":44.0,"key":"PageOfSpiderBud"},{"floor":47.0,"key":"PageOfQueenBee"},{"floor":53,"key":"hubris:Zylophone"},{"floor":53,"key":"reliquary:Stiletto"},{"floor":53,"key":"reliquary:RosewoodLute"},{"floor":53,"key":"Lantern"},{"floor":53,"key":"hubris:TinFlute"},{"floor":53,"key":"HandDrill"},{"floor":54,"key":"reliquary:GummyVitamins"}],"event_choices":[{"cards_removed":["RingOfDestiny:Defend_SU"],"damage_healed":0.0,"max_hp_gain":0.0,"max_hp_loss":0.0,"gold_gain":0.0,"event_name":"The Cleric","player_choice":"Card Removal","floor":2.0,"gold_loss":50.0,"damage_taken":0.0},{"damage_healed":0.0,"max_hp_gain":0.0,"max_hp_loss":0.0,"gold_gain":0.0,"event_name":"HidenRoomEvent","player_choice":"Fight","floor":19.0,"gold_loss":0.0,"damage_taken":0.0},{"damage_healed":0.0,"max_hp_gain":5.0,"max_hp_loss":0.0,"gold_gain":0.0,"event_name":"Forgotten Altar","player_choice":"Shed Blood","floor":20.0,"gold_loss":0.0,"damage_taken":21.0},{"damage_healed":0.0,"max_hp_gain":0.0,"max_hp_loss":0.0,"gold_gain":0.0,"event_name":"Masked Bandits","player_choice":"Fought Bandits","floor":31.0,"gold_loss":0.0,"damage_taken":0.0},{"damage_healed":0.0,"max_hp_gain":0.0,"max_hp_loss":0.0,"gold_gain":0.0,"event_name":"Winding Halls","player_choice":"Embrace Madness","floor":38.0,"gold_loss":0.0,"damage_taken":11.0,"cards_obtained":["Madness","Madness"]},{"damage_healed":0.0,"max_hp_gain":0.0,"max_hp_loss":0.0,"gold_gain":0.0,"event_name":"Match and Keep!","player_choice":"0 cards matched","floor":39.0,"gold_loss":0.0,"damage_taken":0.0,"cards_obtained":[]},{"damage_healed":0.0,"max_hp_gain":0.0,"max_hp_loss":0.0,"gold_gain":0.0,"event_name":"Lab","player_choice":"Got Potions","floor":46.0,"gold_loss":0.0,"damage_taken":0.0}],"is_beta":false,"boss_relics":[{"not_picked":["reliquary:Ember","REME_ChargedStone"],"picked":"hubris:TerracottaHorce"},{"not_picked":[]},{"not_picked":["Empty Cage","Abe\u0027s Treasure"],"picked":"REME_DuelDisc"},{"not_picked":[]}],"items_purged_floors":[4,21,21,34],"is_endless":false,"potions_floor_spawned":[1,8,10,12,22,24,25,31,36,40,47],"ascension_level":6}}