{"host":"rn3kwqbcoeui7au7","time":1614057136,"event":{"mods":["BaseMod","Colored Powertips","Downfall","Minty Spire (QoL Compilation)","Relic Stats","Spicy Shops","StSLib"],"gold_per_floor":[99,118,130,130,143,318,318,338,338,353,253,268,68,93,109,206,206,106,118,26,26,36,36,84,101,10,27,43,60,80,127,127,127,127],"floor_reached":32,"language":"ZHS","playtime":4396,"items_purged":["Doubt"],"score":248,"play_id":"87453ba2-72cb-408a-99bf-8bd045ce8e26","local_time":"20210223131216","is_ascension_mode":false,"campfire_choices":[{"floor":1,"key":"RECALL"},{"data":"Slimebound:Split","floor":11,"key":"SMITH"},{"data":"Slimebound:Gluttony","floor":18,"key":"SMITH"},{"data":"1","floor":23,"key":"LIFT"}],"circlet_count":0,"master_deck":["Slimebound:Strike_Slimebound","Slimebound:Strike_Slimebound","Slimebound:Tackle","Slimebound:Defend_Slimebound","Slimebound:Defend_Slimebound","Slimebound:Split+1","Slimebound:CorrosiveSpit","Slimebound:Repurpose","Slimebound:LeadByExample","Slimebound:LeechEnergy","Slimebound:GrowthPunch","Slimebound:GoopSpray","Slimebound:SlimeBrawl","Slimebound:SlimeSpikes","Slimebound:Schlurp","Slimebound:SplitMire","Slimebound:Equalize","Slimebound:Gluttony+1","Slimebound:LevelUp","Slimebound:SlimeTap","Slimebound:WasteNot","Slimebound:ProtectTheBoss","Slimebound:Gluttony+1","Slimebound:Schlurp","Slimebound:SamplingLick","Slimebound:Prepare+1","Slimebound:HauntingLick","Slimebound:Equalize","Slimebound:SpikyOuterGoop","Slimebound:SplitAcid"],"relics":["Slimebound:AbsorbEndCombat","Blue Candle","Omamori","downfall:HeartBlessingRed","PreservedInsect","Calling Bell","Toy Ornithopter","Matryoshka","Girya","downfall:HeartBlessingGreen","Chemical X","Dream Catcher","Ancient Tea Set","Oddly Smooth Stone"],"acts_visited":["Exordium","TheCity"],"potions_floor_usage":[12,14,16,16,19,26,27],"damage_taken":[{"damage":14,"enemies":"2 Louse","floor":2,"turns":3},{"damage":3,"enemies":"Small Slimes","floor":3,"turns":3},{"damage":10,"enemies":"Cultist","floor":5,"turns":4},{"damage":21,"enemies":"Lots of Slimes","floor":8,"turns":4},{"damage":8,"enemies":"Exordium Wildlife","floor":10,"turns":6},{"damage":14,"enemies":"Gremlin Gang","floor":12,"turns":5},{"damage":0,"enemies":"downfall:FleeingMerchant","floor":13,"turns":4},{"damage":12,"enemies":"3 Sentries","floor":14,"turns":7},{"damage":20,"enemies":"Exordium Thugs","floor":15,"turns":5},{"damage":9,"enemies":"SI_SHIV_ARCHETYPE","floor":16,"turns":5},{"damage":19,"enemies":"downfall:LooterAlt2","floor":19,"turns":4},{"damage":0,"enemies":"downfall:FleeingMerchant","floor":20,"turns":4},{"damage":20,"enemies":"Shell Parasite","floor":22,"turns":7},{"damage":22,"enemies":"Shelled Parasite and Fungi","floor":25,"turns":4},{"damage":4,"enemies":"downfall:FleeingMerchant","floor":26,"turns":4},{"damage":37,"enemies":"Cultist and Chosen","floor":27,"turns":8},{"damage":0,"enemies":"Snecko","floor":28,"turns":4},{"damage":31,"enemies":"Snake Plant","floor":29,"turns":5},{"damage":28,"enemies":"Centurion and Healer","floor":30,"turns":8},{"damage":59,"enemies":"Cultist and Chosen","floor":32,"turns":5}],"seed_played":"3740804476052004906","potions_obtained":[{"floor":3,"key":"Strength Potion"},{"floor":12,"key":"BlessingOfTheForge"},{"floor":14,"key":"CultistPotion"},{"floor":15,"key":"SteroidPotion"},{"floor":16,"key":"Fire Potion"},{"floor":22,"key":"GamblersBrew"},{"floor":25,"key":"Fire Potion"},{"floor":28,"key":"Explosive Potion"},{"floor":30,"key":"CultistPotion"}],"is_trial":false,"path_per_floor":["R","M","M","?","M","?","T","M","?","M","R","M","$","E","M","B",null,"R","M","$","?","M","R","T","M","$","M","M","M","M","T","M"],"character_chosen":"SLIMEBOUND","items_purchased":["Slimebound:Gluttony","Chemical X","Slimebound:HauntingLick"],"campfire_rested":0,"item_purchase_floors":[13,20,26],"current_hp_per_floor":[71,57,58,53,45,45,45,24,24,24,24,18,26,22,6,13,71,71,66,71,71,62,62,62,55,70,51,67,48,44,44,0,0,0],"gold":127,"neow_bonus":"TEN_PERCENT_HP_BONUS","is_daily":false,"chose_seed":false,"campfire_upgraded":2,"win_rate":0.0,"timestamp":1614057136,"path_taken":["R","M","M","?","M","?","T","M","?","M","R","?","$","E","M","BOSS","R","M","?","?","M","R","T","?","?","M","?","M","M","?","M"],"items_purchased_type":["Card","Relic","Card"],"build_version":"2020-12-22","purchased_purges":1,"victory":false,"max_hp_per_floor":[71,71,71,71,71,71,71,71,71,71,71,71,71,71,71,71,71,71,71,71,71,71,71,71,71,71,71,71,71,71,71,71,71,71],"relic_stats":{"Dream Catcher":0,"counters":[20,97],"Blue Candle":[0],"PreservedInsect":44,"Chemical X":[1],"obtain_stats":[{"Girya":17,"downfall:HeartBlessingRed":11,"Blue Candle":4,"Oddly Smooth Stone":31,"downfall:HeartBlessingGreen":18,"PreservedInsect":14,"Omamori":7,"Ancient Tea Set":31,"Calling Bell":17,"Dream Catcher":24,"Matryoshka":17,"Slimebound:AbsorbEndCombat":0,"Chemical X":20,"Toy Ornithopter":17},{"Girya":10,"downfall:HeartBlessingRed":5,"Blue Candle":2,"Oddly Smooth Stone":19,"downfall:HeartBlessingGreen":10,"PreservedInsect":8,"Omamori":3,"Ancient Tea Set":19,"Calling Bell":10,"Dream Catcher":13,"Matryoshka":10,"Slimebound:AbsorbEndCombat":0,"Chemical X":12,"Toy Ornithopter":10},{"Girya":44,"downfall:HeartBlessingRed":19,"Blue Candle":6,"Oddly Smooth Stone":92,"downfall:HeartBlessingGreen":44,"PreservedInsect":34,"Omamori":10,"Ancient Tea Set":92,"Calling Bell":44,"Dream Catcher":59,"Matryoshka":44,"Slimebound:AbsorbEndCombat":0,"Chemical X":52,"Toy Ornithopter":44}],"Toy Ornithopter":10},"card_choices":[{"not_picked":["Slimebound:PressTheAttack","Slimebound:HauntingLick"],"picked":"Slimebound:Repurpose","floor":2},{"not_picked":["Slimebound:FlameTackle","Slimebound:HauntingLick"],"picked":"Slimebound:LeadByExample","floor":3},{"not_picked":["Slimebound:Gluttony","Slimebound:SamplingLick"],"picked":"Slimebound:LeechEnergy","floor":5},{"not_picked":["Slimebound:LeechingTouch","Slimebound:Repurpose"],"picked":"Slimebound:GrowthPunch","floor":8},{"not_picked":["Slimebound:PrepareCrush","Slimebound:MegaLick"],"picked":"Slimebound:Schlurp","floor":10},{"not_picked":["Slimebound:SplitLeeching","Slimebound:LeechEnergy"],"picked":"Slimebound:SplitMire","floor":12},{"not_picked":["Slimebound:SplitAcid","Slimebound:TongueLash"],"picked":"Slimebound:Equalize","floor":13},{"not_picked":["Slimebound:Schlurp","Slimebound:Prepare"],"picked":"Slimebound:LevelUp","floor":14},{"not_picked":["Slimebound:SplitAcid","Slimebound:SlimeBrawl"],"picked":"Slimebound:SlimeTap","floor":15},{"not_picked":["Slimebound:SlimeSlap","Slimebound:MinionMaster"],"picked":"Slimebound:WasteNot","floor":16},{"not_picked":["Slimebound:Prepare","Slimebound:GoopSpray","Slimebound:LeechEnergy"],"picked":"SKIP","floor":19},{"not_picked":["Slimebound:ComboTackle","Slimebound:SlimeSpikes"],"picked":"Slimebound:ProtectTheBoss","floor":20},{"not_picked":["Slimebound:GoopTackle","Slimebound:SlimeSlap"],"picked":"Slimebound:Schlurp","floor":22},{"not_picked":["Slimebound:GoopTackle","Slimebound:SlimeSpikes"],"picked":"Slimebound:SamplingLick","floor":25},{"not_picked":["Slimebound:TongueLash+1","Slimebound:RainOfGoop"],"picked":"Slimebound:Prepare+1","floor":26},{"not_picked":["Slimebound:RollThrough+1","Slimebound:FinishingTackle+1"],"picked":"Slimebound:Equalize","floor":27},{"not_picked":["Slimebound:FlameTackle","Slimebound:GoopSpray"],"picked":"Slimebound:SpikyOuterGoop","floor":28},{"not_picked":["Slimebound:ItLooksTasty","Slimebound:GoopTackle","Slimebound:SlimeTap"],"picked":"SKIP","floor":29},{"not_picked":["Slimebound:Prepare","Slimebound:SlimeBrawl"],"picked":"Slimebound:SplitAcid","floor":30}],"player_experience":177629,"relics_obtained":[{"floor":7,"key":"Omamori"},{"floor":14,"key":"PreservedInsect"},{"floor":17,"key":"Toy Ornithopter"},{"floor":17,"key":"Matryoshka"},{"floor":17,"key":"Girya"},{"floor":24,"key":"Dream Catcher"},{"floor":31,"key":"Ancient Tea Set"},{"floor":31,"key":"Oddly Smooth Stone"}],"event_choices":[],"is_beta":false,"boss_relics":[{"not_picked":["SlaversCollar","Tiny House"],"picked":"Calling Bell"}],"items_purged_floors":[13],"is_endless":false,"potions_floor_spawned":[3,12,14,15,16,22,25,28,30],"killed_by":"Cultist and Chosen","ascension_level":0}}