{"host":"z37g2hkgkh2zjyzk","time":1614045978,"event":{"mods":["2.2 Compatiblity","AchievementEnabler","BaseMod","Bestiary","Colored Map","Colored Powertips","Curses Come First","Highlight Path","Keyboard Shortcuts","Minty Spire (QoL Compilation)","Relic Stats","StSLib","SuperFastMode"],"gold_per_floor":[110,124,124,299,299,299,299,319,367,380,380,380],"floor_reached":11,"language":"ENG","playtime":268,"items_purged":[],"score":82,"play_id":"cebc702a-a447-4bba-8290-d80ebb194ce3","local_time":"20210223030618","is_ascension_mode":true,"campfire_choices":[{"data":"Zap","floor":6,"key":"SMITH"}],"circlet_count":0,"master_deck":["Strike_B","Strike_B","Defend_B","Defend_B","Defend_B","Defend_B","Zap+1","Dualcast","Sweeping Beam+1","Beam Cell","Doubt","Regret","Conserve Battery","Go for the Eyes"],"relics":["Empty Cage","The Courier","Omamori","Tiny Chest"],"acts_visited":["Exordium"],"potions_floor_usage":[],"damage_taken":[{"damage":5,"enemies":"Cultist","floor":1,"turns":5},{"damage":0,"enemies":"Small Slimes","floor":2,"turns":3},{"damage":8,"enemies":"Jaw Worm","floor":8,"turns":2},{"damage":8,"enemies":"Exordium Wildlife","floor":10,"turns":3},{"damage":57,"enemies":"Gremlin Nob","floor":11,"turns":4}],"seed_played":"-4239865184968206642","potions_obtained":[{"floor":8,"key":"PotionOfCapacity"}],"is_trial":false,"path_per_floor":["M","M","?","?","?","R","?","M","T","M","E"],"character_chosen":"DEFECT","items_purchased":[],"campfire_rested":0,"item_purchase_floors":[],"current_hp_per_floor":[63,63,51,51,51,51,51,43,43,35,0,0],"gold":380,"neow_bonus":"BOSS_RELIC","is_daily":false,"chose_seed":false,"campfire_upgraded":1,"win_rate":0.0,"timestamp":1614045978,"path_taken":["M","M","?","?","?","R","?","?","T","M","E"],"items_purchased_type":[],"build_version":"2020-12-22","purchased_purges":0,"victory":false,"max_hp_per_floor":[75,75,75,75,75,75,75,75,75,75,75,75],"relic_stats":{"counters":[5,17],"Tiny Chest":0,"obtain_stats":[{"Tiny Chest":9,"The Courier":3,"Omamori":5,"Cracked Core":0,"Empty Cage":0},{"Tiny Chest":3,"The Courier":2,"Omamori":2,"Cracked Core":0,"Empty Cage":0},{"Tiny Chest":10,"The Courier":8,"Omamori":8,"Cracked Core":0,"Empty Cage":0}]},"card_choices":[{"not_picked":["Hologram","Genetic Algorithm"],"picked":"Sweeping Beam","floor":1},{"not_picked":["Rip and Tear","Rebound"],"picked":"Beam Cell","floor":2},{"not_picked":["Cold Snap","Doom and Gloom"],"picked":"Conserve Battery","floor":8},{"not_picked":["Doom and Gloom","Glacier"],"picked":"Go for the Eyes","floor":10}],"player_experience":221913,"relics_obtained":[{"floor":9,"key":"Tiny Chest"}],"event_choices":[{"damage_healed":0,"gold_gain":0,"player_choice":"Success","damage_taken":12,"relics_obtained":["The Courier"],"max_hp_gain":0,"max_hp_loss":0,"event_name":"Scrap Ooze","floor":3,"gold_loss":0},{"damage_healed":0,"gold_gain":175,"player_choice":"AGREE","damage_taken":0,"max_hp_gain":0,"max_hp_loss":0,"event_name":"Liars Game","floor":4,"gold_loss":0,"cards_obtained":["Doubt"]},{"damage_healed":0,"gold_gain":0,"player_choice":"Box","damage_taken":0,"relics_obtained":["Omamori"],"max_hp_gain":0,"max_hp_loss":0,"event_name":"Big Fish","floor":5,"gold_loss":0,"cards_obtained":["Regret"]},{"damage_healed":0,"gold_gain":0,"player_choice":"Grow","damage_taken":0,"max_hp_gain":0,"max_hp_loss":0,"event_name":"Living Wall","floor":7,"gold_loss":0,"cards_upgraded":["Sweeping Beam"]}],"is_beta":false,"boss_relics":[],"items_purged_floors":[],"is_endless":false,"potions_floor_spawned":[8],"killed_by":"Gremlin Nob","ascension_level":6}}