{"host":"jh7kh5nqtgzr3auj","time":1614090684,"event":{"mods":["AchievementEnabler","Act Like it!","BaseMod","Colored Powertips","Downfall","Good Game Mod","Minty Spire (QoL Compilation)","Quick Restart","Relic Stats","Replay The Spire","StSLib","TestMod","WarShipGirlsR/’ΩΩ¢…Ÿ≈ÆR mod"],"gold_per_floor":[99,118,132,144,54,69,69,96,96,108,133,151,151,171,190,287,287,87,140,140,158,148,29,29,29,14,14,14,14],"floor_reached":27,"language":"ZHS","playtime":2801,"items_purged":["champ:Strike","downfall:Bewildered"],"score":225,"play_id":"8917d5ea-f298-4ca8-bbd4-a018ae5a4881","local_time":"20210223223124","is_ascension_mode":false,"campfire_choices":[{"floor":1.0,"key":"RECALL"},{"floor":9.0,"key":"REST"}],"circlet_count":0,"master_deck":["champ:Defend","champ:Defend","champ:Defend","champ:Defend","champ:Execute+1","champ:Taunt+1","Magnetism+1","champ:Haymaker","champ:CrownThrow+1","champ:GutPunch","champ:BringItOn","champ:PreciseThrust","champ:DeathBlow+1","champ:ArenaPreparation","champ:RapidStrikes","champ:UltimateStance+1","champ:MurderStrike+1","champ:CrownThrow+1","champ:PreciseThrust+1","champ:FlashCut+1","champ:DefensiveShout+1","champ:SetATrap","champ:TripleStrike","champ:SkillfulDodge+1","champ:DancingMaster+1","champ:AdrenalArmor"],"relics":["champ:ChampionCrown","REME:ComplimentaryCards","testmod-TestBox","testmod-BloodSacrificeSpiritualization","Bag of Preparation","Blue Candle","Pantograph","Astrolabe","downfall:HeartBlessingGreen","downfall:HeartBlessingRed","ReplayTheSpireMod:CursedCoin","ReplayTheSpireMod:Ring of Collecting","ReplayTheSpireMod:Ring of Addiction","SacredBark","Chameleon Ring"],"acts_visited":["Exordium","TheCity"],"potions_floor_usage":[],"damage_taken":[{"damage":30.0,"enemies":"Cultist","floor":2.0,"turns":4.0},{"damage":16.0,"enemies":"Small Slimes","floor":3.0,"turns":5.0},{"damage":25.0,"enemies":"Jaw Worm","floor":4.0,"turns":3.0},{"damage":34.0,"enemies":"downfall:FleeingMerchant","floor":5.0,"turns":4.0},{"damage":23.0,"enemies":"Exordium Wildlife","floor":6.0,"turns":6.0},{"damage":41.0,"enemies":"3 Sentries","floor":8.0,"turns":6.0},{"damage":0.0,"enemies":"3 Louse","floor":10.0,"turns":2.0},{"damage":41.0,"enemies":"Gremlin Nob","floor":11.0,"turns":3.0},{"damage":20.0,"enemies":"Large Slime","floor":12.0,"turns":5.0},{"damage":15.0,"enemies":"Exordium Thugs","floor":14.0,"turns":4.0},{"damage":2.0,"enemies":"Blue Slaver","floor":15.0,"turns":2.0},{"damage":39.0,"enemies":"IC_STATUS_ARCHETYPE","floor":16.0,"turns":5.0},{"damage":45.0,"enemies":"3 Byrds","floor":19.0,"turns":6.0},{"damage":0.0,"enemies":"Chosen","floor":20.0,"turns":1.0},{"damage":23.0,"enemies":"Snake Plant","floor":21.0,"turns":3.0},{"damage":25.0,"enemies":"downfall:FleeingMerchant","floor":23.0,"turns":4.0},{"damage":34.0,"enemies":"downfall:FleeingMerchant","floor":26.0,"turns":4.0},{"damage":28,"enemies":"Chosen and Byrds","floor":27,"turns":4}],"seed_played":"5842926603939605600","potions_obtained":[{"floor":4.0,"key":"DuplicationPotion"},{"floor":8.0,"key":"Elixir"},{"floor":10.0,"key":"GamblersBrew"},{"floor":11.0,"key":"SpeedPotion"},{"floor":12.0,"key":"Slimebound:ThreeZeroPotion"},{"floor":19.0,"key":"LiquidBronze"},{"floor":25.0,"key":"PowerPotion"},{"floor":25.0,"key":"SpeedPotion"}],"is_trial":false,"path_per_floor":["R","M","M","M","$","M","T","E","R","M","E","M","?","M","M","B",null,"R","M","M","M","?","$","T","?","$","M"],"character_chosen":"THE_CHAMP","items_purchased":["ReplayTheSpireMod:CursedCoin","champ:DancingMaster"],"campfire_rested":1,"item_purchase_floors":[23,23],"current_hp_per_floor":[99,89,78,63,49,36,36,5,34,34,17,17,17,17,15,35,99,79,64,64,46,46,46,46,46,22,0,0,0],"gold":14,"neow_bonus":"TEN_PERCENT_HP_BONUS","is_daily":false,"chose_seed":false,"campfire_upgraded":0,"win_rate":0.0,"timestamp":1614090684,"path_taken":["R","M","M","?","$","M","T","E","R","M","E","?","?","M","M","BOSS","R","M","M","M","?","?","T","?","?","M"],"items_purchased_type":["Relic","Card"],"build_version":"2020-12-22","purchased_purges":2,"victory":false,"max_hp_per_floor":[99,99,99,99,99,99,99,99,99,99,99,99,99,99,99,99,99,104,104,104,104,104,104,104,104,104,104,104,104],"relic_stats":{"counters":[18,71],"Blue Candle":[0],"Pantograph":25,"Astrolabe":["champ:MurderStrike","champ:CrownThrow","champ:PreciseThrust"],"Bag of Preparation":[26],"obtain_stats":[{"testmod-TestBox":0,"downfall:HeartBlessingRed":18,"ReplayTheSpireMod:CursedCoin":23,"Blue Candle":8,"Astrolabe":17,"ReplayTheSpireMod:Ring of Addiction":25,"SacredBark":25,"champ:ChampionCrown":0,"downfall:HeartBlessingGreen":18,"Bag of Preparation":7,"testmod-BloodSacrificeSpiritualization":0,"REME:ComplimentaryCards":0,"downfall:BrokenWingStatue":13,"Chameleon Ring":25,"Pantograph":11,"ReplayTheSpireMod:Ring of Collecting":25},{"testmod-TestBox":0,"downfall:HeartBlessingRed":12,"ReplayTheSpireMod:CursedCoin":16,"Blue Candle":6,"Astrolabe":12,"ReplayTheSpireMod:Ring of Addiction":16,"SacredBark":16,"champ:ChampionCrown":0,"downfall:HeartBlessingGreen":12,"Bag of Preparation":5,"testmod-BloodSacrificeSpiritualization":0,"REME:ComplimentaryCards":0,"downfall:BrokenWingStatue":9,"Chameleon Ring":16,"Pantograph":8,"ReplayTheSpireMod:Ring of Collecting":16},{"testmod-TestBox":0,"downfall:HeartBlessingRed":49,"ReplayTheSpireMod:CursedCoin":63,"Blue Candle":28,"Astrolabe":49,"ReplayTheSpireMod:Ring of Addiction":63,"SacredBark":63,"champ:ChampionCrown":0,"downfall:HeartBlessingGreen":49,"Bag of Preparation":22,"testmod-BloodSacrificeSpiritualization":0,"REME:ComplimentaryCards":0,"downfall:BrokenWingStatue":38,"Chameleon Ring":63,"Pantograph":33,"ReplayTheSpireMod:Ring of Collecting":63}]},"card_choices":[{"not_picked":["champ:BerserkersShout","champ:EnGarde"],"picked":"champ:Haymaker","floor":2.0},{"not_picked":["champ:BerserkersShout","champ:FlashCut"],"picked":"champ:CrownThrow","floor":3.0},{"not_picked":["champ:ShieldSlam","champ:CrownThrow","champ:RisingSlash"],"picked":"SKIP","floor":4.0},{"not_picked":["champ:BladeFlurry","champ:TornadoPunch"],"picked":"champ:GutPunch","floor":5.0},{"not_picked":["champ:HeavySlash","champ:DeathBlow"],"picked":"champ:BringItOn","floor":6.0},{"not_picked":["champ:Circumvent","champ:GladiatorStyle"],"picked":"champ:PreciseThrust","floor":8.0},{"not_picked":["champ:Encircle","champ:FalseCounter"],"picked":"champ:DeathBlow","floor":10.0},{"not_picked":["champ:Backstep","champ:GutPunch"],"picked":"champ:ArenaPreparation","floor":11.0},{"not_picked":["champ:ShieldSlam","champ:BringItOn"],"picked":"champ:RapidStrikes","floor":12.0},{"not_picked":["champ:TornadoPunch","champ:PerfectedStrike","champ:GladiatorStyle"],"picked":"SKIP","floor":14.0},{"not_picked":["champ:PreciseThrust","champ:GutPunch","champ:Haymaker"],"picked":"SKIP","floor":15.0},{"not_picked":["champ:SwordThrow","champ:LastStand"],"picked":"champ:UltimateStance","floor":16.0},{"not_picked":["champ:TornadoPunch","champ:PreemptiveStrike"],"picked":"champ:FlashCut+1","floor":19.0},{"not_picked":["champ:BringItOn","champ:BladeFlurry"],"picked":"champ:DefensiveShout+1","floor":20.0},{"not_picked":["champ:PreemptiveStrike+1","champ:TornadoPunch"],"picked":"champ:SetATrap","floor":21.0},{"not_picked":[],"picked":"champ:TripleStrike","floor":22.0},{"not_picked":["champ:DefensiveShout","champ:RapidStrikes"],"picked":"champ:SkillfulDodge+1","floor":23.0},{"not_picked":["champ:TornadoPunch","champ:GladiatorStyle"],"picked":"champ:AdrenalArmor","floor":26.0}],"player_experience":308070,"relics_obtained":[{"floor":7.0,"key":"Bag of Preparation"},{"floor":8.0,"key":"Blue Candle"},{"floor":11.0,"key":"Pantograph"},{"floor":25.0,"key":"ReplayTheSpireMod:Ring of Collecting"},{"floor":25.0,"key":"ReplayTheSpireMod:Ring of Addiction"},{"floor":25.0,"key":"SacredBark"},{"floor":25.0,"key":"Chameleon Ring"}],"event_choices":[],"is_beta":false,"boss_relics":[{"not_picked":["Replay:Drink Me","testmod-Prudence"],"picked":"Astrolabe"}],"items_purged_floors":[5,23],"is_endless":false,"potions_floor_spawned":[4,8,10,11,12,19],"killed_by":"Chosen and Byrds","ascension_level":0}}