{"host":"xwl7b08i4vco8s3a","time":1614087651,"event":{"mods":["BaseMod","Colored Powertips","Downfall","Hermit","Minty Spire (QoL Compilation)","Replay The Spire","StSLib","Wandering Minibosses"],"gold_per_floor":[114,125,125,125,125,155,247,247,247,276,317,348,380,410,410,420,420],"floor_reached":16,"language":"ENG","playtime":879,"items_purged":[],"score":131,"play_id":"aa8f576e-fa55-4753-aaf3-92f0240d5dd7","local_time":"20210223144051","is_ascension_mode":false,"campfire_choices":[{"floor":8,"key":"RECALL"},{"data":"hermit:GoldenBullet","floor":15,"key":"SMITH"}],"circlet_count":0,"master_deck":["hermit:Strike_Hermit","hermit:Strike_Hermit","hermit:Strike_Hermit+1","hermit:Strike_Hermit","hermit:Defend_Hermit","hermit:Defend_Hermit","hermit:Defend_Hermit","hermit:Snapshot","hermit:Covet","hermit:LowProfile","hermit:Shortfuse","hermit:Enervate","hermit:Quickdraw","hermit:Feint","hermit:Headshot","hermit:FullyLoaded","hermit:GoldenBullet+1"],"relics":["hermit:Momento","NeowsBlessing","Replay:Bandana","hermit:Horseshoe"],"acts_visited":["Exordium"],"potions_floor_usage":[11,16,16,16],"damage_taken":[{"damage":0,"enemies":"Cultist","floor":1,"turns":1},{"damage":0,"enemies":"Small Slimes","floor":2,"turns":1},{"damage":0,"enemies":"Replay:BlueRogue","floor":6,"turns":1},{"damage":0,"enemies":"2 Louse","floor":7,"turns":4},{"damage":11,"enemies":"Gremlin Gang","floor":10,"turns":4},{"damage":13,"enemies":"Large Slime","floor":11,"turns":4},{"damage":0,"enemies":"Looter","floor":12,"turns":3},{"damage":8,"enemies":"2 Fungi Beasts","floor":13,"turns":3},{"damage":1,"enemies":"Exordium Wildlife","floor":14,"turns":3},{"damage":46,"enemies":"The Guardian","floor":16,"turns":15}],"seed_played":"-7318035348078387142","potions_obtained":[{"floor":2,"key":"Dexterity Potion"},{"floor":6,"key":"Fire Potion"},{"floor":10,"key":"Dexterity Potion"},{"floor":11,"key":"EssenceOfSteel"},{"floor":12,"key":"DuplicationPotion"}],"is_trial":false,"path_per_floor":["M","M","?","?","$","E","M","R","T","M","M","M","M","M","R","B"],"character_chosen":"HERMIT","items_purchased":[],"campfire_rested":0,"item_purchase_floors":[],"current_hp_per_floor":[75,75,75,75,75,75,75,75,75,64,51,51,43,42,42,0,0],"gold":420,"neow_bonus":"THREE_ENEMY_KILL","is_daily":false,"chose_seed":false,"campfire_upgraded":1,"win_rate":0.0,"timestamp":1614087651,"path_taken":["M","M","?","?","$","E","M","R","T","?","M","M","?","M","R","BOSS"],"items_purchased_type":[],"build_version":"2020-12-22","purchased_purges":0,"victory":false,"max_hp_per_floor":[75,75,75,75,75,75,75,75,75,75,75,75,75,75,75,75,75],"card_choices":[{"not_picked":["hermit:Spite","hermit:Manifest"],"picked":"hermit:LowProfile","floor":1},{"not_picked":["hermit:Vantage","hermit:BodyArmor"],"picked":"hermit:Shortfuse","floor":2},{"not_picked":["hermit:Magnum","hermit:Virtue","hermit:HoleUp"],"picked":"SKIP","floor":6},{"not_picked":["hermit:FlashPowder","hermit:EyeOfTheStorm"],"picked":"hermit:Enervate","floor":7},{"not_picked":["hermit:Dive","hermit:Roulette"],"picked":"hermit:Quickdraw","floor":10},{"not_picked":["hermit:HighCaliber","hermit:Roulette"],"picked":"hermit:Feint","floor":11},{"not_picked":["hermit:Snipe","hermit:EyeOfTheStorm"],"picked":"hermit:Headshot","floor":12},{"not_picked":["hermit:Coalescence","hermit:PistolWhip"],"picked":"hermit:FullyLoaded","floor":13},{"not_picked":["hermit:ItchyTrigger","hermit:LowProfile"],"picked":"hermit:GoldenBullet","floor":14}],"player_experience":446284,"relics_obtained":[{"floor":6,"key":"Replay:Bandana"},{"floor":9,"key":"hermit:Horseshoe"}],"event_choices":[{"cards_removed":["hermit:Defend_Hermit"],"damage_healed":0,"gold_gain":0,"player_choice":"Offered Basic","damage_taken":0,"max_hp_gain":0,"max_hp_loss":0,"event_name":"Bonfire Elementals","floor":4,"gold_loss":0}],"is_beta":false,"boss_relics":[],"items_purged_floors":[],"is_endless":false,"potions_floor_spawned":[2,6,10,11,12,14],"killed_by":"The Guardian","ascension_level":0}}