{"host":"hyzmf9jejtktdcwr","time":1614088714,"event":{"mods":["100% Spire Juice","ATMod(°¢èªMod)","Act Like it!","Arknights","Aspiration","BaseMod","Dota2Spire","Hermit","Luminous","Minty Spire (QoL Compilation)","MostiFishMod","Prisma Mod","Quick Restart","Reliquary","Shop Mod","StSLib","The Animator","The Blackbeard","The Construct","The Poker Player","[IsaacMod]ÒÔÈö¼âËþ"],"gold_per_floor":[118,41,216,232,246,275,275,308,384,384,364,379,408,408,408,408,408],"floor_reached":16,"language":"ZHS","playtime":581,"items_purged":["ats:Defend"],"score":215,"play_id":"f143bc86-952e-4353-98ce-89f622acf5ee","local_time":"20210223215834","is_ascension_mode":true,"campfire_choices":[{"floor":7,"key":"DIG"},{"data":"ats:Emotion Absorption","floor":10,"key":"SMITH"},{"floor":15,"key":"REST"}],"circlet_count":0,"master_deck":["AscendersBane","ats:Strike C","ats:Strike G+1","ats:Strike S","ats:Armor Crushing Shot","ats:Defend","ats:Defend","ats:Defend","ats:Emotion Absorption+1","EpicFetus+1","AT_FamilyPortrait","ats:Ignite","ats:Thorns","Doubt","ats:Red Shift","ats:Poison Spread","ats:Cat Scratch","ats:Red Shift","ats:Sunburst","ats:Closed Bolt Burst Fire"],"relics":["ats:Sanity","DaveBox","AT_ATBox","HushsDoor","SteamSale","HollowDreamFlower","SynthV:TestCard","ats:Originium","Shovel","Boot","YumHeart","DeadEye","Dota2Spire:BattleFury"],"acts_visited":["Exordium"],"potions_floor_usage":[16,16],"damage_taken":[{"damage":16,"enemies":"ats:Genji","floor":1,"turns":4},{"damage":18,"enemies":"Jaw Worm","floor":4,"turns":4},{"damage":0,"enemies":"2 Louse","floor":5,"turns":2},{"damage":0,"enemies":"Lagavulin","floor":6,"turns":4},{"damage":30,"enemies":"3 Sentries","floor":8,"turns":4},{"damage":18,"enemies":"Exordium Wildlife","floor":12,"turns":3},{"damage":16,"enemies":"Lagavulin","floor":13,"turns":5},{"damage":31,"enemies":"Hexaghost","floor":16,"turns":7}],"seed_played":"-7619912496643805108","potions_obtained":[{"floor":1,"key":"SteroidPotion"},{"floor":8,"key":"ats:Emergency Sanity Potion"},{"floor":11,"key":"ColorlessPotion"},{"floor":12,"key":"AttackPotion"}],"is_trial":false,"path_per_floor":["M","$","?","M","M","E","R","E","T","R","?","M","E","?","R","B"],"character_chosen":"DOCTOR_CLASS","items_purchased":["ats:Thorns"],"campfire_rested":1,"item_purchase_floors":[2],"current_hp_per_floor":[53,53,53,39,43,47,47,46,46,46,46,32,20,6,27,0,0],"gold":408,"neow_bonus":"REMOVE_CARD","is_daily":false,"chose_seed":false,"campfire_upgraded":1,"win_rate":0.0,"timestamp":1614088714,"path_taken":["M","$","?","M","M","E","R","E","T","R","?","M","E","?","R","BOSS"],"items_purchased_type":["Card"],"build_version":"2020-12-22","purchased_purges":1,"victory":false,"max_hp_per_floor":[72,72,72,72,72,72,72,72,72,72,72,72,72,72,72,72,72],"card_choices":[{"not_picked":[],"picked":"EpicFetus","floor":0},{"not_picked":["ats:Directed Diagnosis","ats:Automatic Cover"],"picked":"ats:Ignite","floor":1},{"not_picked":["ats:Hammer On","ats:Assault Order","ats:Phantom","ats:Apocalypse"],"picked":"ats:Red Shift","floor":4},{"not_picked":["ats:Support Order","ats:Powerful Strike","ats:Cat Scratch","ats:Beaten Up"],"picked":"ats:Poison Spread","floor":5},{"not_picked":["ats:Guardian Obelisk","ats:Ignite","ats:Sword Rain","ats:Nebulous Foxfire"],"picked":"ats:Cat Scratch","floor":6},{"not_picked":["ats:Overload","ats:Powerful Strike","ats:Song Of Battle","Bomb"],"picked":"ats:Red Shift","floor":8},{"not_picked":["ats:Song Of Battle","ats:Explosion Area Strengthen","Bomb","ats:Chain Hook"],"picked":"ats:Sunburst","floor":12},{"not_picked":["ats:Encircling Forest","ats:Absolute Focus","ats:Cat Scratch","ats:Sword Rain"],"picked":"ats:Closed Bolt Burst Fire","floor":13}],"player_experience":228383,"relics_obtained":[{"floor":1,"key":"SynthV:TestCard"},{"floor":6,"key":"ats:Originium"},{"floor":6,"key":"Shovel"},{"floor":7,"key":"Boot"},{"floor":8,"key":"ats:Originium"},{"floor":8,"key":"YumHeart"},{"floor":9,"key":"DeadEye"},{"floor":13,"key":"ats:Originium"},{"floor":13,"key":"Dota2Spire:BattleFury"}],"event_choices":[{"damage_healed":0,"gold_gain":175,"player_choice":"AGREE","damage_taken":0,"max_hp_gain":0,"max_hp_loss":0,"event_name":"Liars Game","floor":3,"gold_loss":0,"cards_obtained":["Doubt"]},{"damage_healed":0,"gold_gain":0,"player_choice":"Bought 1 Potion","damage_taken":0,"max_hp_gain":0,"max_hp_loss":0,"event_name":"The Woman in Blue","floor":11,"gold_loss":0},{"damage_healed":0,"gold_gain":0,"player_choice":"Entered Light","damage_taken":14,"max_hp_gain":0,"max_hp_loss":0,"event_name":"Shining Light","floor":14,"gold_loss":0,"cards_upgraded":["EpicFetus","ats:Strike G"]}],"is_beta":false,"boss_relics":[],"items_purged_floors":[2],"is_endless":false,"potions_floor_spawned":[1,8,12,13],"killed_by":"Hexaghost","ascension_level":10}}