{"host":"o3b7ow6d1xe49css","time":1614045614,"event":{"mods":["Aspiration","BaseMod","Better Altar","Better Match","Better Note","Better Sensory Stone","Better Skull","Better Third Choice","Colored Powertips","Conspire","Energized Spire","Force Act Four","GifTheSpireLib","Halation","Hubris","Lobotomy","Minty Spire (QoL Compilation)","Relic Filter Mod","Reliquary","Replay The Spire","Spicy Shops","Spikes Relics","StSLib","Stuff the Spire","The Blue Laboratory","Together in Spire"],"gold_per_floor":[360,360,2,2,2,20,48,48,71,83,110,150,112,124,136,168,198,210,222,34,34,65,265,265,278,278,313,325,336,336,437,437,448,466,93,93,18,50,70,132,155,243,280,88,139,139,139,181,181,181,6,72,100],"floor_reached":54,"language":"ENG","playtime":2846,"items_purged":["Normality","Strike_G","Strike_G","Strike_G","Strike_G","Strike_G"],"score":1268,"play_id":"414a5594-5310-470e-a2e1-90917ba70d60","local_time":"20210222170014","is_ascension_mode":false,"campfire_choices":[{"data":"Finisher","floor":8.0,"key":"SMITH"},{"data":"Neutralize","floor":8.0,"key":"SMITH"},{"data":"Dagger Spray","floor":10.0,"key":"SMITH"},{"data":"Poisoned Stab","floor":10.0,"key":"SMITH"},{"data":"Survivor","floor":15.0,"key":"SMITH"},{"data":"Defend_G","floor":15.0,"key":"SMITH"},{"data":"ReplayTheSpireMod:Scrap Shanks","floor":21.0,"key":"SMITH"},{"data":"Defend_G","floor":21.0,"key":"SMITH"},{"floor":30,"key":"DIG"},{"data":"hubris:NaturalOne","floor":47,"key":"SMITH"},{"data":"After Image","floor":47,"key":"SMITH"},{"data":"StuffTheSpire:BrainWave","floor":50,"key":"SMITH"},{"data":"Defend_G","floor":50,"key":"SMITH"}],"circlet_count":0,"master_deck":["Defend_G","Defend_G+1","Defend_G+1","Defend_G+1","Defend_G+1","Survivor+1","Neutralize+1","Finisher+1","Dagger Spray+1","Poisoned Stab+1","PiercingWail+1","Acrobatics+1","Acrobatics+1","ReplayTheSpireMod:Scrap Shanks+1","Dash+1","StuffTheSpire:DoubleShiv+1","StuffTheSpire:Incantation+1","conspire:DoublingDagger+1","Replay:Bag of Tricks+1","Dagger Spray+1","Tactician+1","Prepared+1","After Image+1","Acrobatics+1","StuffTheSpire:BrainWave+1","Blade Dance+1"],"relics":["Ring of the Snake","Replay:Arrowhead","Membership Card","Anchor","Matryoshka","hubris:Icosahedron","Toxic Egg 2","halation:SelfBoilingWater","reliquary:ExpiredCoupon","Regal Pillow","Orrery","ToxicTincture","Darkstone Periapt","halation:PrussianBluePaint","conspire:Dentures","reliquary:RoseTintedGlasses","reliquary:TridentHead","aspiration:RitualDagger","BargainBundle","Strawberry","Question Card","halation:Thesaurus","halation:KoshaPiece","Replay:Bandana","PreservedInsect","StuffTheSpire:GrapeVine","CaptainsWheel","Omamori","hubris:EmptyBottle","Vajra","StuffTheSpire:ForceGauntlet"],"acts_visited":["TheBeyond","TheEnding"],"potions_floor_usage":[53,53,53,53],"damage_taken":[{"damage":0.0,"enemies":"Cultist","floor":1.0,"turns":2.0},{"damage":0.0,"enemies":"2 Louse","floor":6.0,"turns":2.0},{"damage":0.0,"enemies":"Gremlin Nob","floor":7.0,"turns":2.0},{"damage":0.0,"enemies":"conspire:RoseBush","floor":11.0,"turns":1.0},{"damage":8.0,"enemies":"Lagavulin","floor":12.0,"turns":5.0},{"damage":0.0,"enemies":"Looter","floor":14.0,"turns":2.0},{"damage":8.0,"enemies":"Shell Parasite","floor":16.0,"turns":7.0},{"damage":0.0,"enemies":"2 Thieves","floor":17.0,"turns":2.0},{"damage":0.0,"enemies":"Gremlin Leader","floor":22.0,"turns":3.0},{"damage":0.0,"enemies":"Snake Plant","floor":25.0,"turns":2.0},{"damage":0.0,"enemies":"conspire:SneckoGhost","floor":27.0,"turns":3.0},{"damage":0.0,"enemies":"3 Cultists","floor":28.0,"turns":3.0},{"damage":0.0,"enemies":"Centurion and Healer","floor":29.0,"turns":3.0},{"damage":14,"enemies":"conspire:MysteriousRune","floor":31,"turns":5},{"damage":3,"enemies":"Orb Walker","floor":33,"turns":1},{"damage":6,"enemies":"3 Shapes","floor":34,"turns":2},{"damage":15,"enemies":"Giant Head","floor":38,"turns":5},{"damage":3,"enemies":"Transient","floor":39,"turns":1},{"damage":13,"enemies":"R_Hoarder","floor":40,"turns":4},{"damage":21,"enemies":"Mind Bloom Boss Battle","floor":42,"turns":6},{"damage":6,"enemies":"Spire Growth","floor":43,"turns":2},{"damage":6,"enemies":"Jaw Worm Horde","floor":45,"turns":2},{"damage":15,"enemies":"Time Eater","floor":48,"turns":5},{"damage":6,"enemies":"Shield and Spear","floor":52,"turns":2},{"damage":72,"enemies":"The Heart","floor":53,"turns":6}],"seed_played":"-6826493043097679265","potions_obtained":[{"floor":6.0,"key":"AttackPotion"},{"floor":7.0,"key":"blueLaboratory:ArtistsPotion"},{"floor":11.0,"key":"blueLaboratory:PolymorphPotion"},{"floor":16.0,"key":"SpeedPotion"},{"floor":22.0,"key":"Strength Potion"},{"floor":40,"key":"GhostInAJar"}],"is_trial":false,"path_per_floor":["M","T","$","?","?","M","E","R","T","R","M","E","?","M","R","M","M","?","?","$","R","E","?","T","M","T","E","M","M","R","B",null,"M","M","$","?","$","E","M","E","T","?","M","$","M","?","R","B",null,"R","$","E","B",null],"character_chosen":"THE_SILENT","items_purchased":["Membership Card","Dagger Spray","Anchor","Matryoshka","CunningPotion","ToxicTincture","conspire:DoublingDagger+1","SteroidPotion","BargainBundle","CunningPotion","Strawberry","Question Card","halation:Thesaurus","Omamori","hubris:EmptyBottle","Vajra"],"campfire_rested":0,"item_purchase_floors":[3,3,3,3,3,20,20,20,35,35,35,35,37,44,44,51],"current_hp_per_floor":[70,70,70,70,70,70,70,70,70,70,70,62,62,62,70,62,62,62,62,62,62,62,62,62,62,62,62,62,62,62,48,70,67,61,68,68,68,53,50,37,37,16,10,10,4,4,4,68,70,70,70,67,28],"gold":100,"neow_bonus":"TWO_FIFTY_GOLD","is_daily":false,"chose_seed":false,"campfire_upgraded":12,"win_rate":0.0,"timestamp":1614045614,"path_taken":["M","?","$","?","?","M","E","R","T","R","M","E","?","M","R","M","M","?","?","$","R","E","?","T","?","?","E","M","M","R","BOSS","M","M","$","?","$","E","M","E","T","?","M","?","M","?","R","BOSS","R","$","E","BOSS"],"items_purchased_type":["Relic","Card","Relic","Relic","Potion","Relic","Card","Potion","Relic","Potion","Relic","Relic","Relic","Relic","Relic","Relic"],"build_version":"2020-12-22","purchased_purges":6,"victory":true,"max_hp_per_floor":[70,70,70,70,70,70,70,70,70,70,70,70,70,70,70,70,70,70,70,70,70,70,70,70,70,70,70,70,70,70,70,70,70,70,77,70,70,70,70,70,70,70,70,70,70,70,70,70,70,70,70,70,70],"card_choices":[{"not_picked":["StuffTheSpire:ClusterCrunch","Slice"],"picked":"Finisher","floor":1.0},{"not_picked":["StuffTheSpire:BrimstoneBlast","ReplayTheSpireMod:The Works+1"],"picked":"Poisoned Stab","floor":6.0},{"not_picked":["StuffTheSpire:Python+1","StuffTheSpire:Sprint+1"],"picked":"PiercingWail+1","floor":7.0},{"not_picked":["Sucker Punch","ShadowRift","Tactician+1"],"picked":"SKIP","floor":11.0},{"not_picked":["Slice","StuffTheSpire:Python+1","Eviscerate"],"picked":"SKIP","floor":12.0},{"not_picked":["Crippling Poison+1","Caltrops","PiercingWail+1"],"picked":"SKIP","floor":14.0},{"not_picked":["Venomology+1","StuffTheSpire:Python+1"],"picked":"Acrobatics+1","floor":16.0},{"not_picked":["Sucker Punch","Poisoned Stab"],"picked":"Acrobatics+1","floor":16.0},{"not_picked":["Escape Plan+1","Unload"],"picked":"ReplayTheSpireMod:Scrap Shanks","floor":16.0},{"not_picked":["StuffTheSpire:Repulse+1","hubris:SlightOfHand+1"],"picked":"Dash+1","floor":16.0},{"not_picked":["Poisoned Stab","Finisher"],"picked":"StuffTheSpire:DoubleShiv+1","floor":16.0},{"not_picked":["Acrobatics+1","Deflect+1"],"picked":"StuffTheSpire:Incantation+1","floor":16.0},{"not_picked":["Venomology+1","StuffTheSpire:Python+1","Acrobatics+1"],"picked":"SKIP","floor":16.0},{"not_picked":["Sucker Punch","Acrobatics+1","Poisoned Stab"],"picked":"SKIP","floor":16.0},{"not_picked":["ReplayTheSpireMod:Scrap Shanks","Escape Plan+1","Unload"],"picked":"SKIP","floor":16.0},{"not_picked":["StuffTheSpire:Repulse+1","Dash+1","hubris:SlightOfHand+1"],"picked":"SKIP","floor":16.0},{"not_picked":["Underhanded Strike","Draining Mist+1","Dagger Spray"],"picked":"SKIP","floor":17.0},{"not_picked":["Slice","ReplayTheSpireMod:The Works+1"],"picked":"Replay:Bag of Tricks+1","floor":22.0},{"not_picked":["Sucker Punch+1","Escape Plan+1"],"picked":"Dagger Spray+1","floor":25.0},{"not_picked":["StuffTheSpire:Sprint+1","Venomology+1"],"picked":"Tactician+1","floor":27.0},{"not_picked":["Flying Knee","Backstab+1","Quick Slash"],"picked":"SKIP","floor":28.0},{"not_picked":["Outmaneuver+1","Eviscerate+1"],"picked":"Prepared+1","floor":29.0},{"not_picked":["Phantasmal Killer+1","Corpse Explosion+1"],"picked":"After Image","floor":31},{"not_picked":["StuffTheSpire:MirrorStance+1","StuffTheSpire:Python+1"],"picked":"Acrobatics+1","floor":33},{"not_picked":["Footwork+1","ReplayTheSpireMod:Tripwire+1","StuffTheSpire:Python+1"],"picked":"SKIP","floor":34},{"not_picked":["Finisher+1","StuffTheSpire:Incursion+1","Escape Plan+1","Infinite Blades"],"picked":"SKIP","floor":38},{"not_picked":["Footwork+1","Setup+1","Dagger Throw+1"],"picked":"Blade Dance+1","floor":39},{"not_picked":["Tactician+1","StuffTheSpire:Fury+1","Flying Knee","StuffTheSpire:FinalStruggle"],"picked":"SKIP","floor":40},{"not_picked":["Hidden Blade+1","Finisher+1","StuffTheSpire:Shiver+1","conspire:DoublingDagger+1"],"picked":"SKIP","floor":43},{"not_picked":["Deflect+1","Backflip+1","Calculated Gamble+1","StuffTheSpire:BumpUp"],"picked":"SKIP","floor":45},{"not_picked":["Outmaneuver+1","StuffTheSpire:Fury+1","StuffTheSpire:ReptileScales+1","Slice"],"picked":"SKIP","floor":52}],"player_experience":1393789,"relics_obtained":[{"floor":2.0,"key":"Replay:Arrowhead"},{"floor":7.0,"key":"halation:SelfBoilingWater"},{"floor":9.0,"key":"MawBank"},{"floor":9.0,"key":"reliquary:ExpiredCoupon"},{"floor":12.0,"key":"Regal Pillow"},{"floor":22.0,"key":"Darkstone Periapt"},{"floor":24.0,"key":"halation:PrussianBluePaint"},{"floor":26.0,"key":"conspire:Dentures"},{"floor":27.0,"key":"reliquary:RoseTintedGlasses"},{"floor":30,"key":"reliquary:TridentHead"},{"floor":38,"key":"Replay:Bandana"},{"floor":40,"key":"PreservedInsect"},{"floor":41,"key":"StuffTheSpire:GrapeVine"},{"floor":42,"key":"CaptainsWheel"},{"floor":52,"key":"StuffTheSpire:ForceGauntlet"}],"event_choices":[{"cards_removed":["Regret"],"damage_healed":0.0,"max_hp_gain":0.0,"max_hp_loss":0.0,"gold_gain":0.0,"event_name":"The Cleric","player_choice":"Card Removal","floor":13.0,"gold_loss":50.0,"damage_taken":0.0},{"damage_healed":0.0,"max_hp_gain":0.0,"max_hp_loss":0.0,"gold_gain":0.0,"event_name":"Wheel of Change","player_choice":"Cursed","floor":18.0,"gold_loss":0.0,"damage_taken":0.0,"cards_obtained":["Decay"]},{"damage_healed":0.0,"max_hp_gain":0.0,"max_hp_loss":0.0,"gold_gain":0.0,"event_name":"betterNote:BetterNote","player_choice":"Ignored","floor":19.0,"gold_loss":0.0,"damage_taken":0.0,"cards_obtained":["Strike_R"]},{"damage_healed":0.0,"max_hp_gain":0.0,"max_hp_loss":0.0,"gold_gain":250.0,"event_name":"The Joust","player_choice":"Bet on Owner","floor":23.0,"gold_loss":50.0,"damage_taken":0.0},{"damage_healed":0,"gold_gain":0,"player_choice":"Fight","damage_taken":0,"max_hp_gain":0,"max_hp_loss":0,"event_name":"MindBloom","floor":42,"gold_loss":0},{"damage_healed":0,"gold_gain":3,"player_choice":"1","damage_taken":0,"max_hp_gain":0,"max_hp_loss":0,"event_name":"betterStone:BetterStone","floor":46,"gold_loss":0}],"is_beta":false,"boss_relics":[{"not_picked":["Coffee Dripper","StuffTheSpire:ModemDavis"],"picked":"aspiration:RitualDagger"}],"items_purged_floors":[3,20,35,35,44,51],"is_endless":false,"potions_floor_spawned":[6,7,11,16,22,25,29,38,39,40,43],"ascension_level":0}}