{"host":"iv24d026eac8pm4e","time":1614097339,"event":{"mods":["BaseMod","Minty Spire (QoL Compilation)"],"gold_per_floor":[361,376,393,412,44,44,71,71,96,111,138,138,168,180,180,180,180],"floor_reached":16,"language":"ENG","playtime":890,"items_purged":["Strike_B"],"score":207,"play_id":"232ae8d6-0771-4c7a-92c2-d9856c9a21bf","local_time":"20210223082219","is_ascension_mode":true,"campfire_choices":[{"data":"Zap","floor":6,"key":"SMITH"},{"floor":8,"key":"REST"},{"floor":15,"key":"REST"}],"circlet_count":0,"master_deck":["AscendersBane","Strike_B","Strike_B","Defend_B","Defend_B","Defend_B","Defend_B","Zap+1","Dualcast","Melter","Chill","Skim","Cold Snap","Steam","Blizzard","Sweeping Beam","Compile Driver","Gash","Genetic Algorithm"],"relics":["Cracked Core","Question Card","Happy Flower","Oddly Smooth Stone","Juzu Bracelet"],"acts_visited":["Exordium"],"potions_floor_usage":[7,16],"damage_taken":[{"damage":6,"enemies":"Small Slimes","floor":1,"turns":3},{"damage":1,"enemies":"Cultist","floor":2,"turns":4},{"damage":0,"enemies":"2 Louse","floor":3,"turns":2},{"damage":13,"enemies":"Blue Slaver","floor":4,"turns":3},{"damage":20,"enemies":"3 Sentries","floor":7,"turns":11},{"damage":9,"enemies":"2 Fungi Beasts","floor":10,"turns":4},{"damage":15,"enemies":"Lagavulin","floor":11,"turns":8},{"damage":0,"enemies":"3 Louse","floor":14,"turns":3},{"damage":32,"enemies":"Slime Boss","floor":16,"turns":8}],"seed_played":"-6440006580506485485","potions_obtained":[{"floor":2,"key":"Ancient Potion"},{"floor":4,"key":"SkillPotion"},{"floor":10,"key":"EssenceOfSteel"},{"floor":11,"key":"DuplicationPotion"}],"is_trial":false,"path_per_floor":["M","M","M","M","$","R","E","R","T","M","E","?","?","M","R","B"],"character_chosen":"DEFECT","items_purchased":["Question Card","Steam"],"campfire_rested":2,"item_purchase_floors":[5,5],"current_hp_per_floor":[40,39,39,26,26,26,6,27,27,18,3,3,3,3,24,0,0],"gold":180,"neow_bonus":"TWO_FIFTY_GOLD","is_daily":false,"chose_seed":false,"campfire_upgraded":1,"win_rate":0.0,"timestamp":1614097339,"path_taken":["M","M","M","M","$","R","E","R","T","M","E","?","?","M","R","BOSS"],"items_purchased_type":["Relic","Card"],"build_version":"2020-12-22","purchased_purges":1,"victory":false,"max_hp_per_floor":[71,71,71,71,71,71,71,71,71,71,71,71,71,71,71,71,71],"card_choices":[{"not_picked":["Barrage","Conserve Battery"],"picked":"Melter","floor":1},{"not_picked":["Cold Snap","Static Discharge"],"picked":"Chill","floor":2},{"not_picked":["Chill","Storm"],"picked":"Skim","floor":3},{"not_picked":["Stack","Fusion"],"picked":"Cold Snap","floor":4},{"not_picked":["Scrape","Force Field","Leap"],"picked":"Blizzard","floor":7},{"not_picked":["Steam Power","Conserve Battery","Go for the Eyes"],"picked":"Sweeping Beam","floor":10},{"not_picked":["Double Energy","Meteor Strike","Stack"],"picked":"Compile Driver","floor":11},{"not_picked":["Steam","Ball Lightning","White Noise"],"picked":"Genetic Algorithm","floor":14}],"player_experience":2598444,"relics_obtained":[{"floor":7,"key":"Happy Flower"},{"floor":9,"key":"Oddly Smooth Stone"},{"floor":11,"key":"Juzu Bracelet"}],"event_choices":[{"damage_healed":0,"gold_gain":0,"cards_transformed":["Strike_B"],"player_choice":"Change","damage_taken":0,"max_hp_gain":0,"max_hp_loss":0,"event_name":"Living Wall","floor":12,"gold_loss":0,"cards_obtained":["Gash"]},{"damage_healed":0,"gold_gain":30,"player_choice":"Searched \u00272\u0027 times","damage_taken":0,"max_hp_gain":0,"max_hp_loss":0,"event_name":"Dead Adventurer","floor":13,"gold_loss":0}],"is_beta":false,"boss_relics":[],"items_purged_floors":[5],"is_endless":false,"potions_floor_spawned":[2,4,10,11],"killed_by":"Slime Boss","ascension_level":17}}