{"host":"pjjzz70vl4t83ifx","time":1614038837,"event":{"mods":["AchievementEnabler","BaseMod","Card Forge","Colored Map","Colored Powertips","Highlight Path","Infinite Spire","Minty Spire (QoL Compilation)","Permanent Neow","Practice Mode","Rare Cards Sparkle","Relic Stats","StSLib","Synergy Search"],"gold_per_floor":[114,126,139,156,156,156,156,106,159,159,159,170,170,196,196,270,270,288,33,33,44,44,44],"floor_reached":22,"language":"ENG","playtime":727,"items_purged":[],"score":296,"play_id":"63fe3f8f-aef0-42fd-ad71-c0ec1455a50e","local_time":"20210222160717","is_ascension_mode":true,"campfire_choices":[{"data":"Armaments","floor":6,"key":"SMITH"},{"data":"infinitespire:Starlight","floor":10,"key":"SMITH"},{"data":"Bash","floor":13,"key":"SMITH"},{"data":"Uppercut","floor":15,"key":"SMITH"}],"circlet_count":0,"master_deck":["AscendersBane","Strike_R+1","Strike_R","Strike_R","Strike_R","Defend_R","Defend_R","Defend_R","Defend_R","Bash+1","Uppercut+1","Thunderclap","Armaments+1","Pommel Strike+1","infinitespire:Starlight+1","Demon Form","Heavy Blade","Whirlwind"],"relics":["Burning Blood","Hammer of Thor","Seething Fire","Anvil of the Gods","Potion Belt","Whetstone","Bag of Marbles","Black Star","Frozen Egg 2","infinitespire:PuzzleCube"],"acts_visited":["Exordium","TheCity"],"potions_floor_usage":[16,16,22],"damage_taken":[{"damage":1,"enemies":"Cultist","floor":1,"turns":3},{"damage":11,"enemies":"2 Louse","floor":2,"turns":3},{"damage":0,"enemies":"Small Slimes","floor":3,"turns":3},{"damage":17,"enemies":"3 Louse","floor":4,"turns":4},{"damage":10,"enemies":"Large Slime","floor":12,"turns":6},{"damage":56,"enemies":"Slime Boss","floor":16,"turns":12},{"damage":61,"enemies":"3 Byrds","floor":18,"turns":7},{"damage":45,"enemies":"Shell Parasite","floor":21,"turns":6},{"damage":28,"enemies":"Snake Plant","floor":22,"turns":3}],"seed_played":"-8974222221376534654","potions_obtained":[{"floor":3,"key":"ColorlessPotion"},{"floor":4,"key":"Block Potion"},{"floor":21,"key":"Block Potion"}],"is_trial":false,"path_per_floor":["M","M","M","M","?","R","?","?","T","R","?","M","R","T","R","B",null,"M","$","?","M","M"],"character_chosen":"IRONCLAD","items_purchased":["Frozen Egg 2"],"campfire_rested":0,"item_purchase_floors":[19],"current_hp_per_floor":[80,75,81,70,70,70,49,49,49,49,54,65,65,65,65,30,73,33,33,33,9,0,0],"gold":44,"neow_bonus":"TEN_PERCENT_HP_BONUS","is_daily":false,"chose_seed":false,"campfire_upgraded":4,"win_rate":0.0,"timestamp":1614038837,"path_taken":["M","M","?","M","?","R","?","?","T","R","?","M","R","?","R","BOSS","M","$","?","M","M"],"items_purchased_type":["Relic"],"build_version":"2020-12-22","purchased_purges":0,"victory":false,"max_hp_per_floor":[82,82,82,82,82,82,82,82,82,82,87,87,87,87,87,87,87,87,87,87,87,87,87],"relic_stats":{"counters":[9,47],"Black Star":0,"Whetstone":["Strike_R","Pommel Strike"],"obtain_stats":[{"Potion Belt":5,"Anvil of the Gods":0,"Hammer of Thor":0,"Bag of Marbles":14,"Black Star":17,"Seething Fire":0,"Whetstone":9,"Frozen Egg 2":19,"Burning Blood":0,"infinitespire:PuzzleCube":20},{"Potion Belt":4,"Anvil of the Gods":0,"Hammer of Thor":0,"Bag of Marbles":5,"Black Star":6,"Seething Fire":0,"Whetstone":4,"Frozen Egg 2":7,"Burning Blood":0,"infinitespire:PuzzleCube":7},{"Potion Belt":13,"Anvil of the Gods":0,"Hammer of Thor":0,"Bag of Marbles":19,"Black Star":31,"Seething Fire":0,"Whetstone":13,"Frozen Egg 2":38,"Burning Blood":0,"infinitespire:PuzzleCube":38}],"Burning Blood":48},"card_choices":[{"not_picked":["Dual Wield","Pommel Strike"],"picked":"Uppercut","floor":1},{"not_picked":["Headbutt","Shrug It Off"],"picked":"Thunderclap","floor":2},{"not_picked":["Sword Boomerang","Clothesline"],"picked":"Armaments","floor":3},{"not_picked":["Heavy Blade","Body Slam"],"picked":"Pommel Strike","floor":4},{"not_picked":["infinitespire:Punishment","infinitespire:Fortify"],"picked":"infinitespire:Starlight","floor":7},{"not_picked":["Anger","Twin Strike","Wild Strike"],"picked":"SKIP","floor":12},{"not_picked":["Corruption","Brutality"],"picked":"Demon Form","floor":16},{"not_picked":["Pommel Strike","Anger"],"picked":"Heavy Blade","floor":18},{"not_picked":["Headbutt","Carnage"],"picked":"Whirlwind","floor":21}],"player_experience":262826,"relics_obtained":[{"floor":5,"key":"Potion Belt"},{"floor":9,"key":"Whetstone"},{"floor":14,"key":"Bag of Marbles"}],"event_choices":[{"cards_removed":["Strike_R"],"damage_healed":0,"gold_gain":0,"player_choice":"Card Removal","damage_taken":0,"max_hp_gain":0,"max_hp_loss":0,"event_name":"The Cleric","floor":8,"gold_loss":50},{"damage_healed":0,"gold_gain":0,"player_choice":"Donut","damage_taken":0,"max_hp_gain":5,"max_hp_loss":0,"event_name":"Big Fish","floor":11,"gold_loss":0},{"damage_healed":0,"gold_gain":0,"player_choice":"Opened","damage_taken":0,"relics_obtained":["infinitespire:PuzzleCube"],"max_hp_gain":0,"max_hp_loss":0,"event_name":"The Mausoleum","floor":20,"gold_loss":0}],"is_beta":false,"boss_relics":[{"not_picked":["Runic Cube","Calling Bell"],"picked":"Black Star"}],"items_purged_floors":[],"is_endless":false,"potions_floor_spawned":[3,4,21],"killed_by":"Snake Plant","ascension_level":14}}