{"host":"yp3213dt42p7qr93","time":1614053338,"event":{"mods":["AchievementEnabler","BaseMod","Minty Spire (QoL Compilation)","Relic Stats"],"gold_per_floor":[118,193,39,55,75,75,108,122,122,122,141,156,156,186,186,281,281,300,300,300,316,65,92,105,15,15,15,15],"floor_reached":27,"language":"ENG","playtime":1276,"items_purged":["Strike_R","Writhe"],"score":291,"play_id":"ecbf42ce-fc8a-4358-864c-d1052bc636ec","local_time":"20210222230858","is_ascension_mode":true,"campfire_choices":[{"data":"Bash","floor":6.0,"key":"SMITH"},{"data":"Anger","floor":10.0,"key":"SMITH"},{"floor":15.0,"key":"REST"}],"circlet_count":0,"master_deck":["Strike_R","Strike_R","Strike_R","Defend_R","Defend_R","Defend_R","Defend_R","Bash+1","Headbutt","Spot Weakness","Anger+1","Demon Form","Clothesline","Evolve","Limit Break+1","Sword Boomerang","Battle Trance","Pain"],"relics":["Cursed Key","Kunai","Letter Opener","SlaversCollar","Enchiridion","Blue Candle","Lee\u0027s Waffle","Regal Pillow"],"acts_visited":[],"potions_floor_usage":[24],"damage_taken":[{"damage":7.0,"enemies":"Jaw Worm","floor":1.0,"turns":3.0},{"damage":1.0,"enemies":"Cultist","floor":4.0,"turns":3.0},{"damage":3.0,"enemies":"Small Slimes","floor":5.0,"turns":3.0},{"damage":25.0,"enemies":"Lagavulin","floor":7.0,"turns":6.0},{"damage":6.0,"enemies":"Exordium Wildlife","floor":8.0,"turns":4.0},{"damage":4.0,"enemies":"Blue Slaver","floor":11.0,"turns":3.0},{"damage":12.0,"enemies":"Large Slime","floor":12.0,"turns":5.0},{"damage":10.0,"enemies":"Slime Boss","floor":16.0,"turns":6.0},{"damage":15.0,"enemies":"Chosen","floor":18.0,"turns":5.0},{"damage":23.0,"enemies":"Spheric Guardian","floor":21.0,"turns":4.0},{"damage":38.0,"enemies":"Book of Stabbing","floor":23.0,"turns":5.0},{"damage":55,"enemies":"Shelled Parasite and Fungi","floor":24,"turns":5},{"damage":15,"enemies":"Slavers","floor":27,"turns":1}],"seed_played":"-1669031042644738075","potions_obtained":[{"floor":4.0,"key":"Dexterity Potion"},{"floor":5.0,"key":"Fire Potion"},{"floor":8.0,"key":"Dexterity Potion"},{"floor":23.0,"key":"BloodPotion"}],"is_trial":false,"path_per_floor":["M","?","$","M","M","R","E","M","T","R","M","M","?","?","R","B",null,"M","?","?","M","$","E","M","?","T","E"],"character_chosen":"IRONCLAD","items_purchased":["Spot Weakness","Lee\u0027s Waffle"],"campfire_rested":1,"item_purchase_floors":[3,22],"current_hp_per_floor":[73,65,65,64,61,61,36,30,30,30,26,14,7,7,31,21,65,50,34,34,11,87,49,11,11,11,0,0],"gold":15,"neow_bonus":"BOSS_RELIC","is_daily":false,"chose_seed":false,"campfire_upgraded":2,"win_rate":0.0,"timestamp":1614053338,"path_taken":["M","?","$","M","M","R","E","M","T","R","M","?","?","?","R","BOSS","BOSS","M","?","?","M","$","E","M","?","T","E"],"items_purchased_type":["Card","Relic"],"build_version":"2020-12-22","purchased_purges":2,"victory":false,"max_hp_per_floor":[80,80,80,80,80,80,80,80,80,80,80,80,80,80,80,80,80,80,80,80,80,87,87,87,87,87,87,87],"relic_stats":{"Lee\u0027s Waffle":0,"Regal Pillow":0,"counters":[2,6],"Blue Candle":[0],"Kunai":[2],"Letter Opener":[0],"Cursed Key":1,"obtain_stats":[{"SlaversCollar":0,"Lee\u0027s Waffle":0,"Regal Pillow":0,"Blue Candle":0,"Enchiridion":0,"Kunai":0,"Letter Opener":0,"Cursed Key":0},{"SlaversCollar":0,"Lee\u0027s Waffle":0,"Regal Pillow":0,"Blue Candle":0,"Enchiridion":0,"Kunai":0,"Letter Opener":0,"Cursed Key":0},{"SlaversCollar":0,"Lee\u0027s Waffle":0,"Regal Pillow":0,"Blue Candle":0,"Enchiridion":0,"Kunai":0,"Letter Opener":0,"Cursed Key":0}]},"card_choices":[{"not_picked":["Sword Boomerang","Flex"],"picked":"Headbutt","floor":1.0},{"not_picked":["Havoc","Warcry","Thunderclap"],"picked":"SKIP","floor":4.0},{"not_picked":["Bloodletting","Warcry"],"picked":"Anger","floor":5.0},{"not_picked":["Anger","Heavy Blade"],"picked":"Demon Form","floor":7.0},{"not_picked":["Twin Strike","Thunderclap"],"picked":"Clothesline","floor":8.0},{"not_picked":["Flex","Twin Strike"],"picked":"Evolve","floor":11.0},{"not_picked":["Headbutt","Seeing Red","Pommel Strike"],"picked":"SKIP","floor":12.0},{"not_picked":["Juggernaut","Bludgeon"],"picked":"Limit Break","floor":16.0},{"not_picked":["Perfected Strike","Rage","Infernal Blade"],"picked":"SKIP","floor":18.0},{"not_picked":["Thunderclap","Cleave","Bloodletting+1"],"picked":"SKIP","floor":21.0},{"not_picked":["Body Slam","Wild Strike"],"picked":"Sword Boomerang","floor":23.0},{"not_picked":["Reckless Charge","Anger"],"picked":"Battle Trance","floor":24}],"player_experience":105626,"relics_obtained":[{"floor":7.0,"key":"Kunai"},{"floor":9.0,"key":"Letter Opener"},{"floor":19.0,"key":"Enchiridion"},{"floor":23.0,"key":"Regal Pillow"}],"event_choices":[{"damage_healed":0.0,"max_hp_gain":0.0,"max_hp_loss":0.0,"gold_gain":75.0,"event_name":"FaceTrader","player_choice":"Touch","floor":2.0,"gold_loss":0.0,"damage_taken":8.0},{"cards_removed":["Writhe"],"damage_healed":0.0,"max_hp_gain":0.0,"max_hp_loss":0.0,"gold_gain":0.0,"event_name":"Golden Wing","player_choice":"Card Removal","floor":13.0,"gold_loss":0.0,"damage_taken":7.0},{"damage_healed":0.0,"max_hp_gain":0.0,"max_hp_loss":0.0,"gold_gain":30.0,"event_name":"Dead Adventurer","player_choice":"Searched \u00272\u0027 times","floor":14.0,"gold_loss":0.0,"damage_taken":0.0},{"damage_healed":0.0,"max_hp_gain":0.0,"max_hp_loss":0.0,"gold_gain":0.0,"event_name":"Cursed Tome","player_choice":"Obtained Book","floor":19.0,"gold_loss":0.0,"damage_taken":16.0},{"damage_healed":0.0,"max_hp_gain":0.0,"max_hp_loss":0.0,"gold_gain":0.0,"event_name":"The Mausoleum","player_choice":"Opened","floor":20.0,"gold_loss":0.0,"damage_taken":0.0,"relics_obtained":["Blue Candle"],"cards_obtained":["Writhe"]},{"cards_removed":["Strike_R"],"damage_healed":0,"gold_gain":0,"player_choice":"Upgrade and Remove","damage_taken":0,"max_hp_gain":0,"max_hp_loss":0,"event_name":"Designer","floor":25,"gold_loss":90,"cards_upgraded":["Limit Break"]}],"is_beta":false,"boss_relics":[{"not_picked":["Calling Bell","Snecko Eye"],"picked":"SlaversCollar"}],"items_purged_floors":[3,22],"is_endless":false,"potions_floor_spawned":[4,5,8,23],"killed_by":"Slavers","ascension_level":5}}