{"host":"fm9e0lfunjlbhzxv","time":1614106234,"event":{"mods":["Alarm Clock","BaseMod","Bestiary","Better Match","Better Skull","Better Third Choice","Colored Map","Colored Powertips","Downfall","Good Game Mod","Key Reminder","Minty Spire (QoL Compilation)","Permanent Neow","Random Character Button","Rare Cards Sparkle","Relic Stats","Spire Arcade","StSLib","slay the spire mod where everything is the same but ironclad has a cowboy hat"],"gold_per_floor":[99,110,125,138,153,138,138,38,52,70,99,99,10,21,35,135,135,35,46,66,51,51,61,86,142,176,194,194,194,194],"floor_reached":28,"language":"ENG","playtime":2174,"items_purged":[],"score":281,"play_id":"965a62a9-6d1f-4ad3-942f-fa4051259a5b","local_time":"20210223105034","is_ascension_mode":true,"campfire_choices":[{"floor":1,"key":"RECALL"},{"data":"hexamod:ApocalypticArmor","floor":8,"key":"SMITH"},{"data":"hexamod:ForkedFlame","floor":18,"key":"SMITH"}],"circlet_count":0,"master_deck":["hexamod:Strike","hexamod:Strike","hexamod:Strike","hexamod:Strike","hexamod:Defend","hexamod:Defend","hexamod:Defend","hexamod:Defend","hexamod:Sear","hexamod:Float","Guardian:StasisField","hexamod:SpectersWail","hexamod:CatchUp","hexamod:ApocalypticArmor+1","hexamod:PhantomFireball","hexamod:FastForward","hexamod:SoulSteal","hexamod:ForkedFlame+1","hexamod:Toasty","hexamod:StepThrough","hexamod:FastForward","hexamod:GhostflameBarrier","hexamod:VolcanoVisage","hexamod:ThirdSeal","hexamod:NightmareStrike+1","hexamod:HauntingEcho","hexamod:HauntingEcho","hexamod:GhostflameBarrier+1","downfall:Bewildered","hexamod:Hexaguard","hexamod:WildfireWeapon","hexamod:FlamesFromBeyond+1","hexamod:ForkedFlame","hexamod:GhostOfSpirePresent","hexamod:EmpoweredFlame","hexamod:FastForward+1"],"relics":["REME:ComplimentaryCards","Velvet Choker","keyreminder:keyreminder","Pantograph","downfall:HeartBlessingRed","StoneCalendar","hexamod:IceCube","downfall:HeartBlessingGreen","sneckomod:BabySnecko","MawBank","Membership Card","Bronze Scales","MealTicket"],"acts_visited":["Exordium","TheCity"],"potions_floor_usage":[11,21],"damage_taken":[{"damage":0,"enemies":"Cultist","floor":2,"turns":3},{"damage":0,"enemies":"Jaw Worm","floor":3,"turns":3},{"damage":3,"enemies":"2 Louse","floor":4,"turns":3},{"damage":7,"enemies":"2 Fungi Beasts","floor":5,"turns":4},{"damage":5,"enemies":"downfall:FleeingMerchant","floor":6,"turns":4},{"damage":7,"enemies":"3 Louse","floor":9,"turns":3},{"damage":7,"enemies":"Exordium Wildlife","floor":10,"turns":3},{"damage":9,"enemies":"3 Sentries","floor":11,"turns":7},{"damage":10,"enemies":"downfall:FleeingMerchant","floor":13,"turns":4},{"damage":3,"enemies":"Gremlin Gang","floor":14,"turns":2},{"damage":0,"enemies":"2 Fungi Beasts","floor":15,"turns":3},{"damage":31,"enemies":"WA_ARCHETYPE_RETAIN","floor":16,"turns":5},{"damage":10,"enemies":"3 Byrds","floor":19,"turns":3},{"damage":0,"enemies":"Chosen","floor":20,"turns":4},{"damage":14,"enemies":"downfall:FleeingMerchant","floor":21,"turns":5},{"damage":13,"enemies":"Shelled Parasite and Fungi","floor":23,"turns":4},{"damage":0,"enemies":"downfall:FleeingMerchant","floor":25,"turns":4},{"damage":26,"enemies":"Slavers","floor":26,"turns":4},{"damage":0,"enemies":"Chosen and Byrds","floor":27,"turns":5},{"damage":15,"enemies":"Snecko","floor":28,"turns":2}],"seed_played":"5082795753376015362","potions_obtained":[{"floor":3,"key":"EssenceOfSteel"},{"floor":9,"key":"Fire Potion"},{"floor":11,"key":"Dexterity Potion"},{"floor":14,"key":"DistilledChaos"},{"floor":20,"key":"hexamod:InfernoChargePotion"},{"floor":27,"key":"Regen Potion"}],"is_trial":false,"path_per_floor":["R","M","M","M","M","$","T","R","M","M","E","?","$","M","M","B",null,"R","M","M","$","?","M","T","$","E","M","M"],"character_chosen":"THE_SPIRIT","items_purchased":["hexamod:StepThrough","Membership Card","Bronze Scales","hexamod:ForkedFlame"],"campfire_rested":0,"item_purchase_floors":[13,25,25,25],"current_hp_per_floor":[70,70,70,67,60,55,55,55,48,41,32,32,22,19,19,13,70,70,60,60,46,46,33,33,33,7,7,0,0,0],"gold":194,"neow_bonus":"BOSS_RELIC","is_daily":false,"chose_seed":false,"campfire_upgraded":2,"win_rate":0.0,"timestamp":1614106234,"path_taken":["R","M","?","M","?","$","T","R","M","M","E","?","$","M","M","BOSS","R","M","M","$","?","M","T","$","E","M","M"],"items_purchased_type":["Card","Relic","Relic","Card"],"build_version":"2020-12-22","purchased_purges":0,"victory":false,"max_hp_per_floor":[70,70,70,70,70,70,70,70,70,70,70,70,70,70,70,70,70,70,70,70,70,70,70,70,70,70,70,70,70,70],"relic_stats":{"counters":[20,75],"Pantograph":25,"Bronze Scales":[48],"StoneCalendar":[0],"MealTicket":0,"MawBank":12,"obtain_stats":[{"downfall:HeartBlessingRed":8,"Velvet Choker":0,"StoneCalendar":11,"downfall:HeartBlessingGreen":18,"MawBank":24,"keyreminder:keyreminder":1,"sneckomod:BabySnecko":22,"REME:ComplimentaryCards":0,"Pantograph":7,"Bronze Scales":25,"MealTicket":26,"Membership Card":25,"hexamod:SpiritBrand":0,"hexamod:IceCube":17},{"downfall:HeartBlessingRed":5,"Velvet Choker":0,"StoneCalendar":8,"downfall:HeartBlessingGreen":12,"MawBank":16,"keyreminder:keyreminder":0,"sneckomod:BabySnecko":15,"REME:ComplimentaryCards":0,"Pantograph":5,"Bronze Scales":17,"MealTicket":18,"Membership Card":17,"hexamod:SpiritBrand":0,"hexamod:IceCube":12},{"downfall:HeartBlessingRed":17,"Velvet Choker":0,"StoneCalendar":30,"downfall:HeartBlessingGreen":44,"MawBank":60,"keyreminder:keyreminder":0,"sneckomod:BabySnecko":56,"REME:ComplimentaryCards":0,"Pantograph":17,"Bronze Scales":64,"MealTicket":68,"Membership Card":64,"hexamod:SpiritBrand":0,"hexamod:IceCube":44}]},"card_choices":[{"not_picked":["hexamod:CatchUp","hexamod:RetreatToShadows"],"picked":"hexamod:SpectersWail","floor":2},{"not_picked":["hexamod:BurningTouch","hexamod:GhostShield","hexamod:AdvancingGuard"],"picked":"SKIP","floor":3},{"not_picked":["hexamod:NecessarySacrifice","hexamod:HeatShield"],"picked":"hexamod:CatchUp","floor":4},{"not_picked":["hexamod:AdvancingGuard","hexamod:SpectralAdrenaline"],"picked":"hexamod:ApocalypticArmor","floor":5},{"not_picked":["hexamod:NecessarySacrifice","hexamod:HeatShield"],"picked":"hexamod:PhantomFireball","floor":6},{"not_picked":["hexamod:ExtraCrispy","hexamod:SpectersWail"],"picked":"hexamod:FastForward","floor":9},{"not_picked":["hexamod:Firestarter","hexamod:SecondSeal"],"picked":"hexamod:SoulSteal","floor":10},{"not_picked":["hexamod:NightmareStrike","hexamod:GhostLash"],"picked":"hexamod:ForkedFlame","floor":11},{"not_picked":["hexamod:SpectralAdrenaline","hexamod:PhantomFireball"],"picked":"hexamod:Toasty","floor":13},{"not_picked":["hexamod:NightmareStrike","hexamod:FlamesFromBeyond"],"picked":"hexamod:FastForward","floor":14},{"not_picked":["hexamod:HeatMetal","hexamod:SpectralSpark"],"picked":"hexamod:GhostflameBarrier","floor":15},{"not_picked":["hexamod:ApocalypticArmor","hexamod:FlameSwitch"],"picked":"hexamod:VolcanoVisage","floor":16},{"not_picked":["hexamod:NecessarySacrifice","hexamod:FlamesFromBeyond+1"],"picked":"hexamod:ThirdSeal","floor":19},{"not_picked":["hexamod:RecurringNightmare","hexamod:FastForward"],"picked":"hexamod:NightmareStrike+1","floor":20},{"not_picked":["hexamod:BacktrackSmack","hexamod:ChargedBarrage"],"picked":"hexamod:HauntingEcho","floor":20},{"not_picked":["hexamod:SkipABeat","hexamod:GhostLash"],"picked":"hexamod:HauntingEcho","floor":21},{"not_picked":["hexamod:GhostOfSpirePast","hexamod:EtherealExpedition"],"picked":"hexamod:GhostflameBarrier+1","floor":21},{"not_picked":["hexamod:NightmareStrike","hexamod:SpectersWail"],"picked":"hexamod:Hexaguard","floor":23},{"not_picked":["hexamod:ThirdSeal","hexamod:DynamicBlow"],"picked":"hexamod:WildfireWeapon","floor":23},{"not_picked":["hexamod:NecessarySacrifice","hexamod:ThermalTransfer"],"picked":"hexamod:FlamesFromBeyond+1","floor":25},{"not_picked":["hexamod:HauntingEcho","hexamod:BurningTouch"],"picked":"hexamod:GhostOfSpirePresent","floor":26},{"not_picked":["hexamod:FlamesFromBeyond","hexamod:UnlimitedPower"],"picked":"hexamod:EmpoweredFlame","floor":27},{"not_picked":["hexamod:ShieldOfDarkness","hexamod:GhostflameBarrier"],"picked":"hexamod:FastForward+1","floor":27}],"player_experience":586565,"relics_obtained":[{"floor":7,"key":"Pantograph"},{"floor":11,"key":"StoneCalendar"},{"floor":24,"key":"MawBank"},{"floor":26,"key":"MealTicket"}],"event_choices":[],"is_beta":false,"boss_relics":[{"not_picked":["Cursed Key","SacredBark"],"picked":"hexamod:IceCube"}],"items_purged_floors":[],"is_endless":false,"potions_floor_spawned":[3,9,11,14,20,27],"killed_by":"Snecko","ascension_level":1}}