{"host":"lufzn74xe9ct3rkf","time":1614061044,"event":{"mods":["AchievementEnabler","BaseMod","Evolution","Minty Spire (QoL Compilation)","StSLib","Treasure Hunter"],"gold_per_floor":[130,141,153,58,58,58,78,117,117,117,137,161,161,175,175,298,298,316,332,14,38,38,38,56,56,80,101,146,146,164,185,185,185,185],"floor_reached":33,"language":"ENG","playtime":2034,"items_purged":["Masterful Stab"],"score":298,"play_id":"91ade53d-4bd5-4efb-8b5a-e648ba6bdf77","local_time":"20210222221724","is_ascension_mode":false,"campfire_choices":[{"data":"Neutralize","floor":6,"key":"SMITH"},{"data":"After Image","floor":15,"key":"SMITH"},{"data":"Phantasmal Killer","floor":23,"key":"SMITH"},{"data":"Flying Knee","floor":25,"key":"SMITH"},{"floor":32,"key":"REST"}],"circlet_count":0,"master_deck":["Quick Slash","Strike_G","Strike_G","Strike_G","Strike_G","Defend_G","Defend_G","Defend_G","Defend_G","Defend_G","Survivor","Neutralize+1","After Image+1","Dagger Spray","Blade Dance","Slice","Flying Knee+1","Dagger Spray","TH:Mimic","Noxious Fumes","TH:DeckOfManyThings","Quick Slash","Dagger Throw","Prepared","TH:CopperCoins","Phantasmal Killer+1","Riddle With Holes+1","Deflect+1","Underhanded Strike","Footwork","Backflip","Blade Dance","Poisoned Stab","TH:PixieDust","Dagger Throw","TH:DeckOfManyThings","Flying Knee","Caltrops","Backstab","Flechettes+1"],"relics":["Ring of the Snake","EVO:Axolotl","Golden Idol","Mummified Hand","Gremlin Horn","HoveringKite","Snake Skull","Regal Pillow"],"acts_visited":["Exordium","TheCity"],"potions_floor_usage":[7,16,16,21,27,28,31],"damage_taken":[{"damage":1,"enemies":"Cultist","floor":1,"turns":3},{"damage":0,"enemies":"Jaw Worm","floor":2,"turns":3},{"damage":0,"enemies":"Small Slimes","floor":3,"turns":2},{"damage":0,"enemies":"2 Fungi Beasts","floor":7,"turns":2},{"damage":13,"enemies":"3 Sentries","floor":8,"turns":5},{"damage":0,"enemies":"Lots of Slimes","floor":11,"turns":1},{"damage":0,"enemies":"3 Louse","floor":12,"turns":1},{"damage":0,"enemies":"Gremlin Gang","floor":14,"turns":1},{"damage":15,"enemies":"Hexaghost","floor":16,"turns":9},{"damage":10,"enemies":"Spheric Guardian","floor":18,"turns":4},{"damage":0,"enemies":"Chosen","floor":19,"turns":3},{"damage":41,"enemies":"Snecko","floor":21,"turns":7},{"damage":8,"enemies":"3 Cultists","floor":24,"turns":5},{"damage":9,"enemies":"Shelled Parasite and Fungi","floor":27,"turns":4},{"damage":18,"enemies":"Slavers","floor":28,"turns":5},{"damage":5,"enemies":"Snecko","floor":30,"turns":4},{"damage":0,"enemies":"Chosen and Byrds","floor":31,"turns":5},{"damage":80,"enemies":"Collector","floor":33,"turns":9}],"seed_played":"8733624397736305071","potions_obtained":[{"floor":3,"key":"SpeedPotion"},{"floor":11,"key":"Fire Potion"},{"floor":12,"key":"FairyPotion"},{"floor":14,"key":"Fire Potion"},{"floor":19,"key":"Fire Potion"},{"floor":21,"key":"Poison Potion"},{"floor":27,"key":"Block Potion"},{"floor":30,"key":"DistilledChaos"}],"is_trial":false,"path_per_floor":["M","M","M","$","?","R","M","E","T","?","M","M","?","M","R","B",null,"M","M","$","M","?","R","M","R","T","M","E","?","M","M","R","B"],"character_chosen":"THE_SILENT","items_purchased":["Slice","Flying Knee","Underhanded Strike","Footwork","Finesse","Backflip"],"campfire_rested":1,"item_purchase_floors":[4,4,20,20,20,20],"current_hp_per_floor":[69,69,69,69,52,52,52,39,39,62,62,62,62,62,62,47,70,60,60,60,19,70,70,62,62,62,53,35,35,30,30,66,9,9],"gold":185,"neow_bonus":"ONE_RANDOM_RARE_CARD","is_daily":false,"chose_seed":false,"campfire_upgraded":4,"win_rate":0.0,"timestamp":1614061044,"path_taken":["M","M","M","?","?","R","M","E","T","?","M","M","?","M","R","BOSS","M","M","$","M","?","R","M","R","T","?","E","?","M","M","R","BOSS"],"items_purchased_type":["Card","Card","Card","Card","Card","Card"],"build_version":"2020-12-22","purchased_purges":1,"victory":false,"max_hp_per_floor":[70,70,70,70,70,70,70,70,70,70,70,70,70,70,70,70,70,70,70,70,70,70,70,70,70,70,70,70,70,70,70,70,70,70],"card_choices":[{"not_picked":["Outmaneuver","Dodge and Roll"],"picked":"Dagger Spray","floor":1},{"not_picked":["Quick Slash","Dagger Throw"],"picked":"Masterful Stab","floor":2},{"not_picked":["Deadly Poison","Blur"],"picked":"Blade Dance","floor":3},{"not_picked":["Quick Slash","PiercingWail"],"picked":"Dagger Spray","floor":7},{"not_picked":["TH:CursedSword"],"picked":"TH:Mimic","floor":8},{"not_picked":["Choke","Acrobatics"],"picked":"Noxious Fumes","floor":8},{"not_picked":["TH:Mimic"],"picked":"TH:DeckOfManyThings","floor":9},{"not_picked":["Outmaneuver","PiercingWail"],"picked":"Quick Slash","floor":11},{"not_picked":["Skewer","Prepared"],"picked":"Dagger Throw","floor":12},{"not_picked":["Expertise","PiercingWail"],"picked":"Prepared","floor":14},{"not_picked":["TH:CursedSword"],"picked":"TH:CopperCoins","floor":16},{"not_picked":["Envenom","Bullet Time"],"picked":"Phantasmal Killer","floor":16},{"not_picked":["Quick Slash","Flying Knee"],"picked":"Riddle With Holes+1","floor":18},{"not_picked":["Sucker Punch","Noxious Fumes"],"picked":"Deflect+1","floor":19},{"not_picked":["Deadly Poison+1","Sucker Punch"],"picked":"Blade Dance","floor":21},{"not_picked":["Caltrops","Endless Agony+1"],"picked":"Poisoned Stab","floor":24},{"not_picked":["TH:CursedSword"],"picked":"TH:PixieDust","floor":26},{"not_picked":["Backflip","Doppelganger"],"picked":"Dagger Throw","floor":27},{"not_picked":["TH:CopperCoins"],"picked":"TH:DeckOfManyThings","floor":28},{"not_picked":["PiercingWail+1","Blade Dance"],"picked":"Flying Knee","floor":28},{"not_picked":["Riddle With Holes","Calculated Gamble+1"],"picked":"Backstab","floor":30},{"not_picked":["Quick Slash","Reflex+1"],"picked":"Flechettes+1","floor":31}],"player_experience":29793,"relics_obtained":[{"floor":8,"key":"Mummified Hand"},{"floor":9,"key":"Gremlin Horn"},{"floor":26,"key":"Snake Skull"},{"floor":28,"key":"Regal Pillow"}],"event_choices":[{"damage_healed":0,"gold_gain":0,"player_choice":"Take Damage","damage_taken":17,"relics_obtained":["Golden Idol"],"max_hp_gain":0,"max_hp_loss":0,"event_name":"Golden Idol","floor":5,"gold_loss":0},{"damage_healed":23,"gold_gain":0,"player_choice":"Banana","damage_taken":0,"max_hp_gain":0,"max_hp_loss":0,"event_name":"Big Fish","floor":10,"gold_loss":0},{"damage_healed":0,"gold_gain":0,"player_choice":"Fled","damage_taken":0,"max_hp_gain":0,"max_hp_loss":0,"event_name":"Scrap Ooze","floor":13,"gold_loss":0},{"cards_removed":["Finesse"],"damage_healed":51,"gold_gain":0,"player_choice":"Offered Uncommon","damage_taken":0,"max_hp_gain":0,"max_hp_loss":0,"event_name":"Bonfire Elementals","floor":22,"gold_loss":0},{"damage_healed":0,"gold_gain":0,"player_choice":"Read","damage_taken":0,"max_hp_gain":0,"max_hp_loss":0,"event_name":"The Library","floor":29,"gold_loss":0,"cards_obtained":["Caltrops"]}],"is_beta":false,"boss_relics":[{"not_picked":["Ectoplasm","Fusion Hammer"],"picked":"HoveringKite"}],"items_purged_floors":[20],"is_endless":false,"potions_floor_spawned":[3,11,12,14,19,21,27,30],"killed_by":"Collector","ascension_level":0}}