{"host":"en4narc5947t7k9n","time":1614116671,"event":{"mods":["AchievementEnabler","BaseMod","Colored Map","Minty Spire (QoL Compilation)","SuperFastMode"],"gold_per_floor":[109,109,109,34,45,71,71,105,105,105,134,154,154,173,173,278,278,247,247,247,264,264,264,293,305,305,305,220,234,234,53,53,53,53],"floor_reached":33,"language":"KOR","playtime":1580,"items_purged":["Regret"],"score":306,"play_id":"6bbf456d-361c-4627-86da-5e45724fa035","local_time":"20210224064431","is_ascension_mode":false,"campfire_choices":[{"floor":7,"key":"RECALL"},{"data":"Calculated Gamble","floor":10,"key":"SMITH"},{"data":"Leg Sweep","floor":13,"key":"SMITH"},{"data":"Deadly Poison","floor":15,"key":"SMITH"},{"floor":23,"key":"REST"},{"floor":27,"key":"REST"},{"data":"Neutralize","floor":30,"key":"SMITH"},{"data":"Masterful Stab","floor":32,"key":"SMITH"}],"circlet_count":0,"master_deck":["Strike_G","Strike_G","Strike_G","Strike_G","Defend_G","Defend_G+1","Defend_G","Defend_G","Defend_G+1","Survivor","Neutralize+1","Calculated Gamble+1","All Out Attack","Outmaneuver","Leg Sweep+1","Deadly Poison+1","Reflex","Prepared","Burst","Footwork+1","Slice","Poisoned Stab","Catalyst+1","Finisher","Masterful Stab+1"],"relics":["Ring of the Snake","NeowsBlessing","Blue Candle","Mercury Hourglass","War Paint","Meat on the Bone","WristBlade","Nilry\u0027s Codex","Kunai","PreservedInsect","Sundial","TwistedFunnel"],"acts_visited":["Exordium","TheCity"],"potions_floor_usage":[8,11,16,33,33],"damage_taken":[{"damage":0,"enemies":"2 Louse","floor":1,"turns":1},{"damage":0,"enemies":"Jaw Worm","floor":5,"turns":1},{"damage":0,"enemies":"Gremlin Nob","floor":6,"turns":1},{"damage":32,"enemies":"3 Sentries","floor":8,"turns":5},{"damage":26,"enemies":"Gremlin Nob","floor":11,"turns":5},{"damage":0,"enemies":"Cultist","floor":12,"turns":4},{"damage":0,"enemies":"Large Slime","floor":14,"turns":6},{"damage":14,"enemies":"The Guardian","floor":16,"turns":14},{"damage":21,"enemies":"2 Thieves","floor":18,"turns":5},{"damage":31,"enemies":"Chosen","floor":21,"turns":6},{"damage":25,"enemies":"Book of Stabbing","floor":24,"turns":8},{"damage":10,"enemies":"Snake Plant","floor":25,"turns":4},{"damage":12,"enemies":"Cultist and Chosen","floor":29,"turns":6},{"damage":48,"enemies":"Automaton","floor":33,"turns":12}],"seed_played":"4469321230676539919","potions_obtained":[{"floor":1,"key":"AttackPotion"},{"floor":5,"key":"Poison Potion"},{"floor":14,"key":"LiquidMemories"},{"floor":21,"key":"Block Potion"},{"floor":29,"key":"Weak Potion"}],"is_trial":false,"path_per_floor":["M","$","?","$","M","E","R","E","T","R","E","M","R","M","R","B",null,"M","?","$","M","?","R","E","M","T","R","?","M","R","$","R","B"],"character_chosen":"THE_SILENT","items_purchased":["Masterful Stab","TwistedFunnel"],"campfire_rested":2,"item_purchase_floors":[31,31],"current_hp_per_floor":[70,70,70,70,70,70,70,38,38,38,12,24,24,36,36,34,70,49,33,33,14,14,35,22,24,24,45,45,45,45,45,45,0,0],"gold":53,"neow_bonus":"THREE_ENEMY_KILL","is_daily":false,"chose_seed":false,"campfire_upgraded":5,"win_rate":0.0,"timestamp":1614116671,"path_taken":["M","$","?","$","M","E","R","E","T","R","E","M","R","M","R","BOSS","M","?","$","M","?","R","E","?","T","R","?","M","R","$","R","BOSS"],"items_purchased_type":["Card","Relic"],"build_version":"2020-12-22","purchased_purges":1,"victory":false,"max_hp_per_floor":[70,70,70,70,70,70,70,70,70,70,70,70,70,70,70,70,70,70,70,70,70,70,70,70,70,70,70,70,70,70,70,70,70,70],"card_choices":[{"not_picked":["Underhanded Strike","Acrobatics"],"picked":"Calculated Gamble","floor":1},{"not_picked":["Bane","Outmaneuver"],"picked":"All Out Attack","floor":5},{"not_picked":["Riddle With Holes","Setup"],"picked":"Outmaneuver","floor":6},{"not_picked":["Blade Dance","Slice"],"picked":"Leg Sweep","floor":8},{"not_picked":["PiercingWail","Finisher"],"picked":"Deadly Poison","floor":11},{"not_picked":["Blade Dance","PiercingWail"],"picked":"Reflex","floor":12},{"not_picked":["Sucker Punch","Outmaneuver"],"picked":"Prepared","floor":14},{"not_picked":["Night Terror","Glass Knife"],"picked":"Burst","floor":16},{"not_picked":["Choke+1","Deadly Poison"],"picked":"Footwork+1","floor":18},{"not_picked":["Reflex","Flying Knee"],"picked":"Slice","floor":21},{"not_picked":["Dagger Spray","Setup"],"picked":"Poisoned Stab","floor":24},{"not_picked":["Backflip","Distraction"],"picked":"Catalyst+1","floor":25},{"not_picked":["Underhanded Strike","Dagger Throw"],"picked":"Finisher","floor":29}],"player_experience":189447,"relics_obtained":[{"floor":6,"key":"Mercury Hourglass"},{"floor":8,"key":"War Paint"},{"floor":11,"key":"Meat on the Bone"},{"floor":19,"key":"Nilry\u0027s Codex"},{"floor":24,"key":"Kunai"},{"floor":26,"key":"PreservedInsect"}],"event_choices":[{"damage_healed":0,"gold_gain":0,"player_choice":"Box","damage_taken":0,"relics_obtained":["Blue Candle"],"max_hp_gain":0,"max_hp_loss":0,"event_name":"Big Fish","floor":3,"gold_loss":0,"cards_obtained":["Regret"]},{"damage_healed":0,"gold_gain":0,"player_choice":"Obtained Book","damage_taken":16,"max_hp_gain":0,"max_hp_loss":0,"event_name":"Cursed Tome","floor":19,"gold_loss":0},{"cards_removed":["Strike_G"],"damage_healed":0,"gold_gain":0,"player_choice":"Purged","damage_taken":0,"max_hp_gain":0,"max_hp_loss":0,"event_name":"Purifier","floor":22,"gold_loss":0},{"damage_healed":0,"gold_gain":0,"player_choice":"Obtained Relic","damage_taken":0,"relics_obtained":["Sundial"],"max_hp_gain":0,"max_hp_loss":0,"event_name":"Addict","floor":28,"gold_loss":85}],"is_beta":false,"boss_relics":[{"not_picked":["Tiny House","Pandora\u0027s Box"],"picked":"WristBlade"}],"items_purged_floors":[4],"is_endless":false,"potions_floor_spawned":[1,5,14,21,29],"killed_by":"Automaton","ascension_level":0}}