{"host":"wq0pzln9h9r005f2","time":1614042474,"event":{"mods":["AchievementEnabler","BaseMod","BetterRewards","Googly Eyes","Highlight Path","Minty Spire (QoL Compilation)","Permanent Neow","Quick Restart","Rare Cards Sparkle","Relic Stats","StSLib","SuperFastMode","The IronCluck","egg"],"gold_per_floor":[111,111,111,126,126,145,145,164,164,190,190,45,61,74,74,175,175,189,139,154,165,180,180,48,48,48,48,81,81,81,97,97,97,97],"floor_reached":33,"language":"ENG","playtime":1007,"items_purged":["Strike_R"],"score":267,"play_id":"82c166b6-6788-434c-aad3-c6c4a52ef13e","local_time":"20210222180754","is_ascension_mode":false,"campfire_choices":[{"data":"True Grit","floor":7,"key":"SMITH"},{"data":"Body Slam","floor":15,"key":"SMITH"},{"data":"Body Slam","floor":23,"key":"SMITH"},{"data":"Entrench","floor":25,"key":"SMITH"},{"data":"Armaments","floor":32,"key":"SMITH"}],"circlet_count":0,"master_deck":["Strike_R","Strike_R","Strike_R+1","Defend_R","Defend_R","Defend_R","Defend_R+1","Bash+1","True Grit+1","Metallicize+1","Body Slam+1","Armaments+1","Immolate","Body Slam+1","Entrench+1","Good Instincts","Warcry","Feed","Shame","True Grit+1"],"relics":["Burning Blood","Anchor","Question Card","Bottled Lightning","Mummified Hand","Sozu","Self Forming Clay","Bag of Marbles","FossilizedHelix"],"acts_visited":["Exordium","TheCity"],"potions_floor_usage":[10,16,16],"damage_taken":[{"damage":0,"enemies":"Small Slimes","floor":1,"turns":3},{"damage":0,"enemies":"Jaw Worm","floor":4,"turns":3},{"damage":0,"enemies":"2 Louse","floor":6,"turns":3},{"damage":7,"enemies":"Exordium Thugs","floor":8,"turns":7},{"damage":28,"enemies":"Gremlin Nob","floor":10,"turns":4},{"damage":0,"enemies":"3 Louse","floor":13,"turns":5},{"damage":9,"enemies":"Gremlin Gang","floor":14,"turns":7},{"damage":39,"enemies":"Slime Boss","floor":16,"turns":15},{"damage":5,"enemies":"Chosen","floor":18,"turns":6},{"damage":8,"enemies":"Shell Parasite","floor":20,"turns":5},{"damage":6,"enemies":"Snecko","floor":21,"turns":5},{"damage":27,"enemies":"Shelled Parasite and Fungi","floor":22,"turns":8},{"damage":12,"enemies":"Book of Stabbing","floor":28,"turns":7},{"damage":0,"enemies":"Centurion and Healer","floor":31,"turns":6},{"damage":60,"enemies":"Champ","floor":33,"turns":16}],"seed_played":"1002133689046454900","potions_obtained":[{"floor":1,"key":"SteroidPotion"},{"floor":8,"key":"DistilledChaos"},{"floor":10,"key":"AttackPotion"}],"is_trial":false,"path_per_floor":["M","?","T","M","?","M","R","M","T","E","?","$","M","M","R","B",null,"M","?","M","M","M","R","$","R","T","?","E","$","?","M","R","B"],"character_chosen":"IRONCLAD","items_purchased":["Metallicize","Good Instincts","Warcry"],"campfire_rested":0,"item_purchase_floors":[12,24,24],"current_hp_per_floor":[80,64,64,70,63,69,69,68,68,46,46,46,52,49,49,16,80,80,80,78,78,57,57,57,57,57,57,51,51,51,60,60,0,0],"gold":97,"neow_bonus":"RANDOM_COMMON_RELIC","is_daily":false,"chose_seed":false,"campfire_upgraded":5,"win_rate":0.0,"timestamp":1614042474,"path_taken":["M","?","?","M","?","M","R","M","T","E","?","$","?","M","R","BOSS","M","?","?","M","M","R","$","R","T","?","E","?","?","M","R","BOSS"],"items_purchased_type":["Card","Card","Card"],"build_version":"2020-12-22","purchased_purges":1,"victory":false,"max_hp_per_floor":[80,80,80,80,80,80,80,80,80,80,80,80,80,80,80,80,80,80,80,80,80,80,80,80,80,80,80,80,80,80,83,83,83,83],"relic_stats":{"Sozu":2,"counters":[15,100],"Mummified Hand":[15],"Self Forming Clay":[21],"Question Card":13,"obtain_stats":[{"Sozu":17,"Anchor":0,"Mummified Hand":10,"Self Forming Clay":26,"Bag of Marbles":28,"Bottled Lightning":9,"Question Card":3,"Burning Blood":0,"FossilizedHelix":30},{"Sozu":8,"Anchor":0,"Mummified Hand":5,"Self Forming Clay":12,"Bag of Marbles":13,"Bottled Lightning":4,"Question Card":1,"Burning Blood":0,"FossilizedHelix":13},{"Sozu":47,"Anchor":0,"Mummified Hand":20,"Self Forming Clay":71,"Bag of Marbles":78,"Bottled Lightning":16,"Question Card":3,"Burning Blood":0,"FossilizedHelix":78}],"Burning Blood":77},"card_choices":[{"not_picked":["Rampage","Cleave","Clothesline"],"picked":"SKIP","floor":1},{"not_picked":["Battle Trance","Pummel","Seeing Red","Iron Wave"],"picked":"SKIP","floor":4},{"not_picked":["Clothesline","Whirlwind","Perfected Strike"],"picked":"True Grit","floor":6},{"not_picked":["Clash","Rage","Thunderclap","Pommel Strike"],"picked":"SKIP","floor":8},{"not_picked":["Fire Breathing","Heavy Blade","Pummel","Dual Wield"],"picked":"SKIP","floor":10},{"not_picked":["Clash","Fiend Fire","Disarm"],"picked":"Body Slam","floor":13},{"not_picked":["Headbutt","Searing Blow","Feel No Pain"],"picked":"Armaments","floor":14},{"not_picked":["Brutality","Limit Break","Feed"],"picked":"Immolate","floor":16},{"not_picked":["Flex+1","Combust","Battle Trance"],"picked":"Body Slam","floor":18},{"not_picked":["Reckless Charge","Iron Wave+1","Perfected Strike"],"picked":"Entrench","floor":20},{"not_picked":["Perfected Strike","Spot Weakness","Battle Trance","Cleave+1"],"picked":"SKIP","floor":21},{"not_picked":["Power Through","Anger","Wild Strike","Cleave"],"picked":"SKIP","floor":22},{"not_picked":["Infernal Blade","Warcry","Havoc"],"picked":"Feed","floor":28},{"not_picked":["Sentinel","Pummel+1","Sword Boomerang+1"],"picked":"True Grit+1","floor":31}],"player_experience":12116,"relics_obtained":[{"floor":3,"key":"Question Card"},{"floor":9,"key":"Bottled Lightning"},{"floor":10,"key":"Mummified Hand"},{"floor":26,"key":"Self Forming Clay"},{"floor":28,"key":"Bag of Marbles"}],"event_choices":[{"damage_healed":0,"gold_gain":0,"player_choice":"Entered Light","damage_taken":16,"max_hp_gain":0,"max_hp_loss":0,"event_name":"Shining Light","floor":2,"gold_loss":0,"cards_upgraded":["Defend_R","Strike_R"]},{"cards_removed":["Strike_R"],"damage_healed":0,"gold_gain":0,"player_choice":"Card Removal","damage_taken":7,"max_hp_gain":0,"max_hp_loss":0,"event_name":"Golden Wing","floor":5,"gold_loss":0},{"damage_healed":0,"gold_gain":0,"player_choice":"Upgraded","damage_taken":0,"max_hp_gain":0,"max_hp_loss":0,"event_name":"Upgrade Shrine","floor":11,"gold_loss":0,"cards_upgraded":["Bash"]},{"damage_healed":0,"gold_gain":0,"player_choice":"Bet on Murderer","damage_taken":0,"max_hp_gain":0,"max_hp_loss":0,"event_name":"The Joust","floor":19,"gold_loss":50},{"damage_healed":0,"gold_gain":0,"player_choice":"Upgraded","damage_taken":0,"max_hp_gain":0,"max_hp_loss":0,"event_name":"Upgrade Shrine","floor":27,"gold_loss":0,"cards_upgraded":["Metallicize"]},{"damage_healed":0,"gold_gain":0,"player_choice":"Stole Relic","damage_taken":0,"relics_obtained":["FossilizedHelix"],"max_hp_gain":0,"max_hp_loss":0,"event_name":"Addict","floor":30,"gold_loss":0,"cards_obtained":["Shame"]}],"is_beta":false,"boss_relics":[{"not_picked":["Calling Bell","Empty Cage"],"picked":"Sozu"}],"items_purged_floors":[12],"is_endless":false,"potions_floor_spawned":[1,8,10,21,31],"killed_by":"Champ","ascension_level":0}}