{"host":"2d926qfvvz477zl6","time":1614112744,"event":{"mods":["Aspiration","BaseMod","Challenge The Spire","Conspire","Downfall","GifTheSpireLib","GungeonMod","Halation","Hermit","Hubris","Infinite Spire","Minty Spire (QoL Compilation)","Morshu Shopkeeper","Permanent Neow","Quick Restart","Rare Cards Sparkle","Reliquary","Replay The Spire","Shedinja","Somnambulant","Spicy Shops","StSLib","Stuff the Spire","Td1madao Mod","The Blue Laboratory","The Bug Knight","The Construct","The Cursed","The Disciple","The Forsaken","The Hierophant","TheFirefly","Wandering Minibosses","Wide Potions","everything is the same but u backflip on backflip","slay the spire mod where everything is the same but ironclad has a cowboy hat"],"gold_per_floor":[114,114,114,114,114,156,168,4,79,110,110,125,159,214,214,288,288,302,321,321,321,44,71,71,98,98,98,98,98,110,126,126,203,203,219,233,280,298,298,325,325,354,378,378,378,378,378,397,397,471,471,483,498,499,499,515,546,546,561,561,591,591,591,591,598,598,667,667,675,687,687,355,372,393,393,403,403,403,21,52,151,151,151,217,217,223,223,133,146,149,149,149,164,164,150,150],"floor_reached":95,"language":"ENG","playtime":2337,"items_purged":["StuffTheSpire:CuriosityCurse","Strike_B","Strike_B","Defend_B","downfall:Haunted","Decay"],"score":3357,"play_id":"1804c9bf-4a34-457e-bfd7-1d091cde1d18","local_time":"20210223153904","is_ascension_mode":true,"campfire_choices":[{"data":"hubris:PowerSurge","floor":7.0,"key":"SMITH"},{"data":"Shedinja:AerialAce","floor":11.0,"key":"SMITH"},{"data":"Beam Cell","floor":15.0,"key":"SMITH"},{"data":"Beam Cell","floor":24.0,"key":"SMITH"},{"data":"Beam Cell","floor":28.0,"key":"SMITH"},{"data":"Heavy Blade","floor":32.0,"key":"SMITH"},{"floor":41.0,"key":"REST"},{"data":"infinitespire:Gouge","floor":44.0,"key":"SMITH"},{"data":"Gash","floor":46.0,"key":"SMITH"},{"data":"Zap","floor":49.0,"key":"SMITH"},{"data":"Heavy Blade","floor":58,"key":"SMITH"},{"data":"infinitespire:Punishment","floor":62,"key":"SMITH"},{"floor":66,"key":"DIG"},{"data":"FTL","floor":75,"key":"SMITH"},{"data":"Sweeping Beam","floor":78,"key":"SMITH"},{"floor":83,"key":"DIG"},{"data":"ReplayTheSpireMod:Haul","floor":91,"key":"SMITH"}],"circlet_count":0,"master_deck":["AscendersBane","Defend_B+1","Defend_B+1","Defend_B+1","Zap+1","Ball Lightning","Bash","Shedinja:AerialAce+1","hubris:PowerSurge+1","Gash+1","Beam Cell+1","Beam Cell+1","All For One+1","Conserve Battery+1","Sweeping Beam+1","Beam Cell+1","infinitespire:Gouge+1","Heavy Blade+1","AbeCurse","Sweeping Beam+1","infinitespire:Punishment+1","infinitespire:Punishment+1","Heavy Blade+1","Barrage+1","FTL+1","All For One","Rip and Tear+1","Beam Cell+1","Seek+1","hubris:Rewind","ReplayTheSpireMod:Haul+1","Writhe"],"relics":["NeowsBlessing","conspire:DeflatedDodgeball","Iron Core","Shedinja:EnergyLoss","MawBank","aspiration:EnhancedActuators","Runic Capacitor","infinitespire:ShieldingShard","reliquary:RoseTintedGlasses","StuffTheSpire:GrapeVine","reliquary:ExpiredCoupon","Busted Crown","halation:EternalFortune","hubris:Towel","DataDisk","StuffTheSpire:ForceGauntlet","hubris:BottledRain","hubris:Spice","Replay:Baseball","halation:Prosthetics","Nuclear Battery","construct:RocketBooster","DemoMod:JetPack","StuffTheSpire:Mouthbags","halation:Trompette","Replay:Grab Bag","Abe\u0027s Treasure","Replay:Bronze Core","aspiration:SecretTechniqueScroll","theForsaken:PaleLantern","reliquary:JackalopeAntler","infinitespire:SolderingIron","FossilizedHelix","Darkstone Periapt","Inserter","reliquary:RosewoodLute","hubris:TenFootPole","infinitespire:Lucky Rock","War Paint","Cables","aspiration:HummingbirdHeart","Gremlin Horn","Quantum Egg"],"acts_visited":["Exordium","TheCity","TheBeyond","Exordium","TheCity","TheBeyond"],"potions_floor_usage":[],"damage_taken":[{"damage":0.0,"enemies":"2 Louse","floor":1.0,"turns":1.0},{"damage":0.0,"enemies":"Gremlin Nob","floor":6.0,"turns":2.0},{"damage":0.0,"enemies":"3 Sentries","floor":10.0,"turns":1.0},{"damage":0.0,"enemies":"Jaw Worm","floor":12.0,"turns":2.0},{"damage":0.0,"enemies":"Gremlin Nob","floor":13.0,"turns":2.0},{"damage":0.0,"enemies":"Slime Boss","floor":16.0,"turns":5.0},{"damage":5.0,"enemies":"Shell Parasite","floor":18.0,"turns":2.0},{"damage":1.0,"enemies":"Chosen","floor":19.0,"turns":2.0},{"damage":5.0,"enemies":"Slavers","floor":23.0,"turns":3.0},{"damage":24.0,"enemies":"Book of Stabbing","floor":25.0,"turns":3.0},{"damage":0.0,"enemies":"Sentry and Sphere","floor":30.0,"turns":2.0},{"damage":0.0,"enemies":"Snecko","floor":31.0,"turns":2.0},{"damage":3.0,"enemies":"hubris:MusketHawk","floor":33.0,"turns":3.0},{"damage":0.0,"enemies":"Orb Walker","floor":35.0,"turns":1.0},{"damage":2.0,"enemies":"3 Darklings","floor":36.0,"turns":2.0},{"damage":0.0,"enemies":"2 Orb Walkers","floor":37.0,"turns":2.0},{"damage":0.0,"enemies":"Transient","floor":38.0,"turns":5.0},{"damage":35.0,"enemies":"Nightmare","floor":40.0,"turns":5.0},{"damage":2.0,"enemies":"Nemesis","floor":42.0,"turns":3.0},{"damage":0.0,"enemies":"Jaw Worm Horde","floor":48.0,"turns":1.0},{"damage":27.0,"enemies":"hubris:GrandSnecko","floor":50.0,"turns":4.0},{"damage":0.0,"enemies":"Small Slimes","floor":52.0,"turns":1.0},{"damage":0.0,"enemies":"Jaw Worm","floor":53.0,"turns":1.0},{"damage":0.0,"enemies":"2 Louse","floor":54.0,"turns":2.0},{"damage":0,"enemies":"Blue Slaver","floor":56,"turns":1},{"damage":0,"enemies":"Gremlin Nob","floor":57,"turns":1},{"damage":0,"enemies":"3 Louse","floor":59,"turns":1},{"damage":0,"enemies":"Lagavulin","floor":61,"turns":1},{"damage":0,"enemies":"Gremlin Gang","floor":65,"turns":1},{"damage":0,"enemies":"Slime Boss","floor":67,"turns":2},{"damage":0,"enemies":"Shell Parasite","floor":69,"turns":1},{"damage":0,"enemies":"3 Byrds","floor":70,"turns":1},{"damage":0,"enemies":"Snake Plant","floor":73,"turns":1},{"damage":0,"enemies":"Nightmare","floor":74,"turns":2},{"damage":0,"enemies":"Gremlin Leader","floor":76,"turns":2},{"damage":0,"enemies":"conspire:Head Lice","floor":80,"turns":1},{"damage":0,"enemies":"Collector","floor":84,"turns":2},{"damage":0,"enemies":"Orb Walker","floor":86,"turns":1},{"damage":0,"enemies":"3 Shapes","floor":89,"turns":1},{"damage":0,"enemies":"Spire Growth","floor":90,"turns":2},{"damage":0,"enemies":"Giant Head","floor":93,"turns":2},{"damage":58,"enemies":"Nightmare_Alpha","floor":95,"turns":4}],"seed_played":"-2473230937662924263","potions_obtained":[{"floor":6.0,"key":"blueLaboratory:BiasPotion"},{"floor":10.0,"key":"Fire Potion"},{"floor":19.0,"key":"blueLaboratory:SystemWipe"},{"floor":23.0,"key":"DemoMod:LeadSkinPotion"},{"floor":33.0,"key":"champ:CounterPotion"},{"floor":36.0,"key":"Adrenaline Potion"},{"floor":37.0,"key":"AttackPotion"},{"floor":53.0,"key":"sneckomod:MuddlingPotion"},{"floor":59,"key":"hexamod:SoulburnPotion"},{"floor":65,"key":"Energy Potion"}],"is_trial":false,"path_per_floor":["M","?","?","?","T","E","R","$","T","E","R","M","E","T","R","B",null,"M","M","?","?","$","E","R","E","T","?","R","AVR","M","M","R","B",null,"M","M","?","M","AVR","NM","R","E","T","R","?","R","?","M","R","B",null,"M","M","M","AVR","M","E","R","M","T","E","R","?","?","M","R","B",null,"M","M","?","$","M","NM","R","E","T","R","$","E","?","?","R","B",null,"M","?","?","M","M","R","?","E","T","NM"],"character_chosen":"DEFECT","items_purchased":["Runic Capacitor","Gash","Beam Cell","DataDisk","Rip and Tear","hubris:Spice","reliquary:RosewoodLute","Cables"],"campfire_rested":1,"item_purchase_floors":[8,8,22,22,72,72,72,79],"current_hp_per_floor":[68,68,68,68,68,68,68,68,68,68,68,68,68,68,68,68,73,68,67,70,70,70,65,65,41,49,49,49,49,49,49,49,49,53,53,51,59,59,54,19,35,33,33,33,33,33,33,43,43,16,45,45,57,57,57,57,60,60,60,60,52,52,64,70,70,62,62,62,62,62,62,54,54,54,54,54,54,54,54,54,54,48,48,48,46,46,49,49,49,49,49,55,55,55,0,0],"gold":150,"neow_bonus":"THREE_ENEMY_KILL","is_daily":false,"chose_seed":false,"campfire_upgraded":14,"win_rate":0.0,"timestamp":1614112744,"path_taken":["M","?","?","?","?","E","R","?","T","E","R","?","E","?","R","BOSS","M","M","?","?","$","E","R","E","T","?","R","AVR","M","?","R","BOSS","M","M","?","M","AVR","NM","R","E","T","R","?","R","?","M","R","BOSS","M","?","M","AVR","?","E","R","M","T","E","R","?","?","?","R","BOSS","M","M","?","?","?","NM","R","E","T","R","$","E","?","?","R","BOSS","M","?","?","M","?","R","?","E","T","NM"],"items_purchased_type":["Relic","Card","Card","Relic","Card","Relic","Relic","Relic"],"build_version":"2020-12-22","purchased_purges":6,"victory":false,"max_hp_per_floor":[75,75,75,75,75,75,75,75,75,75,75,75,75,75,75,75,75,75,75,78,78,78,78,78,78,86,86,86,51,51,51,51,54,54,54,54,62,62,54,54,54,54,54,54,54,54,54,54,54,54,54,54,57,57,57,57,60,60,60,60,52,52,64,70,70,62,62,62,62,62,62,54,54,54,54,54,54,54,54,54,54,54,54,54,46,46,49,49,49,49,49,55,55,55,55,55],"card_choices":[{"not_picked":["Static Discharge","Gash"],"picked":"Ball Lightning","floor":1.0},{"not_picked":["Headbutt","Sweeping Beam"],"picked":"hubris:PowerSurge","floor":6.0},{"not_picked":["Clash","Blizzard","Darkness"],"picked":"SKIP","floor":10.0},{"not_picked":["BasicCrystalCard","Body Slam"],"picked":"Beam Cell","floor":12.0},{"not_picked":["Creative AI","Warcry"],"picked":"Beam Cell","floor":13.0},{"not_picked":["Electrodynamics","Reboot"],"picked":"All For One","floor":16.0},{"not_picked":[],"picked":"Conserve Battery","floor":18.0},{"not_picked":[],"picked":"Sweeping Beam","floor":19.0},{"not_picked":["Recycle"],"picked":"SKIP","floor":23.0},{"not_picked":["Dual Wield"],"picked":"SKIP","floor":25.0},{"not_picked":["Heavy Blade"],"picked":"SKIP","floor":30.0},{"not_picked":[],"picked":"Heavy Blade","floor":30.0},{"not_picked":["Iron Wave"],"picked":"SKIP","floor":31.0},{"not_picked":["StuffTheSpire:Plugnplay"],"picked":"SKIP","floor":35.0},{"not_picked":["Cold Snap+1"],"picked":"SKIP","floor":36.0},{"not_picked":["Redo+1"],"picked":"SKIP","floor":38.0},{"not_picked":["Machine Learning"],"picked":"SKIP","floor":40.0},{"not_picked":["hubris:SpiceAddiction"],"picked":"SKIP","floor":42.0},{"not_picked":["Aggregate+1"],"picked":"SKIP","floor":48.0},{"not_picked":["Aggregate"],"picked":"SKIP","floor":52.0},{"not_picked":["StuffTheSpire:LoadUp"],"picked":"SKIP","floor":53.0},{"not_picked":[],"picked":"Sweeping Beam","floor":54.0},{"not_picked":[],"picked":"Heavy Blade","floor":56},{"not_picked":[],"picked":"Barrage","floor":57},{"not_picked":["Redo"],"picked":"SKIP","floor":59},{"not_picked":["conspire:SharedLibrary"],"picked":"SKIP","floor":61},{"not_picked":["StuffTheSpire:SnapShoot"],"picked":"SKIP","floor":65},{"not_picked":["BootSequence"],"picked":"SKIP","floor":69},{"not_picked":[],"picked":"FTL","floor":70},{"not_picked":[],"picked":"Beam Cell+1","floor":73},{"not_picked":["Ball Lightning"],"picked":"SKIP","floor":74},{"not_picked":[],"picked":"Seek","floor":76},{"not_picked":["FIFO Queue"],"picked":"SKIP","floor":80},{"not_picked":["infinitespire:FinalStrike","infinitespire:Fortify"],"picked":"hubris:Rewind","floor":82},{"not_picked":["hubris:Rewind","hubris:InfiniteBlow"],"picked":"ReplayTheSpireMod:Haul","floor":84},{"not_picked":["Barrage"],"picked":"SKIP","floor":86},{"not_picked":["Redo"],"picked":"SKIP","floor":89},{"not_picked":["ReplayTheSpireMod:Repulse+1"],"picked":"SKIP","floor":90},{"not_picked":["Capacitor"],"picked":"SKIP","floor":93}],"player_experience":506351,"relics_obtained":[{"floor":5.0,"key":"MawBank"},{"floor":6.0,"key":"aspiration:EnhancedActuators"},{"floor":9.0,"key":"infinitespire:ShieldingShard"},{"floor":10.0,"key":"reliquary:RoseTintedGlasses"},{"floor":13.0,"key":"StuffTheSpire:GrapeVine"},{"floor":14.0,"key":"reliquary:ExpiredCoupon"},{"floor":23.0,"key":"StuffTheSpire:ForceGauntlet"},{"floor":25.0,"key":"hubris:BottledRain"},{"floor":26.0,"key":"hubris:Spice"},{"floor":33.0,"key":"halation:EternalFortune"},{"floor":37.0,"key":"hubris:Spice"},{"floor":40.0,"key":"DemoMod:JetPack"},{"floor":42.0,"key":"StuffTheSpire:Mouthbags"},{"floor":43.0,"key":"halation:Trompette"},{"floor":53.0,"key":"halation:EternalFortune"},{"floor":57,"key":"halation:EternalFortune"},{"floor":57,"key":"infinitespire:SolderingIron"},{"floor":60,"key":"FossilizedHelix"},{"floor":61,"key":"hubris:Spice"},{"floor":66,"key":"hubris:Spice"},{"floor":74,"key":"hubris:TenFootPole"},{"floor":76,"key":"infinitespire:Lucky Rock"},{"floor":77,"key":"War Paint"},{"floor":80,"key":"aspiration:HummingbirdHeart"},{"floor":83,"key":"Gremlin Horn"},{"floor":94,"key":"Quantum Egg"}],"event_choices":[{"damage_healed":0.0,"max_hp_gain":0.0,"max_hp_loss":0.0,"gold_gain":0.0,"event_name":"Mysterious Sphere","player_choice":"Fight","floor":37.0,"gold_loss":0.0,"damage_taken":0.0},{"cards_removed":["Strike_B"],"damage_healed":0.0,"max_hp_gain":0.0,"max_hp_loss":0.0,"gold_gain":0.0,"event_name":"Purifier","player_choice":"Purged","floor":47.0,"gold_loss":0.0,"damage_taken":0.0},{"damage_healed":0,"gold_gain":0,"player_choice":"Cursed","damage_taken":0,"max_hp_gain":0,"max_hp_loss":0,"event_name":"Wheel of Change","floor":64,"gold_loss":0,"cards_obtained":["Decay"]},{"damage_healed":0,"gold_gain":0,"player_choice":"Copied","damage_taken":0,"max_hp_gain":0,"max_hp_loss":0,"event_name":"Duplicator","floor":71,"gold_loss":0,"cards_obtained":["All For One"]},{"damage_healed":0,"gold_gain":99,"player_choice":"Stole From Cult","damage_taken":0,"max_hp_gain":0,"max_hp_loss":0,"event_name":"Nest","floor":81,"gold_loss":0},{"cards_removed":["downfall:Haunted"],"damage_healed":0,"gold_gain":0,"player_choice":"Upgrade and Remove","damage_taken":0,"max_hp_gain":0,"max_hp_loss":0,"event_name":"Designer","floor":88,"gold_loss":90,"cards_upgraded":["Barrage"]},{"damage_healed":12,"gold_gain":0,"player_choice":"Writhe","damage_taken":0,"max_hp_gain":0,"max_hp_loss":0,"event_name":"Winding Halls","floor":92,"gold_loss":0,"cards_obtained":["Writhe"]}],"is_beta":false,"boss_relics":[{"not_picked":["Snecko Eye","Runic Dome"],"picked":"Busted Crown"},{"not_picked":["reliquary:Ember","Painkiller Herb"],"picked":"Nuclear Battery"},{"not_picked":["hubris:Spice","reliquary:Craggleroot"],"picked":"Replay:Grab Bag"},{"not_picked":["theForsaken:PaleLantern","Cursed Key"],"picked":"Abe\u0027s Treasure"},{"not_picked":["reliquary:KinkedSpring","halation:CatFaceCupcake"],"picked":"Replay:Bronze Core"},{"not_picked":["aspiration:WatcherSkillbook","halation:HeavySnake"],"picked":"aspiration:SecretTechniqueScroll"},{"not_picked":["hubris:Spice","hubris:Spice"],"picked":"Inserter"},{"not_picked":["hubris:Spice","hubris:VirtuousBlindfold"],"picked":"hubris:Spice"}],"items_purged_floors":[22,29,39,55,72,79],"is_endless":true,"potions_floor_spawned":[6,10,19,23,30,33,35,36,37,53,59,65,69,76,80,84,90],"killed_by":"Nightmare_Alpha","ascension_level":13}}