{"host":"hfxahm4y1ssattqc","time":1614043642,"event":{"mods":["2.2 Compatiblity","Act Like it!","Aspiration","BaseMod","Beaked The Cultist","Better Third Choice","BetterRewards","Colored Map","Colored Powertips","Custom Start","Downfall","Googly Eyes","Halation","Hallownest","Hermit","Highlight Path","Hubris","Infinite Spire","Mimic Mod","Minty Spire (QoL Compilation)","Reorder Act Four","Replay The Spire","Shop Mod","Spikes Relics","StSLib","The Bug Knight","The IronCluck","The Jungle","Unknown Chances","slay the spire mod where everything is the same but ironclad has a cowboy hat"],"gold_per_floor":[99,112,112,127,147,161,161,161,178,178,196,196,196,208,223,223,223,223],"floor_reached":16,"language":"ENG","playtime":494,"items_purged":[],"score":96,"play_id":"602d2794-d60c-4af0-8129-8fd8c3e3429d","local_time":"20210222172722","is_ascension_mode":false,"campfire_choices":[{"data":"champ:UltimateStance","floor":1,"key":"SMITH"},{"data":"champ:Taunt","floor":8,"key":"SMITH"},{"floor":10,"key":"REST"},{"floor":12,"key":"REST"}],"circlet_count":0,"master_deck":["champ:Strike","champ:Strike","champ:Strike","champ:Strike","champ:Defend","champ:Defend","champ:Defend","champ:Defend","champ:Execute","champ:Taunt+1","champ:UltimateStance+1","champ:PerfectedStrike","champ:SkillfulDodge+1","champ:DefensiveShout","champ:FanOfKnives","champ:LastStand","champ:Duel"],"relics":["champ:ChampionCrown","The Courier"],"acts_visited":["Exordium"],"potions_floor_usage":[],"damage_taken":[{"damage":19,"enemies":"Cultist","floor":2,"turns":4},{"damage":10,"enemies":"infinitespire:Voidling","floor":4,"turns":3},{"damage":13,"enemies":"2 Louse","floor":5,"turns":3},{"damage":33,"enemies":"Exordium Thugs","floor":6,"turns":6},{"damage":10,"enemies":"Blue Slaver","floor":9,"turns":5},{"damage":28,"enemies":"Red Slaver","floor":11,"turns":4},{"damage":48,"enemies":"Large Slime","floor":14,"turns":6},{"damage":7,"enemies":"Blue Slaver","floor":15,"turns":3},{"damage":43,"enemies":"IC_STATUS_ARCHETYPE","floor":16,"turns":2}],"seed_played":"1310271933389236572","potions_obtained":[{"floor":2,"key":"champ:TechniquePotion"},{"floor":4,"key":"BlessingOfTheForge"},{"floor":15,"key":"sneckomod:MuddlingPotion"}],"is_trial":false,"path_per_floor":["R","M","?","M","M","M","T","R","M","R","M","R","?","M","M","B"],"character_chosen":"THE_CHAMP","items_purchased":[],"campfire_rested":2,"item_purchase_floors":[],"current_hp_per_floor":[63,59,59,59,56,33,33,33,28,55,47,74,74,46,39,0,0,0],"gold":223,"neow_bonus":"THREE_RARE_CARDS","is_daily":false,"chose_seed":false,"campfire_upgraded":2,"win_rate":0.0,"timestamp":1614043642,"path_taken":["R","M","?","M","?","M","T","R","?","R","?","R","?","M","M","BOSS"],"items_purchased_type":[],"build_version":"2020-12-22","purchased_purges":0,"victory":false,"max_hp_per_floor":[90,90,90,90,90,90,90,90,90,90,90,90,90,90,90,90,90,90],"card_choices":[{"not_picked":["champ:SteelEdge","champ:Devastate"],"picked":"champ:UltimateStance","floor":0},{"not_picked":["champ:ShieldSlam","champ:BladeFlurry"],"picked":"champ:PerfectedStrike","floor":2},{"not_picked":["champ:FancyFootwork","champ:RapidStrikes"],"picked":"champ:SkillfulDodge","floor":4},{"not_picked":["champ:BringItOn","champ:BerserkerStyle"],"picked":"champ:DefensiveShout","floor":5},{"not_picked":["champ:FalseCounter","champ:BladeFlurry","champ:PerfectedStrike"],"picked":"SKIP","floor":6},{"not_picked":["champ:BladeFlurry","champ:EnGarde","champ:Shatter"],"picked":"SKIP","floor":9},{"not_picked":["champ:DeathBlow","champ:Haymaker"],"picked":"champ:FanOfKnives","floor":11},{"not_picked":["champ:GutPunch","champ:RecklessLeap"],"picked":"champ:LastStand","floor":14},{"not_picked":["champ:ShieldSlam","champ:Circumvent"],"picked":"champ:Duel","floor":15}],"player_experience":983340,"relics_obtained":[{"floor":7,"key":"The Courier"}],"event_choices":[{"damage_healed":0,"gold_gain":0,"player_choice":"Ignored","damage_taken":0,"max_hp_gain":0,"max_hp_loss":0,"event_name":"NoteForYourself","floor":3,"gold_loss":0},{"damage_healed":0,"gold_gain":0,"player_choice":"Grow","damage_taken":0,"max_hp_gain":0,"max_hp_loss":0,"event_name":"Living Wall","floor":13,"gold_loss":0,"cards_upgraded":["champ:SkillfulDodge"]}],"is_beta":false,"boss_relics":[],"items_purged_floors":[],"is_endless":false,"potions_floor_spawned":[2,4,15],"killed_by":"IC_STATUS_ARCHETYPE","ascension_level":0}}