{"host":"tjq6rykv202u6iqx","time":1614116225,"event":{"mods":["AchievementEnabler","BaseMod","Minty Spire (QoL Compilation)","Rare Cards Sparkle","Relic Stats"],"gold_per_floor":[144,189,234,279,62,161,143,245,257,359,470,482,548,605,617,938,950,1016,1082,775,343,388,487,541,640,640,640,36,135,50,140,149,458,458,532,586,640,694,146,536,635,635,660,714,768,822,51,150,150,150],"floor_reached":51,"language":"ENG","playtime":3345,"items_purged":["Iron Wave","Flex","Anger","Cleave+1"],"score":1199,"play_id":"e11a8a3e-0af9-4a02-8be3-a3fd4d373b91","local_time":"20210223153705","daily_mods":["Draft","Flight","Midas"],"is_ascension_mode":false,"campfire_choices":[{"floor":12,"key":"REST"},{"floor":15,"key":"REST"},{"floor":32,"key":"REST"},{"floor":49,"key":"REST"}],"circlet_count":0,"master_deck":["Entrench","Battle Trance","Body Slam","Flame Barrier+1","Wild Strike+1","Thunderclap","True Grit","Headbutt","Warcry","Battle Trance","Headbutt","Shrug It Off+1","Fiend Fire","Evolve","Inflame","Whirlwind+1","Demon Form","Limit Break","Heavy Blade+1","Sword Boomerang+1","Power Through","Dark Embrace","Feel No Pain","Hemokinesis+1","Flame Barrier+1","Seeing Red","Power Through+1","Havoc+1","Heavy Blade+1","Seeing Red+1","Sword Boomerang+1","Limit Break+1","Power Through+1","Armaments+1","Impervious+1","Flame Barrier+1","Body Slam+1","Battle Trance+1","Pommel Strike+1","Bloodletting+1","Bloodletting+1","Burning Pact+1","Second Wind+1","Chrysalis+1","True Grit+1","Entrench+1"],"relics":["Burning Blood","CeramicFish","MawBank","InkBottle","Centennial Puzzle","Molten Egg 2","Calipers","Sozu","ClockworkSouvenir","Toolbox","Happy Flower","Akabeko","Bird Faced Urn","Toxic Egg 2","Whetstone","Vajra","Brimstone","Dream Catcher","War Paint","Singing Bowl","Black Star","Orrery","FossilizedHelix","Red Skull","Old Coin","Anchor","Gremlin Horn","Orichalcum","Charon\u0027s Ashes","Omamori","Eternal Feather","Art of War"],"acts_visited":["Exordium","TheCity","TheBeyond"],"potions_floor_usage":[6,8,16,33,33,33],"damage_taken":[{"damage":0.0,"enemies":"Jaw Worm","floor":1.0,"turns":2.0},{"damage":0.0,"enemies":"Cultist","floor":2.0,"turns":2.0},{"damage":0.0,"enemies":"2 Louse","floor":3.0,"turns":2.0},{"damage":10.0,"enemies":"Looter","floor":4.0,"turns":2.0},{"damage":0,"enemies":"Gremlin Nob","floor":6,"turns":2},{"damage":18,"enemies":"3 Sentries","floor":8,"turns":4},{"damage":18,"enemies":"Lagavulin","floor":10,"turns":4},{"damage":13,"enemies":"Gremlin Nob","floor":11,"turns":3},{"damage":0,"enemies":"Large Slime","floor":13,"turns":2},{"damage":3,"enemies":"Exordium Thugs","floor":14,"turns":3},{"damage":39,"enemies":"Hexaghost","floor":16,"turns":7},{"damage":3,"enemies":"Chosen","floor":18,"turns":4},{"damage":16,"enemies":"Shell Parasite","floor":19,"turns":3},{"damage":2,"enemies":"Centurion and Healer","floor":22,"turns":3},{"damage":18,"enemies":"Gremlin Leader","floor":23,"turns":4},{"damage":0,"enemies":"Shelled Parasite and Fungi","floor":24,"turns":2},{"damage":18,"enemies":"Slavers","floor":25,"turns":3},{"damage":1,"enemies":"Book of Stabbing","floor":29,"turns":2},{"damage":3,"enemies":"Slavers","floor":31,"turns":3},{"damage":0,"enemies":"Collector","floor":33,"turns":3},{"damage":3,"enemies":"Orb Walker","floor":35,"turns":2},{"damage":0,"enemies":"3 Darklings","floor":36,"turns":2},{"damage":0,"enemies":"Writhing Mass","floor":37,"turns":2},{"damage":2,"enemies":"Sphere and 2 Shapes","floor":38,"turns":4},{"damage":0,"enemies":"Reptomancer","floor":40,"turns":3},{"damage":0,"enemies":"Nemesis","floor":41,"turns":5},{"damage":0,"enemies":"4 Shapes","floor":44,"turns":2},{"damage":0,"enemies":"Maw","floor":45,"turns":5},{"damage":0,"enemies":"Writhing Mass","floor":46,"turns":2},{"damage":0,"enemies":"Giant Head","floor":48,"turns":5},{"damage":2,"enemies":"Awakened One","floor":50,"turns":7}],"seed_played":"-7386017133472573341","potions_obtained":[{"floor":1.0,"key":"DistilledChaos"},{"floor":2.0,"key":"Dexterity Potion"},{"floor":7,"key":"SkillPotion"},{"floor":7,"key":"BlessingOfTheForge"},{"floor":10,"key":"LiquidBronze"},{"floor":13,"key":"BlessingOfTheForge"},{"floor":16,"key":"Block Potion"}],"is_trial":false,"path_per_floor":["M","M","M","M","$","E","?","E","T","E","E","R","M","M","R","B",null,"M","M","$","$","M","E","M","E","T","?","$","E","?","E","R","B",null,"M","M","M","M","$","E","E","?","T","M","M","M","$","E","R","B",null],"character_chosen":"IRONCLAD","items_purchased":["CeramicFish","Evolve","Power Through","Dark Embrace","ClockworkSouvenir","Feel No Pain","Toolbox","Hemokinesis+1","Happy Flower","Whetstone","Vajra","Brimstone","Havoc+1","Heavy Blade+1","Orrery","FossilizedHelix","Charon\u0027s Ashes","Chrysalis+1","True Grit+1","Omamori"],"campfire_rested":4,"item_purchase_floors":[5,5,20,20,20,21,21,21,21,28,28,28,28,28,39,39,47,47,47,47],"current_hp_per_floor":[80,80,80,76,76,80,80,68,68,56,49,73,79,80,80,47,80,80,70,70,70,74,62,68,56,56,56,56,63,63,70,82,82,82,82,82,82,82,86,88,88,88,88,88,88,88,88,88,90,90],"gold":150,"neow_bonus":"","is_daily":true,"chose_seed":false,"campfire_upgraded":0,"win_rate":0.0,"timestamp":1614116225,"path_taken":["M","M","M","M","$","E","?","E","T","E","E","R","?","M","R","BOSS","M","M","$","$","M","E","M","E","T","?","$","E","?","E","R","BOSS","M","M","M","M","$","E","E","?","T","M","M","M","$","E","R","BOSS"],"items_purchased_type":["Relic","Card","Card","Card","Relic","Card","Relic","Card","Relic","Relic","Relic","Relic","Card","Card","Relic","Relic","Relic","Card","Card","Relic"],"build_version":"2020-12-22","purchased_purges":4,"victory":true,"max_hp_per_floor":[80,80,80,80,80,80,80,80,80,80,80,80,80,80,80,80,80,80,80,80,80,80,80,80,80,80,80,80,80,80,82,82,82,82,82,82,82,82,86,88,88,88,88,88,88,88,88,88,90,90],"relic_stats":{"Happy Flower":[19],"Singing Bowl":10,"Gremlin Horn":[3,6],"counters":[31,99],"CeramicFish":297,"Eternal Feather":0,"Charon\u0027s Ashes":[156],"Whetstone":["Cleave","Wild Strike"],"War Paint":["Shrug It Off","Flame Barrier"],"Orichalcum":[0],"MawBank":168,"Burning Blood":92,"Sozu":8,"Centennial Puzzle":[39],"Dream Catcher":2,"Bird Faced Urn":[8],"Black Star":3,"Art of War":[1],"obtain_stats":[{"Calipers":11,"Singing Bowl":31,"Gremlin Horn":41,"CeramicFish":5,"Vajra":28,"Whetstone":28,"Burning Blood":0,"ClockworkSouvenir":20,"Old Coin":40,"Sozu":17,"Centennial Puzzle":9,"Dream Catcher":29,"Toolbox":21,"Toxic Egg 2":26,"InkBottle":8,"Red Skull":40,"Happy Flower":21,"Eternal Feather":48,"Charon\u0027s Ashes":47,"Omamori":47,"War Paint":30,"Orichalcum":43,"MawBank":6,"Akabeko":23,"Anchor":41,"Brimstone":28,"Bird Faced Urn":25,"Orrery":39,"Molten Egg 2":10,"Black Star":34,"Art of War":48,"FossilizedHelix":39},{"Calipers":8,"Singing Bowl":19,"Gremlin Horn":26,"CeramicFish":4,"Vajra":17,"Whetstone":17,"Burning Blood":0,"ClockworkSouvenir":13,"Old Coin":25,"Sozu":11,"Centennial Puzzle":6,"Dream Catcher":18,"Toolbox":13,"Toxic Egg 2":17,"InkBottle":6,"Red Skull":25,"Happy Flower":13,"Eternal Feather":30,"Charon\u0027s Ashes":29,"Omamori":29,"War Paint":18,"Orichalcum":26,"MawBank":5,"Akabeko":15,"Anchor":26,"Brimstone":17,"Bird Faced Urn":17,"Orrery":24,"Molten Egg 2":7,"Black Star":20,"Art of War":30,"FossilizedHelix":24},{"Calipers":21,"Singing Bowl":57,"Gremlin Horn":78,"CeramicFish":8,"Vajra":52,"Whetstone":52,"Burning Blood":0,"ClockworkSouvenir":40,"Old Coin":73,"Sozu":33,"Centennial Puzzle":14,"Dream Catcher":54,"Toolbox":40,"Toxic Egg 2":52,"InkBottle":14,"Red Skull":73,"Happy Flower":40,"Eternal Feather":92,"Charon\u0027s Ashes":87,"Omamori":87,"War Paint":54,"Orichalcum":78,"MawBank":10,"Akabeko":47,"Anchor":78,"Brimstone":52,"Bird Faced Urn":52,"Orrery":70,"Molten Egg 2":18,"Black Star":60,"Art of War":92,"FossilizedHelix":70}],"InkBottle":[27]},"card_choices":[{"not_picked":["Thunderclap","Spot Weakness"],"picked":"Entrench","floor":0.0},{"not_picked":["True Grit","Evolve"],"picked":"Battle Trance","floor":0.0},{"not_picked":["Armaments","Iron Wave"],"picked":"Body Slam","floor":0.0},{"not_picked":["Searing Blow","Shrug It Off"],"picked":"Flame Barrier","floor":0.0},{"not_picked":["Heavy Blade","Shockwave"],"picked":"Flex","floor":0.0},{"not_picked":["Clash","Heavy Blade"],"picked":"Wild Strike","floor":0.0},{"not_picked":["Flex","Infernal Blade"],"picked":"Thunderclap","floor":0.0},{"not_picked":["Heavy Blade","Body Slam"],"picked":"Iron Wave","floor":0.0},{"not_picked":["Pommel Strike","Rampage"],"picked":"True Grit","floor":0.0},{"not_picked":["Pummel","Reckless Charge"],"picked":"Headbutt","floor":0.0},{"not_picked":["Flex","Body Slam"],"picked":"Cleave","floor":0.0},{"not_picked":["Perfected Strike","Heavy Blade"],"picked":"Anger","floor":0.0},{"not_picked":["Heavy Blade","Iron Wave"],"picked":"Warcry","floor":0.0},{"not_picked":["Uppercut","Pommel Strike"],"picked":"Battle Trance","floor":0.0},{"not_picked":["True Grit","Perfected Strike"],"picked":"Headbutt","floor":0.0},{"not_picked":["Heavy Blade","Anger","Sword Boomerang"],"picked":"SKIP","floor":1.0},{"not_picked":["Armaments","Entrench"],"picked":"Shrug It Off","floor":2.0},{"not_picked":["Rage","Reckless Charge","Flex"],"picked":"SKIP","floor":3.0},{"not_picked":["Iron Wave","Body Slam"],"picked":"Fiend Fire","floor":4.0},{"not_picked":["Searing Blow","Rage"],"picked":"Inflame","floor":6},{"not_picked":["Clash","Heavy Blade","Headbutt"],"picked":"SKIP","floor":8},{"not_picked":["Thunderclap+1","Rage","Metallicize"],"picked":"SKIP","floor":10},{"not_picked":["Burning Pact","Battle Trance"],"picked":"Whirlwind+1","floor":11},{"not_picked":["Thunderclap+1","Sword Boomerang+1"],"picked":"Demon Form","floor":13},{"not_picked":["Inflame","Clash+1","Combust"],"picked":"SKIP","floor":14},{"not_picked":["Bludgeon+1","Juggernaut"],"picked":"Limit Break","floor":16},{"not_picked":["Thunderclap+1","Dropkick+1"],"picked":"Heavy Blade+1","floor":18},{"not_picked":["Evolve+1","Havoc"],"picked":"Sword Boomerang+1","floor":19},{"not_picked":["Armaments","Shockwave","Twin Strike+1"],"picked":"SKIP","floor":22},{"not_picked":["Entrench","Clash+1"],"picked":"Flame Barrier+1","floor":23},{"not_picked":["Thunderclap+1","Shrug It Off"],"picked":"Seeing Red","floor":24},{"not_picked":["Intimidate","Whirlwind+1"],"picked":"Power Through+1","floor":25},{"not_picked":["Rage+1","Anger+1"],"picked":"Seeing Red+1","floor":29},{"not_picked":["Havoc+1","Headbutt+1","Dropkick+1"],"picked":"Singing Bowl","floor":31},{"not_picked":["Heavy Blade+1","Juggernaut"],"picked":"Sword Boomerang+1","floor":32},{"not_picked":["Juggernaut","Bludgeon+1"],"picked":"Limit Break+1","floor":33},{"not_picked":["Thunderclap+1","True Grit+1"],"picked":"Power Through+1","floor":35},{"not_picked":["Pommel Strike+1","Havoc+1"],"picked":"Armaments+1","floor":36},{"not_picked":["Clothesline+1","Dark Embrace+1"],"picked":"Impervious+1","floor":37},{"not_picked":["Feel No Pain+1","Dropkick+1"],"picked":"Flame Barrier+1","floor":38},{"not_picked":["Inflame","Sword Boomerang+1"],"picked":"Body Slam+1","floor":39},{"not_picked":["Body Slam+1","Hemokinesis+1"],"picked":"Battle Trance+1","floor":39},{"not_picked":["Headbutt+1","Twin Strike+1"],"picked":"Pommel Strike+1","floor":39},{"not_picked":["Iron Wave+1","Sword Boomerang+1","Hemokinesis+1"],"picked":"Singing Bowl","floor":39},{"not_picked":["Headbutt+1","Pommel Strike+1","Infernal Blade+1"],"picked":"Singing Bowl","floor":39},{"not_picked":["Berserk","Body Slam+1","Warcry+1"],"picked":"Singing Bowl","floor":40},{"not_picked":["Cleave+1","Twin Strike+1"],"picked":"Bloodletting+1","floor":41},{"not_picked":["Cleave+1","Warcry+1"],"picked":"Bloodletting+1","floor":44},{"not_picked":["Thunderclap+1","Iron Wave+1"],"picked":"Burning Pact+1","floor":45},{"not_picked":["Flex+1","Clash+1"],"picked":"Second Wind+1","floor":46},{"not_picked":["Havoc+1","Disarm+1"],"picked":"Entrench+1","floor":48},{"not_picked":["Shrug It Off+1","Warcry+1","Anger+1"],"picked":"Singing Bowl","floor":49}],"player_experience":1005868,"relics_obtained":[{"floor":6,"key":"MawBank"},{"floor":8,"key":"InkBottle"},{"floor":9,"key":"Centennial Puzzle"},{"floor":10,"key":"Molten Egg 2"},{"floor":11,"key":"Calipers"},{"floor":23,"key":"Akabeko"},{"floor":25,"key":"Bird Faced Urn"},{"floor":26,"key":"Toxic Egg 2"},{"floor":29,"key":"Dream Catcher"},{"floor":31,"key":"Singing Bowl"},{"floor":40,"key":"Red Skull"},{"floor":40,"key":"Old Coin"},{"floor":41,"key":"Anchor"},{"floor":41,"key":"Gremlin Horn"},{"floor":43,"key":"Orichalcum"},{"floor":48,"key":"Eternal Feather"},{"floor":48,"key":"Art of War"}],"event_choices":[{"damage_healed":0,"gold_gain":0,"player_choice":"Bought 2 Potions","damage_taken":0,"max_hp_gain":0,"max_hp_loss":0,"event_name":"The Woman in Blue","floor":7,"gold_loss":0},{"damage_healed":0,"gold_gain":0,"player_choice":"Ignored","damage_taken":0,"max_hp_gain":0,"max_hp_loss":0,"event_name":"Vampires","floor":27,"gold_loss":0},{"damage_healed":0,"gold_gain":0,"player_choice":"Obtained Relic","damage_taken":0,"relics_obtained":["War Paint"],"max_hp_gain":0,"max_hp_loss":0,"event_name":"Addict","floor":30,"gold_loss":85},{"damage_healed":0,"gold_gain":0,"player_choice":"Ignored","damage_taken":0,"max_hp_gain":0,"max_hp_loss":0,"event_name":"Tomb of Lord Red Mask","floor":42,"gold_loss":0}],"is_beta":false,"boss_relics":[{"not_picked":["Snecko Eye","Astrolabe"],"picked":"Sozu"},{"not_picked":["SlaversCollar","Tiny House"],"picked":"Black Star"}],"items_purged_floors":[20,28,39,47],"is_endless":false,"potions_floor_spawned":[1,2,10,13,16,18,22,31,33,37,41,46,48],"ascension_level":0}}