{"host":"d73an99q9oevilk5","time":1614057246,"event":{"mods":["2.2 Compatiblity","AchievementEnabler","Act Like it!","Aspiration","BaseMod","Beaked The Cultist","Better Third Choice","BetterRewards","Colored Map","Colored Powertips","Conspire","Downfall","GifTheSpireLib","Halation","Hubris","Infinite Spire","Marisa????????","Mimic Mod","Minty Spire (QoL Compilation)","MostiFishMod","Quick Restart","Relic Sorter","Reliquary","Replay The Spire","Shop Mod","Spikes Relics","StSLib","Stuff the Spire","The Cursed","The Jungle","The Necromancer","The Saiyan","Waifu the Spire","egg","slay the spire mod where everything is the same but ironclad has a cowboy hat"],"gold_per_floor":[111,121,138,8,8,38,38,72,102,102,102,128,143,143,143,240,240,258,258,268,268,268,296,395,395,395,395,406,406,436,452,452,556,556,572,672,687,703,703,703,703,737,737,352,378,378,407,407,407,407],"floor_reached":51,"language":"ENG","playtime":1969,"items_purged":["hubris:InfiniteBlow","hubris:Despair"],"score":1232,"play_id":"cd0ce924-8ba1-44cd-9cff-578d11ba8b61","local_time":"20210222221406","is_ascension_mode":false,"campfire_choices":[{"data":"hubris:EnhanceAbility","floor":7.0,"key":"SMITH"},{"data":"Regret","floor":15.0,"key":"PURGE"},{"data":"Self Repair","floor":25.0,"key":"SMITH"},{"data":"Loop","floor":27.0,"key":"SMITH"},{"data":"Defragment","floor":32.0,"key":"SMITH"},{"data":"MostiFishMod:ATRI","floor":40.0,"key":"SMITH"},{"data":"Mirror Shield","floor":46,"key":"SMITH"}],"circlet_count":0,"master_deck":["Strike_B+1","Strike_B+1","Strike_B+1","Strike_B+1","Defend_B+1","Defend_B+1","Defend_B+1","Defend_B+1","Dualcast","hubris:EnhanceAbility+1","Loop+1","Chill","Ball Lightning","ReplayTheSpireMod:Calculation Training","Self Repair+1","Rainbow+1","BasicCrystalCard+1","Machine Learning","BasicCrystalCard+1","Conserve Battery","BasicCrystalCard+1","Redo+1","J.A.X.","MostiFishMod:ATRI","BasicCrystalCard+1","Defragment+1","Barrage+1","MostiFishMod:ATRI+1","Self Repair+1","Mirror Shield+1","BasicCrystalCard+1","BasicCrystalCard+1","CloudedMind"],"relics":["Cracked Core","hubris:Icosahedron","DaveBox","hubris:SoftwareUpdate","hubris:EmptyBottle","Replay:Kaleidoscope","halation:OrihimeAndHikoboshiSamaAndTears","RhineCircuit","Gremlin Food","SynthV:TestCard","Lantern","Prayer Wheel","infinitespire:WardingShard","SpikesRelics:DaevaFist","StuffTheSpire:RedRose","Black Star","reliquary:Boomerang","hubris:Backtick","Replay:Bottled Eggs","ReplayTheSpireMod:Ninjato","Replay:Wax Seal","Kunai","halation:PinkSoulGem","reliquary:ShortFuse","Tiny Chest","Cursed Key","infinitespire:CheckeredPen","Prayer Wheel","hubris:FunFungus","reliquary:RoseTintedGlasses","StuffTheSpire:ColdMirror","Anchor","Replay:Baseball","SnailShell","halation:QuantumPhysicsTextbook","Potion Belt"],"acts_visited":["Exordium","TheCity","TheBeyond"],"potions_floor_usage":[42,42,47,50,50,50,50,50],"damage_taken":[{"damage":0.0,"enemies":"2 Louse","floor":1.0,"turns":4.0},{"damage":7.0,"enemies":"Jaw Worm","floor":2.0,"turns":3.0},{"damage":0.0,"enemies":"conspire:RoseBush","floor":3.0,"turns":3.0},{"damage":1.0,"enemies":"Lagavulin","floor":6.0,"turns":6.0},{"damage":2.0,"enemies":"Replay:BlueRogue","floor":8.0,"turns":6.0},{"damage":0.0,"enemies":"2 Fungi Beasts","floor":9.0,"turns":5.0},{"damage":0.0,"enemies":"3 Sentries","floor":12.0,"turns":3.0},{"damage":18.0,"enemies":"2 Fungi Beasts","floor":13.0,"turns":3.0},{"damage":0.0,"enemies":"Hexaghost","floor":16.0,"turns":7.0},{"damage":7.0,"enemies":"Spheric Guardian","floor":18.0,"turns":3.0},{"damage":24.0,"enemies":"Shell Parasite","floor":20.0,"turns":5.0},{"damage":11.0,"enemies":"Book of Stabbing","floor":23.0,"turns":5.0},{"damage":6.0,"enemies":"Centurion and Healer","floor":28.0,"turns":7.0},{"damage":19.0,"enemies":"conspire:SneckoGhost","floor":30.0,"turns":4.0},{"damage":0.0,"enemies":"Snake Plant","floor":31.0,"turns":3.0},{"damage":0.0,"enemies":"conspire:MysteriousRune","floor":33.0,"turns":7.0},{"damage":0.0,"enemies":"3 Shapes","floor":35.0,"turns":5.0},{"damage":0.0,"enemies":"Orb Walker","floor":37.0,"turns":2.0},{"damage":9.0,"enemies":"Maw","floor":38.0,"turns":6.0},{"damage":0,"enemies":"Giant Head","floor":42,"turns":6},{"damage":0,"enemies":"beaked:SuperParasite","floor":47,"turns":8},{"damage":17,"enemies":"infinitespire:MassOfShapes","floor":50,"turns":9}],"seed_played":"-9187781869214758830","potions_obtained":[{"floor":3.0,"key":"BlessingOfTheForge"},{"floor":12.0,"key":"Weak Potion"},{"floor":13.0,"key":"FocusPotion"},{"floor":23.0,"key":"champ:CounterPotion"},{"floor":30.0,"key":"ColorlessPotion"},{"floor":49,"key":"Fire Potion"},{"floor":49,"key":"FairyPotion"}],"is_trial":false,"path_per_floor":["M","M","M","$","?","E","R","E","MIM","$","?","E","M","?","R_BF","B",null,"M","?","M","?","AVR","E","?","R","T","R","M","?","E","M","R_BF","B",null,"M","?","M","M","AVR","R","?","E","T","$","T","R","E","HB","R_BF","B",null],"character_chosen":"DEFECT","items_purchased":["hubris:SoftwareUpdate","hubris:EnhanceAbility","hubris:EmptyBottle","halation:OrihimeAndHikoboshiSamaAndTears","Loop","Gremlin Food","Self Repair","PowerPotion","Anchor","Replay:Baseball"],"campfire_rested":0,"item_purchase_floors":[0,0,0,0,0,0,4,4,44,44],"current_hp_per_floor":[75,68,68,68,68,74,74,75,75,75,75,75,64,64,64,71,75,75,75,58,58,58,54,54,54,54,54,58,58,49,59,59,69,75,75,75,75,75,75,75,75,75,75,75,75,75,75,38,38,38],"gold":407,"neow_bonus":"","is_daily":false,"chose_seed":false,"campfire_upgraded":6,"win_rate":0.0,"timestamp":1614057246,"path_taken":["M","M","M","$","?","E","R","E","MIM","$","?","E","M","?","R_BF","BOSS","M","?","M","?","AVR","E","?","R","T","R","M","?","E","M","R_BF","BOSS","M","?","M","?","AVR","R","?","E","T","$","?","R","E","HB","R_BF","BOSS"],"items_purchased_type":["Relic","Card","Relic","Relic","Card","Relic","Card","Potion","Relic","Relic"],"build_version":"2020-12-22","purchased_purges":2,"victory":true,"max_hp_per_floor":[75,75,75,75,75,75,75,75,75,75,75,75,75,75,75,75,75,75,75,75,75,75,75,75,75,75,75,75,75,75,75,75,75,75,75,75,75,75,75,75,75,75,75,75,75,75,75,38,38,38],"card_choices":[{"not_picked":["Cold Snap","FIFO Queue"],"picked":"Chill","floor":1.0},{"not_picked":["Force Field","Steam","Leap","Streamline"],"picked":"Ball Lightning","floor":2.0},{"not_picked":["Barrage","Ball Lightning","StuffTheSpire:LoadUp","FIFO Queue"],"picked":"ReplayTheSpireMod:Calculation Training","floor":3.0},{"not_picked":["Panic Button","Fusion","Stack","Steam","Rip and Tear"],"picked":"SKIP","floor":6.0},{"not_picked":["ReplayTheSpireMod:GoodbyeWorld","Undo","Streamline","MostiFishMod:Impulse","Reprogram"],"picked":"SKIP","floor":8.0},{"not_picked":["Cold Snap","hubris:PowerSurge","Consume","Melter"],"picked":"BasicCrystalCard","floor":9.0},{"not_picked":["StuffTheSpire:LoadUp","Hello World","ReplayTheSpireMod:Repulse","Double Energy","Go for the Eyes"],"picked":"SKIP","floor":12.0},{"not_picked":["Gash","StuffTheSpire:Plugnplay","StuffTheSpire:ForEach","Doom and Gloom","MostiFishMod:PushDownKick"],"picked":"SKIP","floor":13.0},{"not_picked":["Genetic Algorithm","Coolheaded","Cold Snap","Compile Driver","Rebound"],"picked":"SKIP","floor":13.0},{"not_picked":["Multi-Cast","Fission","StuffTheSpire:ForEach","Rainbow"],"picked":"Machine Learning","floor":16.0},{"not_picked":["Steam+1","hubris:Ukulele","StuffTheSpire:LoadUp","Hologram"],"picked":"BasicCrystalCard","floor":18.0},{"not_picked":["Static Discharge","Blizzard","Rebound","Beam Cell"],"picked":"Conserve Battery","floor":18.0},{"not_picked":["MostiFishMod:PushDownKick","Force Field","Turbo","Barrage+1"],"picked":"BasicCrystalCard","floor":20.0},{"not_picked":["Coolheaded","Go for the Eyes","Panic Button+1","Beam Cell"],"picked":"Redo+1","floor":20.0},{"not_picked":["Skim","Steam+1","Tempest","Lockon+1"],"picked":"MostiFishMod:ATRI","floor":23.0},{"not_picked":["Consume","BootSequence","MostiFishMod:IceShield","Hologram+1"],"picked":"BasicCrystalCard","floor":28.0},{"not_picked":["ReplaySort","Lockon","Capacitor","Crystallizer+1","Go for the Eyes"],"picked":"SKIP","floor":28.0},{"not_picked":["StuffTheSpire:CleanHardDrive","Rebound","Panic Button+1","Reprogram","StuffTheSpire:GlassShard"],"picked":"SKIP","floor":30.0},{"not_picked":["Coolheaded","Leap","StuffTheSpire:LoadUp+1","Sweeping Beam"],"picked":"Defragment","floor":31.0},{"not_picked":["Capacitor+1","Streamline","Steam Power","Rebound"],"picked":"Barrage+1","floor":31.0},{"not_picked":["MostiFishMod:DeathFromBelow","Machine Learning","MostiFishMod:IntelligentEquipment","Fission"],"picked":"MostiFishMod:ATRI","floor":33.0},{"not_picked":["MostiFishMod:LinkProtocol+1","ReplayTheSpireMod:System Scan+1","Coolheaded","ReplayTheSpireMod:Dual Polarity"],"picked":"Self Repair+1","floor":35.0},{"not_picked":["Rip and Tear","Leap+1","Rebound+1","Tempest+1"],"picked":"Mirror Shield","floor":35.0},{"not_picked":["Panic Button+1","Force Field","StuffTheSpire:NuclearReactor","StuffTheSpire:Plugnplay+1","RefreshScreen+1"],"picked":"SKIP","floor":37.0},{"not_picked":["MostiFishMod:ReprogramOld","StuffTheSpire:Plugnplay+1","Sweeping Beam+1","Force Field","Self Repair"],"picked":"SKIP","floor":37.0},{"not_picked":["Steam","Rebound","Compile Driver+1","Redo+1"],"picked":"BasicCrystalCard","floor":38.0},{"not_picked":["StuffTheSpire:LoadUp+1","MostiFishMod:Distribution","Steam","Stack+1","ReplayTheSpireMod:System Scan"],"picked":"SKIP","floor":38.0},{"not_picked":["Redo+1","Barrage","MostiFishMod:DawningShadow","Consume"],"picked":"BasicCrystalCard+1","floor":42},{"not_picked":["StuffTheSpire:Coldhearted","Compile Driver+1","FIFO Queue+1","Sweeping Beam+1","StuffTheSpire:NuclearReactor+1"],"picked":"SKIP","floor":47}],"player_experience":1973187,"relics_obtained":[{"floor":1.0,"key":"SynthV:TestCard"},{"floor":6.0,"key":"Lantern"},{"floor":9.0,"key":"infinitespire:WardingShard"},{"floor":12.0,"key":"SpikesRelics:DaevaFist"},{"floor":23.0,"key":"ReplayTheSpireMod:Ninjato"},{"floor":23.0,"key":"Replay:Wax Seal"},{"floor":26.0,"key":"Kunai"},{"floor":30.0,"key":"reliquary:ShortFuse"},{"floor":30.0,"key":"Tiny Chest"},{"floor":42,"key":"hubris:FunFungus"},{"floor":42,"key":"reliquary:RoseTintedGlasses"},{"floor":43,"key":"StuffTheSpire:ColdMirror"},{"floor":45,"key":"SnailShell"},{"floor":47,"key":"halation:QuantumPhysicsTextbook"},{"floor":47,"key":"Potion Belt"}],"event_choices":[{"damage_healed":0.0,"max_hp_gain":0.0,"max_hp_loss":0.0,"gold_gain":0.0,"event_name":"conspire:Investor","player_choice":"Leave","floor":11.0,"gold_loss":0.0,"damage_taken":0.0},{"damage_healed":0.0,"max_hp_gain":0.0,"max_hp_loss":8.0,"gold_gain":0.0,"event_name":"betterThird:BetterWriting","player_choice":"Simplicity","floor":19.0,"gold_loss":0.0,"damage_taken":0.0},{"damage_healed":0.0,"max_hp_gain":0.0,"max_hp_loss":0.0,"gold_gain":0.0,"event_name":"Drug Dealer","player_choice":"Obtain J.A.X.","floor":21.0,"gold_loss":0.0,"damage_taken":0.0,"cards_obtained":["J.A.X."]},{"damage_healed":0.0,"max_hp_gain":0.0,"max_hp_loss":0.0,"gold_gain":99.0,"event_name":"betterThird:BetterNest","player_choice":"Steal","floor":24.0,"gold_loss":0.0,"damage_taken":0.0},{"damage_healed":0.0,"max_hp_gain":0.0,"max_hp_loss":0.0,"gold_gain":100.0,"event_name":"Golden Shrine","player_choice":"Pray","floor":36.0,"gold_loss":0.0,"damage_taken":0.0}],"is_beta":false,"boss_relics":[{"not_picked":["JellyFishMachine","StuffTheSpire:ModemDavis"],"picked":"Black Star"},{"not_picked":["Sozu","bronze:MakeshiftBattery"],"picked":"Cursed Key"}],"items_purged_floors":[22,44],"is_endless":false,"potions_floor_spawned":[3,12,13,23,30,37,38],"ascension_level":0}}