{"host":"mxr7fl53uuvtjusr","time":1614108598,"event":{"mods":["2.2 Compatiblity","AchievementEnabler","Act Like it!","BaseMod","Block Reminder","Colored Map","Colored Powertips","Dark Map","GifTheSpireLib","Hero for Fun","Highlight Path","Minty Spire (QoL Compilation)","Permanent Neow","Quick Restart","Rare Cards Sparkle","Shop Mod","Spicy Shops","StSLib"],"gold_per_floor":[16,35,49,49,124,151,151,184,208,227,246,81,81,81,81,182,182,195,195,31,31,51,51,85,101,101,54,67,67,67,99,99,194,194,214,224,49,49,49,81,81,92,92,92,124,138,152,171,171,171,171,171,21,52,52],"floor_reached":56,"language":"ENG","playtime":530,"items_purged":["Defend_Y","Defend_Y","Defend_Y","Defend_Y"],"score":1988,"play_id":"11db90f8-ec00-475e-9086-c72eaa2738bc","local_time":"20210223112958","is_ascension_mode":true,"campfire_choices":[{"floor":7,"key":"RECALL"},{"data":"Slap","floor":13,"key":"SMITH"},{"data":"Slap","floor":15,"key":"SMITH"},{"data":"Slap","floor":23,"key":"SMITH"},{"data":"Slap","floor":32,"key":"SMITH"},{"data":"Dramatic Entrance","floor":44,"key":"SMITH"},{"floor":49,"key":"REST"},{"data":"Serious_Punch","floor":52,"key":"SMITH"}],"circlet_count":0,"master_deck":["Strike_Y","Strike_Y","Strike_Y","Strike_Y","Strike_Y","Defend_Y","Get_Hopes_Up","Normal_Punch","Slap+1","Toss_Stone","Slap+1","Slap+1","Serious_Punch+1","Slap+1","Slap","Slap","Slap","Oh","Slap+1","Wear_Disguise","Slap","Slap+1","Dramatic Entrance+1","Slap"],"relics":["Cape","Pantograph"],"acts_visited":["Exordium","TheCity","TheBeyond","TheEnding"],"potions_floor_usage":[],"damage_taken":[{"damage":0,"enemies":"Cultist","floor":1,"turns":1},{"damage":0,"enemies":"Jaw Worm","floor":2,"turns":1},{"damage":0,"enemies":"Small Slimes","floor":3,"turns":1},{"damage":0,"enemies":"3 Sentries","floor":6,"turns":2},{"damage":0,"enemies":"Gremlin Nob","floor":8,"turns":1},{"damage":0,"enemies":"Exordium Wildlife","floor":10,"turns":1},{"damage":0,"enemies":"Large Slime","floor":11,"turns":1},{"damage":0,"enemies":"Hexaghost","floor":16,"turns":1},{"damage":0,"enemies":"2 Thieves","floor":18,"turns":1},{"damage":0,"enemies":"Shell Parasite","floor":22,"turns":1},{"damage":0,"enemies":"Book of Stabbing","floor":24,"turns":1},{"damage":0,"enemies":"Centurion and Healer","floor":25,"turns":1},{"damage":0,"enemies":"Cultist and Chosen","floor":28,"turns":1},{"damage":0,"enemies":"Slavers","floor":31,"turns":1},{"damage":0,"enemies":"Champ","floor":33,"turns":1},{"damage":0,"enemies":"Orb Walker","floor":35,"turns":1},{"damage":0,"enemies":"3 Shapes","floor":36,"turns":1},{"damage":0,"enemies":"Nemesis","floor":40,"turns":1},{"damage":0,"enemies":"Spire Growth","floor":42,"turns":1},{"damage":0,"enemies":"Reptomancer","floor":45,"turns":1},{"damage":0,"enemies":"Sphere and 2 Shapes","floor":46,"turns":1},{"damage":0,"enemies":"Maw","floor":47,"turns":1},{"damage":0,"enemies":"Jaw Worm Horde","floor":48,"turns":1},{"damage":0,"enemies":"Donu and Deca","floor":50,"turns":1},{"damage":0,"enemies":"Shield and Spear","floor":54,"turns":1},{"damage":0,"enemies":"The Heart","floor":55,"turns":3}],"seed_played":"6858298717666274517","potions_obtained":[{"floor":1,"key":"SkillPotion"},{"floor":6,"key":"Energy Potion"},{"floor":10,"key":"Block Potion"},{"floor":30,"key":"FairyPotion"}],"is_trial":false,"path_per_floor":["M","M","M","?","?","E","R","E","T","M","M","$","R","$","R","B",null,"M","?","$","?","M","R","E","M","T","$","M","$","?","E","R","B",null,"M","M","$","?","?","E","?","M","T","R","E","M","M","M","R","B",null,"R","$","E","B",null],"character_chosen":"OPM","items_purchased":["Slap","Slap","Slap","Slap"],"campfire_rested":1,"item_purchase_floors":[12,20,27,37],"current_hp_per_floor":[999,999,999,999,999,999,999,999,999,999,999,999,999,999,999,999,999,999,999,999,999,999,999,999,999,999,999,999,999,999,999,999,999,999,999,999,999,999,999,999,999,999,999,999,999,999,999,999,999,999,999,999,999,999,999],"gold":52,"neow_bonus":"ONE_RANDOM_RARE_CARD","is_daily":false,"chose_seed":false,"campfire_upgraded":6,"win_rate":0.0,"timestamp":1614108598,"path_taken":["M","M","?","?","?","E","R","E","T","M","M","$","R","?","R","BOSS","M","?","$","?","?","R","E","M","T","$","M","?","?","E","R","BOSS","M","M","$","?","?","E","?","?","T","R","E","M","M","M","R","BOSS","R","$","E","BOSS"],"items_purchased_type":["Card","Card","Card","Card"],"build_version":"2020-12-22","purchased_purges":4,"victory":true,"max_hp_per_floor":[999,999,999,999,999,999,999,999,999,999,999,999,999,999,999,999,999,999,999,999,999,999,999,999,999,999,999,999,999,999,999,999,999,999,999,999,999,999,999,999,999,999,999,999,999,999,999,999,999,999,999,999,999,999,999],"card_choices":[{"not_picked":["Toss_Stone","Slap"],"picked":"Normal_Punch","floor":1},{"not_picked":["Side_Hop","Hop"],"picked":"Slap","floor":2},{"not_picked":["Side_Hop","Ignore","Hop"],"picked":"SKIP","floor":3},{"not_picked":["Ignore","Toss_Stone","Side_Hop"],"picked":"SKIP","floor":6},{"not_picked":["Hop","Side_Hop","Ignore"],"picked":"SKIP","floor":8},{"not_picked":["Oh","Do_Nothing"],"picked":"Toss_Stone","floor":10},{"not_picked":["Side_Hop","Yawn"],"picked":"Slap","floor":11},{"not_picked":["Oh","Hip_Strike"],"picked":"Serious_Punch","floor":16},{"not_picked":["Hop","Normal_Punch+1"],"picked":"Slap","floor":18},{"not_picked":["Side_Hop","Wear_Disguise"],"picked":"Slap","floor":22},{"not_picked":["Side_Hop","Wear_Disguise","Yawn"],"picked":"SKIP","floor":24},{"not_picked":["Consecutive_Normal_Punch","Hop","Yawn"],"picked":"SKIP","floor":25},{"not_picked":["Ignore","Consecutive_Normal_Punch","Toss_Stone"],"picked":"SKIP","floor":28},{"not_picked":["Do_Nothing","Serious_Side_Hops","Side_Hop"],"picked":"SKIP","floor":31},{"not_picked":["Get_Hopes_Up","Hip_Strike"],"picked":"Oh","floor":33},{"not_picked":["Yawn+1","Side_Hop"],"picked":"Slap+1","floor":35},{"not_picked":["Consecutive_Normal_Punch+1","Side_Hop+1"],"picked":"Wear_Disguise","floor":36},{"not_picked":["Wear_Disguise+1","Yawn+1"],"picked":"Slap+1","floor":40},{"not_picked":["Dark Shackles","Madness"],"picked":"Dramatic Entrance","floor":41},{"not_picked":["Wear_Disguise+1","Side_Hop"],"picked":"Slap","floor":42},{"not_picked":["Wear_Disguise+1","Consecutive_Normal_Punch+1","Oh"],"picked":"SKIP","floor":45},{"not_picked":["Hop+1","Yawn","Consecutive_Normal_Punch"],"picked":"SKIP","floor":46},{"not_picked":["Yawn","Oh","Ignore+1"],"picked":"SKIP","floor":47},{"not_picked":["Ignore+1","Slap+1","Side_Hop"],"picked":"SKIP","floor":48},{"not_picked":["Consecutive_Normal_Punch+1","Hop","Toss_Stone+1"],"picked":"SKIP","floor":54}],"player_experience":258787,"relics_obtained":[{"floor":54,"key":"Pantograph"}],"event_choices":[{"damage_healed":0,"gold_gain":0,"player_choice":"Fled","damage_taken":0,"max_hp_gain":0,"max_hp_loss":0,"event_name":"Scrap Ooze","floor":4,"gold_loss":0},{"damage_healed":0,"gold_gain":75,"player_choice":"Gather Gold","damage_taken":11,"max_hp_gain":0,"max_hp_loss":0,"event_name":"World of Goop","floor":5,"gold_loss":0},{"damage_healed":0,"gold_gain":0,"player_choice":"Ignored","damage_taken":0,"max_hp_gain":0,"max_hp_loss":0,"event_name":"The Mausoleum","floor":19,"gold_loss":0},{"damage_healed":330,"gold_gain":0,"player_choice":"Heal","damage_taken":0,"max_hp_gain":0,"max_hp_loss":0,"event_name":"The Library","floor":21,"gold_loss":0},{"damage_healed":0,"gold_gain":0,"player_choice":"Got Potions","damage_taken":0,"max_hp_gain":0,"max_hp_loss":0,"event_name":"Lab","floor":30,"gold_loss":0},{"damage_healed":0,"gold_gain":0,"player_choice":"Ignored","damage_taken":0,"max_hp_gain":0,"max_hp_loss":0,"event_name":"Tomb of Lord Red Mask","floor":38,"gold_loss":0},{"damage_healed":0,"gold_gain":0,"player_choice":"Ignored","damage_taken":0,"max_hp_gain":0,"max_hp_loss":0,"event_name":"Mysterious Sphere","floor":39,"gold_loss":0},{"damage_healed":0,"gold_gain":0,"player_choice":"Memory 1","damage_taken":0,"max_hp_gain":0,"max_hp_loss":0,"event_name":"SensoryStone","floor":41,"gold_loss":0}],"is_beta":false,"boss_relics":[{"not_picked":["Runic Pyramid","Calling Bell","Ectoplasm"]},{"not_picked":["Fusion Hammer","Black Star","Philosopher\u0027s Stone"]}],"items_purged_floors":[12,20,37,53],"is_endless":false,"potions_floor_spawned":[1,6,10,22,24,33,36,40,42,45,46,54],"ascension_level":5}}