{"host":"1bzbl1adcbkdzqlf","time":1614122379,"event":{"mods":["BaseMod","Minty Spire (QoL Compilation)","Slay the Relics Exporter"],"gold_per_floor":[113,113,128,142,161,161,175,208,208,208,208,208,218,232,232,306,306,325,325,59,78,88,118,118,132,132,146,146,71,71,104,104,179,179,193,208,133,150,150,175,175,175,175],"floor_reached":42,"language":"ENG","playtime":4289,"items_purged":["Strike_R"],"score":900,"play_id":"1c1977a1-d778-415b-91f2-e4df11964dd7","local_time":"20210223171939","is_ascension_mode":true,"campfire_choices":[{"floor":6,"key":"REST"},{"floor":12,"key":"REST"},{"floor":15,"key":"REST"},{"floor":24,"key":"REST"},{"floor":32,"key":"REST"},{"floor":41,"key":"REST"}],"circlet_count":0,"master_deck":["AscendersBane","Strike_R+1","Defend_R+1","Defend_R","Defend_R","Defend_R","Bash","Wild Strike","Disarm","Cleave","Twin Strike","Pommel Strike","Thunderclap","Dark Embrace","Armaments","Flame Barrier","Demon Form","Iron Wave+1","Shrug It Off","Spot Weakness+1","Ghostly Armor","Parasite","True Grit+1","Shockwave","Impervious","Sword Boomerang","Limit Break","Ghostly Armor+1","Dual Wield","Thunderclap","Infernal Blade+1"],"relics":["Black Blood","Bronze Scales","Question Card","Cursed Key","HornCleat","Ice Cream","Bottled Flame","Red Mask","Bottled Tornado"],"acts_visited":["Exordium","TheCity","TheBeyond"],"potions_floor_usage":[5,8,16,18,21,21,23,33],"damage_taken":[{"damage":17,"enemies":"Small Slimes","floor":1,"turns":4},{"damage":7,"enemies":"Jaw Worm","floor":3,"turns":4},{"damage":6,"enemies":"Cultist","floor":4,"turns":4},{"damage":13,"enemies":"Blue Slaver","floor":5,"turns":2},{"damage":7,"enemies":"Gremlin Gang","floor":7,"turns":3},{"damage":40,"enemies":"Lagavulin","floor":8,"turns":5},{"damage":0,"enemies":"Exordium Wildlife","floor":13,"turns":3},{"damage":15,"enemies":"3 Louse","floor":14,"turns":2},{"damage":51,"enemies":"The Guardian","floor":16,"turns":13},{"damage":22,"enemies":"Shell Parasite","floor":18,"turns":3},{"damage":22,"enemies":"2 Thieves","floor":21,"turns":3},{"damage":18,"enemies":"Snecko","floor":22,"turns":6},{"damage":24,"enemies":"Book of Stabbing","floor":23,"turns":4},{"damage":9,"enemies":"Centurion and Healer","floor":25,"turns":4},{"damage":14,"enemies":"3 Cultists","floor":27,"turns":5},{"damage":10,"enemies":"Masked Bandits","floor":31,"turns":4},{"damage":40,"enemies":"Champ","floor":33,"turns":10},{"damage":17,"enemies":"3 Darklings","floor":35,"turns":5},{"damage":22,"enemies":"Orb Walker","floor":36,"turns":5},{"damage":54,"enemies":"Spire Growth","floor":38,"turns":7},{"damage":72,"enemies":"Nemesis","floor":40,"turns":11},{"damage":48,"enemies":"Giant Head","floor":42,"turns":6}],"seed_played":"8560043504286237432","potions_obtained":[{"floor":4,"key":"ColorlessPotion"},{"floor":5,"key":"SneckoOil"},{"floor":14,"key":"Swift Potion"},{"floor":16,"key":"EntropicBrew"},{"floor":19,"key":"AttackPotion"},{"floor":22,"key":"AttackPotion"},{"floor":25,"key":"FearPotion"},{"floor":40,"key":"FearPotion"}],"is_trial":false,"path_per_floor":["M","?","M","M","M","R","M","E","T","$","?","R","M","M","R","B",null,"M","?","$","M","M","E","R","M","T","M","?","?","?","?","R","B",null,"M","M","$","M","?","E","R","E"],"character_chosen":"IRONCLAD","items_purchased":["HornCleat"],"campfire_rested":6,"item_purchase_floors":[20],"current_hp_per_floor":[53,26,25,25,18,44,43,9,9,9,9,35,41,32,58,13,70,54,54,54,38,26,8,34,31,31,23,23,23,23,19,45,11,70,65,55,55,13,73,13,34,0,0],"gold":175,"neow_bonus":"TWENTY_PERCENT_HP_BONUS","is_daily":false,"chose_seed":false,"campfire_upgraded":0,"win_rate":0.0,"timestamp":1614122379,"path_taken":["M","?","M","M","M","R","M","E","T","$","?","R","?","M","R","BOSS","M","?","$","M","?","E","R","M","T","M","?","?","?","?","R","BOSS","M","M","$","M","?","E","R","E"],"items_purchased_type":["Relic"],"build_version":"2020-12-22","purchased_purges":1,"victory":false,"max_hp_per_floor":[89,89,89,89,89,89,89,89,89,89,89,89,89,89,89,89,89,89,89,89,89,89,89,89,89,89,89,89,89,89,89,89,89,89,89,89,89,89,73,73,73,73,73],"card_choices":[{"not_picked":["Flex","Power Through"],"picked":"Wild Strike","floor":1},{"not_picked":["Sever Soul","Dropkick"],"picked":"Disarm","floor":3},{"not_picked":["Twin Strike","Headbutt"],"picked":"Cleave","floor":4},{"not_picked":["Flex","Cleave"],"picked":"Twin Strike","floor":5},{"not_picked":["Headbutt","Exhume"],"picked":"Pommel Strike","floor":7},{"not_picked":["Bloodletting","Body Slam"],"picked":"Thunderclap","floor":8},{"not_picked":["Headbutt","Flex","Anger"],"picked":"Armaments","floor":13},{"not_picked":["Feel No Pain","Shrug It Off","Intimidate"],"picked":"Flame Barrier","floor":14},{"not_picked":["Impervious","Berserk","Bludgeon"],"picked":"Demon Form","floor":16},{"not_picked":["Wild Strike","Body Slam","Flex"],"picked":"Iron Wave+1","floor":18},{"not_picked":["Rampage","Thunderclap","Iron Wave"],"picked":"Shrug It Off","floor":21},{"not_picked":["Flex","Havoc","Fiend Fire"],"picked":"Spot Weakness+1","floor":22},{"not_picked":["Dual Wield","Armaments","Feel No Pain"],"picked":"Ghostly Armor","floor":23},{"not_picked":["True Grit","Havoc","Headbutt","Warcry"],"picked":"SKIP","floor":25},{"not_picked":["Pommel Strike","Fire Breathing","Thunderclap"],"picked":"True Grit+1","floor":27},{"not_picked":["Fire Breathing","Sentinel","Clash"],"picked":"Sword Boomerang","floor":31},{"not_picked":["Brutality","Reaper","Impervious"],"picked":"Limit Break","floor":33},{"not_picked":["Combust","Rage","Feel No Pain+1"],"picked":"Ghostly Armor+1","floor":35},{"not_picked":["Flex","Sever Soul","Seeing Red+1"],"picked":"Dual Wield","floor":36},{"not_picked":["Dropkick+1","Searing Blow","Second Wind"],"picked":"Thunderclap","floor":38},{"not_picked":["Body Slam+1","Ghostly Armor","Feel No Pain"],"picked":"Infernal Blade+1","floor":40}],"player_experience":523643,"relics_obtained":[{"floor":8,"key":"Bronze Scales"},{"floor":9,"key":"Question Card"},{"floor":23,"key":"Ice Cream"},{"floor":26,"key":"Bottled Flame"},{"floor":31,"key":"Red Mask"},{"floor":40,"key":"Bottled Tornado"}],"event_choices":[{"damage_healed":0,"gold_gain":0,"player_choice":"Entered Light","damage_taken":27,"max_hp_gain":0,"max_hp_loss":0,"event_name":"Shining Light","floor":2,"gold_loss":0,"cards_upgraded":["Defend_R","Strike_R"]},{"damage_healed":0,"gold_gain":0,"cards_transformed":["Strike_R"],"player_choice":"Transformed","damage_taken":0,"max_hp_gain":0,"max_hp_loss":0,"event_name":"Transmorgrifier","floor":11,"gold_loss":0,"cards_obtained":["Dark Embrace"]},{"damage_healed":0,"gold_gain":0,"player_choice":"Got Potions","damage_taken":0,"max_hp_gain":0,"max_hp_loss":0,"event_name":"Lab","floor":19,"gold_loss":0},{"damage_healed":0,"gold_gain":0,"player_choice":"Smashed Altar","damage_taken":0,"max_hp_gain":0,"max_hp_loss":0,"event_name":"Forgotten Altar","floor":28,"gold_loss":0,"cards_obtained":["Decay"]},{"cards_removed":["Decay"],"damage_healed":0,"gold_gain":0,"player_choice":"Gave Gold","damage_taken":0,"max_hp_gain":0,"max_hp_loss":0,"event_name":"Beggar","floor":29,"gold_loss":75},{"damage_healed":0,"gold_gain":0,"cards_transformed":["Strike_R","Strike_R"],"player_choice":"Became Test Subject","damage_taken":0,"max_hp_gain":0,"max_hp_loss":0,"event_name":"Drug Dealer","floor":30,"gold_loss":0,"cards_obtained":["Shockwave","Impervious"]},{"damage_healed":0,"gold_gain":0,"player_choice":"Fought Bandits","damage_taken":0,"max_hp_gain":0,"max_hp_loss":0,"event_name":"Masked Bandits","floor":31,"gold_loss":0},{"damage_healed":73,"gold_gain":0,"player_choice":"Heal","damage_taken":0,"max_hp_gain":0,"max_hp_loss":16,"event_name":"The Moai Head","floor":39,"gold_loss":0}],"is_beta":false,"boss_relics":[{"not_picked":["Runic Dome","Tiny House"],"picked":"Cursed Key"},{"not_picked":["Astrolabe","Runic Pyramid"],"picked":"Black Blood"}],"items_purged_floors":[37],"is_endless":false,"potions_floor_spawned":[4,5,14,16,22,25,40],"killed_by":"Giant Head","ascension_level":20}}