{"host":"i9z6y8pcdeu2qxnx","time":1614045510,"event":{"mods":["BaseMod","Colored Map","Googly Eyes","Highlight Path","Minty Spire (QoL Compilation)","Replay The Spire","StSLib"],"gold_per_floor":[118,118,118,134,147,177,204,204,204,237,203,221,246,261,261,358,358,378,378,398,69,85,85,117,152,178,209,509,534,534,565,565,666,666,685,755,803,260,292,292,350,400,400,400,400,445,445,496,476,512,512,526],"floor_reached":53,"language":"ENG","playtime":5840,"items_purged":["ReplayTheSpireMod:Splinters"],"score":1096,"play_id":"dd9a517c-9ddb-453c-8562-22538653f659","local_time":"20210222205830","daily_mods":["Insanity","Diverse","Elite Swarm"],"is_ascension_mode":false,"campfire_choices":[{"floor":8,"key":"REST"},{"floor":15,"key":"DIG"},{"floor":23,"key":"DIG"},{"floor":28,"key":"DIG"},{"floor":32,"key":"DIG"},{"floor":40,"key":"REST"},{"floor":47,"key":"DIG"},{"floor":51,"key":"REST"}],"circlet_count":0,"master_deck":["Distraction","Halt","Perseverance","Blizzard","Pommel Strike","EmptyFist","Dodge and Roll","Shrug It Off","Prostrate","EmptyFist","Accuracy","Crescendo","Adaptation","Crescendo","Anger","Crescendo","Twin Strike","Cold Snap","Doom and Gloom","Abandon","ReplayReversal","Gash","Quick Slash","JustLucky","Backflip","FlyingSleeves","Chill","Consecrate","Compile Driver","Tempest","Prepared","Slice","Twin Strike","Shrug It Off","Sucker Punch","Heatsinks","FlyingSleeves","SashWhip","Sword Boomerang","Evaluate","Setup","Run Through","Cold Snap","Doom and Gloom","InnerPeace","Hologram","SandsOfTime","Iron Wave","Go for the Eyes","Scrape","Fusion+1","Pummel","Blade Dance","Judgement","Juggernaut","Demon Form","Metallicize","Run Through","Devotion","Double Energy+1","Vault","Flying Knee","Impervious","Twin Strike","FTL","Master of Strategy","CutThroughFate","Replay:Many Hands","Brilliance","DeusExMachina","Ragnarok","DevaForm","CurseOfTheBell","Dodge and Roll+1","Metallicize+1","Rebound","Replay:DivineShield","ReachHeaven","ReachHeaven","SandsOfTime","Sweeping Beam+1","Ragnarok","Streamline+1","Tools of the Trade","True Grit","Stack"],"relics":["PureWater","Durian","WingedGreaves","Pondfish Scales","FossilizedHelix","Shovel","Mango","ReplayTheSpireMod:TigerMarble","Sozu","Sling","Iron Hammer","Bronze Scales","Replay:Bottled Eggs","Pen Nib","Snack Pack","Old Coin","Kunai","White Beast Statue","Anchor","Calling Bell","Bag of Marbles","Chameleon Ring","Replay:Kaleidoscope","Replay:Bandana","Replay:Wax Seal","Quantum Egg","Replay:Mystery Machine","Prayer Wheel","Centennial Puzzle","Thread and Needle","Calipers"],"acts_visited":["Exordium","TheCity","TheBeyond"],"potions_floor_usage":[12,16],"damage_taken":[{"damage":0,"enemies":"Cultist","floor":1,"turns":2},{"damage":0,"enemies":"2 Louse","floor":4,"turns":1},{"damage":6,"enemies":"Small Slimes","floor":5,"turns":2},{"damage":12,"enemies":"Gremlin Nob","floor":6,"turns":4},{"damage":3,"enemies":"3 Sentries","floor":7,"turns":6},{"damage":16,"enemies":"Lagavulin","floor":10,"turns":4},{"damage":0,"enemies":"2 Fungi Beasts","floor":12,"turns":3},{"damage":0,"enemies":"3 Sentries","floor":13,"turns":5},{"damage":4,"enemies":"3 Louse","floor":14,"turns":2},{"damage":53,"enemies":"Hexaghost","floor":16,"turns":5},{"damage":0,"enemies":"Spheric Guardian","floor":18,"turns":4},{"damage":0,"enemies":"2 Thieves","floor":20,"turns":5},{"damage":0,"enemies":"Cultist and Chosen","floor":22,"turns":4},{"damage":0,"enemies":"Gremlin Leader","floor":24,"turns":7},{"damage":10,"enemies":"Slavers","floor":25,"turns":6},{"damage":0,"enemies":"Replay:Snechameleon","floor":27,"turns":4},{"damage":11,"enemies":"Slavers","floor":29,"turns":4},{"damage":0,"enemies":"Replay:Snechameleon","floor":31,"turns":2},{"damage":23,"enemies":"Champ","floor":33,"turns":9},{"damage":0,"enemies":"3 Shapes","floor":35,"turns":3},{"damage":0,"enemies":"Orb Walker","floor":37,"turns":3},{"damage":33,"enemies":"Maw","floor":39,"turns":8},{"damage":14,"enemies":"Nemesis","floor":41,"turns":3},{"damage":28,"enemies":"4 Shapes","floor":42,"turns":3},{"damage":0,"enemies":"Giant Head","floor":46,"turns":6},{"damage":9,"enemies":"Reptomancer","floor":48,"turns":4},{"damage":0,"enemies":"3 Darklings","floor":50,"turns":3},{"damage":48,"enemies":"Donu and Deca","floor":52,"turns":11}],"seed_played":"886319050094255301","potions_obtained":[{"floor":1,"key":"DuplicationPotion"},{"floor":4,"key":"Toxic Potion"},{"floor":12,"key":"Fruit Juice"}],"is_trial":true,"path_per_floor":["M","?","?","M","M","E","E","R","T","E","$","M","E","M","R","B",null,"M","?","M","$","M","R","E","E","T","E","R","E","?","E","R","B",null,"M","?","M","$","M","R","E","M","PTL","PTL","T","E","R","E","?","M","R","B",null],"character_chosen":"WATCHER","items_purchased":["Metallicize","Sling","Master of Strategy","Replay:Wax Seal","Quantum Egg","Replay:DivineShield","ReachHeaven","SandsOfTime"],"campfire_rested":3,"item_purchase_floors":[11,21,21,38,38,38,38,38],"current_hp_per_floor":[72,72,77,77,71,59,56,77,77,61,61,66,80,76,76,23,96,96,96,96,96,96,96,96,86,86,86,86,77,77,81,81,76,96,96,96,96,96,69,96,84,60,60,60,60,70,70,67,67,69,96,52],"gold":526,"neow_bonus":"","is_daily":false,"chose_seed":false,"campfire_upgraded":0,"win_rate":0.0,"timestamp":1614045510,"path_taken":["M","?","?","M","M","E","E","R","T","E","$","?","E","?","R","BOSS","M","?","?","$","M","R","E","E","T","E","R","E","?","E","R","BOSS","M","?","M","$","M","R","E","M","PTL","PTL","T","E","R","E","?","?","R","BOSS"],"items_purchased_type":["Card","Relic","Card","Relic","Relic","Card","Card","Card"],"build_version":"2020-12-22","purchased_purges":1,"victory":true,"max_hp_per_floor":[72,72,77,77,77,77,77,77,77,77,77,82,96,96,96,96,96,96,96,96,96,96,96,96,96,96,96,96,96,96,96,96,96,96,96,96,96,96,96,96,96,96,96,96,96,96,96,96,96,96,96,96],"card_choices":[{"not_picked":["FlyingSleeves","Shrug It Off"],"picked":"Fusion","floor":1},{"not_picked":["Conserve Battery","Perseverance"],"picked":"Pummel","floor":4},{"not_picked":["Flechettes","Replay:ManipulateFuture"],"picked":"Blade Dance","floor":5},{"not_picked":["Electrodynamics","Multi-Cast"],"picked":"Judgement","floor":6},{"not_picked":["Atom Bomb","Meteor Strike"],"picked":"Juggernaut","floor":7},{"not_picked":["Biased Cognition","Demonic Infusion"],"picked":"Demon Form","floor":10},{"not_picked":["Perseverance","Poisoned Stab"],"picked":"Run Through","floor":12},{"not_picked":["SpiritShield","Vault"],"picked":"Devotion","floor":13},{"not_picked":["Replay:AtTheReady","Perfected Strike"],"picked":"Double Energy","floor":14},{"not_picked":["Rainbow","Omniscience"],"picked":"Vault","floor":16},{"not_picked":["ReplayReversal+1","Flechettes"],"picked":"Flying Knee","floor":18},{"not_picked":["Gash","Catalyst+1"],"picked":"FTL","floor":20},{"not_picked":["Terror","ReplayTheSpireMod:Exploit Weakness"],"picked":"CutThroughFate","floor":22},{"not_picked":["Doppelganger","Machine Learning"],"picked":"Replay:Many Hands","floor":24},{"not_picked":["Fiend Fire","Corruption"],"picked":"Brilliance","floor":25},{"not_picked":["Envenom","Machine Learning"],"picked":"DeusExMachina","floor":27},{"not_picked":["Malaise","ReplayRNGCard","Multi-Cast"],"picked":"SKIP","floor":29},{"not_picked":["Night Terror","Omniscience"],"picked":"Ragnarok","floor":31},{"not_picked":["ReplayTheSpireMod:From All Sides","Hyperbeam"],"picked":"DevaForm","floor":33},{"not_picked":["Entrench+1","Pummel"],"picked":"Dodge and Roll+1","floor":35},{"not_picked":["Prepared+1","Armaments+1"],"picked":"Metallicize+1","floor":36},{"not_picked":["Replay:AtTheReady","ClearTheMind+1"],"picked":"Rebound","floor":37},{"not_picked":["Adaptation+1","Gash"],"picked":"Sweeping Beam+1","floor":39},{"not_picked":["Atom Bomb","Judgement"],"picked":"Ragnarok","floor":41},{"not_picked":["BowlingBash+1","Iron Wave+1"],"picked":"Streamline+1","floor":42},{"not_picked":["Fiend Fire","Fission"],"picked":"Tools of the Trade","floor":46},{"not_picked":["ReplayTheSpireMod:Fabricate Wheel","Exhume","ReplayRNGCard"],"picked":"SKIP","floor":48},{"not_picked":["Rupture","Havoc"],"picked":"True Grit","floor":50},{"not_picked":["SandsOfTime","FlurryOfBlows"],"picked":"Stack","floor":50}],"player_experience":1038728,"relics_obtained":[{"floor":6,"key":"WingedGreaves"},{"floor":7,"key":"Pondfish Scales"},{"floor":9,"key":"FossilizedHelix"},{"floor":10,"key":"Shovel"},{"floor":13,"key":"Mango"},{"floor":15,"key":"ReplayTheSpireMod:TigerMarble"},{"floor":23,"key":"Iron Hammer"},{"floor":24,"key":"Bronze Scales"},{"floor":25,"key":"Replay:Bottled Eggs"},{"floor":26,"key":"Pen Nib"},{"floor":27,"key":"Snack Pack"},{"floor":28,"key":"Old Coin"},{"floor":29,"key":"Kunai"},{"floor":31,"key":"White Beast Statue"},{"floor":32,"key":"Anchor"},{"floor":34,"key":"Bag of Marbles"},{"floor":34,"key":"Chameleon Ring"},{"floor":34,"key":"Replay:Kaleidoscope"},{"floor":36,"key":"Replay:Bandana"},{"floor":41,"key":"Replay:Mystery Machine"},{"floor":45,"key":"Prayer Wheel"},{"floor":46,"key":"Centennial Puzzle"},{"floor":47,"key":"Thread and Needle"},{"floor":48,"key":"Calipers"}],"event_choices":[{"damage_healed":0,"gold_gain":0,"player_choice":"Grow","damage_taken":0,"max_hp_gain":0,"max_hp_loss":0,"event_name":"Living Wall","floor":2,"gold_loss":0,"cards_upgraded":["Fusion"]},{"damage_healed":0,"gold_gain":0,"player_choice":"Gave Potion","damage_taken":0,"relics_obtained":["Durian"],"max_hp_gain":0,"max_hp_loss":0,"event_name":"WeMeetAgain","floor":3,"gold_loss":0},{"damage_healed":0,"gold_gain":0,"player_choice":"2 cards matched","damage_taken":0,"max_hp_gain":0,"max_hp_loss":0,"event_name":"Match and Keep!","floor":19,"gold_loss":0,"cards_obtained":["Impervious","Twin Strike"]},{"damage_healed":0,"gold_gain":0,"player_choice":"Ignored","damage_taken":0,"max_hp_gain":0,"max_hp_loss":0,"event_name":"Vampires","floor":30,"gold_loss":0},{"damage_healed":0,"gold_gain":0,"player_choice":"Bought 1 Potion","damage_taken":0,"max_hp_gain":0,"max_hp_loss":0,"event_name":"The Woman in Blue","floor":49,"gold_loss":0}],"is_beta":false,"boss_relics":[{"not_picked":["Replay:Wanted Poster","Painkiller Herb"],"picked":"Sozu"},{"not_picked":["Coffee Dripper","Velvet Choker"],"picked":"Calling Bell"}],"items_purged_floors":[38],"is_endless":false,"potions_floor_spawned":[1,4,12,20,22,31,33,35,37,39,41,42,46,48,50],"ascension_level":0}}