{"host":"4ge9z8h6k0ioij78","time":1614100370,"event":{"mods":["AchievementEnabler","BaseMod","Colored Map","Colored Powertips","Custom Start","DeckTracker","Faster Ascension Climbing","Filter the Spire","Minty Spire (QoL Compilation)","SuperFastMode"],"gold_per_floor":[113,128,128,53,53,79,79,107,160,160,179,189,189,189,189,262,262,281,281,281,181,200,200,200,115,115,129,145,158,174,205,205,279,279,289,314,395,415,30,57,57,88,113,113,113,132,132,152,152,152],"floor_reached":51,"language":"KOR","playtime":4996,"items_purged":["Infinite Blades","Blade Dance"],"score":1634,"play_id":"e1f15f8b-4961-4302-8b23-b71cb7838f1f","local_time":"20210224021250","is_ascension_mode":true,"campfire_choices":[{"floor":7.0,"key":"REST"},{"data":"Concentrate","floor":10.0,"key":"SMITH"},{"data":"Catalyst","floor":15.0,"key":"SMITH"},{"data":"After Image","floor":23.0,"key":"SMITH"},{"data":"Acrobatics","floor":32.0,"key":"SMITH"},{"data":"Expertise","floor":41.0,"key":"SMITH"},{"data":"Acrobatics","floor":44,"key":"SMITH"},{"data":"Wraith Form v2","floor":49,"key":"SMITH"}],"circlet_count":0,"master_deck":["AscendersBane","Survivor","Neutralize","Expertise+1","Venomology","Calculated Gamble","Catalyst+1","Catalyst+1","Deadly Poison","Cloak And Dagger","Concentrate+1","Acrobatics+1","Deadly Poison","Footwork","After Image+1","Backflip","After Image","Dodge and Roll+1","Wraith Form v2+1","Deadly Poison","Deep Breath","Acrobatics+1","Backflip","Well Laid Plans+1"],"relics":["Pandora\u0027s Box","Lantern","Tiny Chest","Snake Skull","Coffee Dripper","White Beast Statue","Lizard Tail","Pen Nib","The Specimen","Black Star","Ginger","Ninja Scroll","Paper Crane","Bag of Marbles","HornCleat","Pear","Boot","Art of War"],"acts_visited":["Exordium","TheCity","TheBeyond"],"potions_floor_usage":[42,42,46,48,50,50,50],"damage_taken":[{"damage":4.0,"enemies":"Small Slimes","floor":1.0,"turns":3.0},{"damage":6.0,"enemies":"2 Louse","floor":2.0,"turns":3.0},{"damage":45.0,"enemies":"3 Sentries","floor":6.0,"turns":11.0},{"damage":4.0,"enemies":"Gremlin Nob","floor":8.0,"turns":3.0},{"damage":0.0,"enemies":"Cultist","floor":11.0,"turns":2.0},{"damage":2.0,"enemies":"Looter","floor":12.0,"turns":2.0},{"damage":4.0,"enemies":"The Guardian","floor":16.0,"turns":4.0},{"damage":0.0,"enemies":"Chosen","floor":18.0,"turns":3.0},{"damage":14.0,"enemies":"2 Thieves","floor":22.0,"turns":5.0},{"damage":0.0,"enemies":"Shelled Parasite and Fungi","floor":24.0,"turns":1.0},{"damage":35.0,"enemies":"Snecko","floor":27.0,"turns":6.0},{"damage":0.0,"enemies":"Centurion and Healer","floor":28.0,"turns":4.0},{"damage":17.0,"enemies":"Sentry and Sphere","floor":29.0,"turns":4.0},{"damage":13.0,"enemies":"Cultist and Chosen","floor":30.0,"turns":6.0},{"damage":0.0,"enemies":"Gremlin Leader","floor":31.0,"turns":4.0},{"damage":0.0,"enemies":"Automaton","floor":33.0,"turns":5.0},{"damage":0.0,"enemies":"Orb Walker","floor":35.0,"turns":2.0},{"damage":0.0,"enemies":"Mind Bloom Boss Battle","floor":36.0,"turns":4.0},{"damage":0.0,"enemies":"3 Shapes","floor":38.0,"turns":5.0},{"damage":0.0,"enemies":"Giant Head","floor":40.0,"turns":5.0},{"damage":0,"enemies":"Nemesis","floor":42,"turns":5},{"damage":0,"enemies":"Transient","floor":46,"turns":6},{"damage":0,"enemies":"Writhing Mass","floor":48,"turns":3},{"damage":44,"enemies":"Awakened One","floor":50,"turns":10}],"seed_played":"-4071466743312633193","potions_obtained":[{"floor":6.0,"key":"LiquidBronze"},{"floor":8.0,"key":"PowerPotion"},{"floor":11.0,"key":"DistilledChaos"},{"floor":27.0,"key":"SkillPotion"},{"floor":40.0,"key":"Strength Potion"},{"floor":42,"key":"ColorlessPotion"},{"floor":46,"key":"LiquidMemories"},{"floor":48,"key":"Regen Potion"}],"is_trial":false,"path_per_floor":["M","M","?","$","?","E","R","E","T","R","M","M","?","?","R","B",null,"M","?","T","$","M","R","M","?","T","M","M","M","M","E","R","B",null,"M","?","T","M","$","E","R","E","T","R","?","M","$","M","R","B",null],"character_chosen":"THE_SILENT","items_purchased":["Paper Crane","Deep Breath"],"campfire_rested":1,"item_purchase_floors":[39,39],"current_hp_per_floor":[55,49,54,54,54,9,30,26,26,26,26,24,17,17,17,13,57,57,57,57,57,43,43,43,43,43,8,8,30,17,17,17,17,58,58,58,58,58,58,58,58,68,68,68,68,68,68,68,68,39],"gold":152,"neow_bonus":"BOSS_RELIC","is_daily":false,"chose_seed":false,"campfire_upgraded":7,"win_rate":0.0,"timestamp":1614100370,"path_taken":["M","M","?","$","?","E","R","E","T","R","M","M","?","?","R","BOSS","M","?","?","$","M","R","M","?","T","?","M","M","M","E","R","BOSS","M","?","?","M","$","E","R","E","T","R","?","M","$","M","R","BOSS"],"items_purchased_type":["Relic","Card"],"build_version":"2020-12-22","purchased_purges":2,"victory":true,"max_hp_per_floor":[66,66,71,71,71,71,71,71,71,71,71,71,71,71,71,71,71,71,71,71,71,71,71,71,71,71,71,71,71,71,71,71,71,71,71,71,71,71,71,71,71,81,81,81,81,81,81,81,81,81],"card_choices":[{"not_picked":["Quick Slash","Dodge and Roll"],"picked":"Acrobatics","floor":1.0},{"not_picked":["Accuracy","Flechettes"],"picked":"Blade Dance","floor":2.0},{"not_picked":["Flying Knee","Terror"],"picked":"Deadly Poison","floor":6.0},{"not_picked":["Endless Agony","Skewer","Quick Slash"],"picked":"SKIP","floor":8.0},{"not_picked":["Riddle With Holes","All Out Attack"],"picked":"Footwork","floor":11.0},{"not_picked":["Slice","Leg Sweep","Caltrops"],"picked":"SKIP","floor":12.0},{"not_picked":["Wraith Form v2","Tools of the Trade"],"picked":"After Image","floor":16.0},{"not_picked":["Distraction","Deflect","Infinite Blades"],"picked":"SKIP","floor":18.0},{"not_picked":["Outmaneuver","Deflect","Blade Dance"],"picked":"SKIP","floor":22.0},{"not_picked":["Outmaneuver","Choke"],"picked":"Backflip","floor":27.0},{"not_picked":["Dagger Spray","Blade Dance","Sucker Punch"],"picked":"SKIP","floor":28.0},{"not_picked":["Flying Knee","Underhanded Strike"],"picked":"After Image","floor":29.0},{"not_picked":["PiercingWail","Sucker Punch+1","Dash"],"picked":"SKIP","floor":30.0},{"not_picked":["Backstab","Dagger Spray+1"],"picked":"Dodge and Roll+1","floor":31.0},{"not_picked":["Grand Finale","Envenom"],"picked":"Wraith Form v2","floor":33.0},{"not_picked":["Calculated Gamble","Prepared","Poisoned Stab+1"],"picked":"SKIP","floor":35.0},{"not_picked":["PiercingWail","Flying Knee"],"picked":"Deadly Poison","floor":36.0},{"not_picked":["Deflect+1","Outmaneuver","Underhanded Strike"],"picked":"SKIP","floor":38.0},{"not_picked":["Bane","Prepared","Outmaneuver"],"picked":"SKIP","floor":40.0},{"not_picked":["Blur","Heel Hook"],"picked":"Acrobatics","floor":42},{"not_picked":["After Image","PiercingWail"],"picked":"Backflip","floor":46},{"not_picked":["PiercingWail","Calculated Gamble"],"picked":"Well Laid Plans+1","floor":48}],"player_experience":1371963,"relics_obtained":[{"floor":6.0,"key":"Lantern"},{"floor":8.0,"key":"Tiny Chest"},{"floor":9.0,"key":"Snake Skull"},{"floor":20.0,"key":"White Beast Statue"},{"floor":26.0,"key":"Pen Nib"},{"floor":31.0,"key":"The Specimen"},{"floor":36.0,"key":"Ginger"},{"floor":37.0,"key":"Ninja Scroll"},{"floor":40.0,"key":"Bag of Marbles"},{"floor":40.0,"key":"HornCleat"},{"floor":42,"key":"Pear"},{"floor":42,"key":"Boot"},{"floor":43,"key":"Art of War"}],"event_choices":[{"damage_healed":0.0,"max_hp_gain":5.0,"max_hp_loss":0.0,"gold_gain":0.0,"event_name":"Big Fish","player_choice":"Donut","floor":3.0,"gold_loss":0.0,"damage_taken":0.0},{"damage_healed":0.0,"max_hp_gain":0.0,"max_hp_loss":0.0,"gold_gain":0.0,"cards_transformed":["Envenom"],"event_name":"Living Wall","player_choice":"Change","floor":5.0,"gold_loss":0.0,"damage_taken":0.0,"cards_obtained":["Blade Dance"]},{"cards_removed":["Blade Dance"],"damage_healed":0.0,"max_hp_gain":0.0,"max_hp_loss":0.0,"gold_gain":0.0,"event_name":"Golden Wing","player_choice":"Card Removal","floor":13.0,"gold_loss":0.0,"damage_taken":7.0},{"damage_healed":0.0,"max_hp_gain":0.0,"max_hp_loss":0.0,"gold_gain":0.0,"event_name":"Upgrade Shrine","player_choice":"Upgraded","floor":14.0,"gold_loss":0.0,"damage_taken":0.0,"cards_upgraded":["Catalyst"]},{"damage_healed":0.0,"max_hp_gain":0.0,"max_hp_loss":0.0,"gold_gain":0.0,"event_name":"Vampires","player_choice":"Ignored","floor":19.0,"gold_loss":0.0,"damage_taken":0.0},{"damage_healed":0.0,"max_hp_gain":0.0,"max_hp_loss":0.0,"gold_gain":0.0,"event_name":"Addict","player_choice":"Obtained Relic","floor":25.0,"gold_loss":85.0,"damage_taken":0.0,"relics_obtained":["Lizard Tail"]},{"damage_healed":0.0,"max_hp_gain":0.0,"max_hp_loss":0.0,"gold_gain":0.0,"event_name":"MindBloom","player_choice":"Fight","floor":36.0,"gold_loss":0.0,"damage_taken":0.0},{"damage_healed":0,"gold_gain":0,"player_choice":"Memory 1","damage_taken":0,"max_hp_gain":0,"max_hp_loss":0,"event_name":"SensoryStone","floor":45,"gold_loss":0}],"is_beta":false,"boss_relics":[{"not_picked":["Velvet Choker","HoveringKite"],"picked":"Coffee Dripper"},{"not_picked":["Fusion Hammer","Tiny House"],"picked":"Black Star"}],"items_purged_floors":[4,21],"is_endless":false,"potions_floor_spawned":[6,8,11,12,22,24,27,28,29,30,31,33,35,36,38,40,42,46,48],"ascension_level":18}}