{"host":"9brt9rggm379u2p7","time":1614112950,"event":{"mods":["AchievementEnabler","BaseMod","Highlight Path","Minty Spire (QoL Compilation)","Permanent Neow","Quick Restart","SuperFastMode"],"gold_per_floor":[112,126,126,142,159,159,175,175,175,188,200,235,235,264,264,264,264],"floor_reached":16,"language":"ENG","playtime":723,"items_purged":[],"score":228,"play_id":"e679b539-f724-42eb-88d7-8c7f91c98fff","local_time":"20210224054230","is_ascension_mode":true,"campfire_choices":[{"data":"Armaments","floor":6.0,"key":"SMITH"},{"data":"Enlightenment","floor":15.0,"key":"SMITH"}],"circlet_count":0,"master_deck":["AscendersBane","Strike_R","Strike_R","Strike_R","Defend_R","Defend_R","Defend_R","Defend_R","Bash","Enlightenment+1","Armaments+1","Headbutt","Power Through","Clothesline","Fiend Fire","Flame Barrier","Fire Breathing"],"relics":["Burning Blood","TungstenRod","Matryoshka","Ginger","Toy Ornithopter"],"acts_visited":["Exordium"],"potions_floor_usage":[],"damage_taken":[{"damage":7.0,"enemies":"2 Louse","floor":1.0,"turns":5.0},{"damage":8.0,"enemies":"Small Slimes","floor":2.0,"turns":4.0},{"damage":12.0,"enemies":"Cultist","floor":4.0,"turns":5.0},{"damage":8.0,"enemies":"Exordium Wildlife","floor":5.0,"turns":4.0},{"damage":12.0,"enemies":"Looter","floor":7.0,"turns":3.0},{"damage":8.0,"enemies":"Large Slime","floor":10.0,"turns":7.0},{"damage":0.0,"enemies":"2 Fungi Beasts","floor":11.0,"turns":3.0},{"damage":24.0,"enemies":"Lagavulin","floor":12.0,"turns":9.0},{"damage":22.0,"enemies":"3 Sentries","floor":14.0,"turns":11.0},{"damage":12,"enemies":"Hexaghost","floor":16,"turns":9}],"seed_played":"8986535514469057105","potions_obtained":[{"floor":1.0,"key":"Explosive Potion"},{"floor":10.0,"key":"LiquidMemories"},{"floor":11.0,"key":"AttackPotion"}],"is_trial":false,"path_per_floor":["M","M","?","M","M","R","M","?","T","M","M","E","?","E","R","B"],"character_chosen":"IRONCLAD","items_purchased":[],"campfire_rested":0,"item_purchase_floors":[],"current_hp_per_floor":[67,65,58,52,50,50,44,44,44,42,48,30,26,10,10,0,0],"gold":264,"neow_bonus":"RANDOM_COLORLESS","is_daily":false,"chose_seed":false,"campfire_upgraded":2,"win_rate":0.0,"timestamp":1614112950,"path_taken":["M","M","?","M","M","R","M","?","T","M","?","E","?","E","R","BOSS"],"items_purchased_type":[],"build_version":"2020-12-22","purchased_purges":0,"victory":false,"max_hp_per_floor":[75,75,75,75,75,75,75,75,75,75,75,75,75,75,75,75,75],"card_choices":[{"not_picked":["Panacea","Discovery"],"picked":"Enlightenment","floor":0.0},{"not_picked":["Headbutt","Body Slam"],"picked":"Armaments","floor":1.0},{"not_picked":["Intimidate","Anger","Thunderclap"],"picked":"SKIP","floor":2.0},{"not_picked":["Flex","Twin Strike"],"picked":"Headbutt","floor":4.0},{"not_picked":["Twin Strike","Body Slam","Flex"],"picked":"SKIP","floor":5.0},{"not_picked":["Shockwave","Rupture"],"picked":"Power Through","floor":7.0},{"not_picked":["Pommel Strike","Rampage"],"picked":"Fiend Fire","floor":10.0},{"not_picked":["Wild Strike","Rage"],"picked":"Flame Barrier","floor":11.0},{"not_picked":["Iron Wave","Havoc","Pommel Strike"],"picked":"SKIP","floor":12.0},{"not_picked":["Havoc","Sword Boomerang"],"picked":"Fire Breathing","floor":14.0}],"player_experience":442949,"relics_obtained":[{"floor":9.0,"key":"TungstenRod"},{"floor":12.0,"key":"Matryoshka"},{"floor":14.0,"key":"Toy Ornithopter"}],"event_choices":[{"cards_removed":["Strike_R"],"damage_healed":0.0,"max_hp_gain":0.0,"max_hp_loss":0.0,"gold_gain":0.0,"event_name":"Golden Wing","player_choice":"Card Removal","floor":3.0,"gold_loss":0.0,"damage_taken":7.0},{"damage_healed":0.0,"max_hp_gain":0.0,"max_hp_loss":0.0,"gold_gain":0.0,"cards_transformed":["Strike_R"],"event_name":"Transmorgrifier","player_choice":"Transformed","floor":8.0,"gold_loss":0.0,"damage_taken":0.0,"cards_obtained":["Clothesline"]},{"damage_healed":0.0,"max_hp_gain":0.0,"max_hp_loss":0.0,"gold_gain":0.0,"event_name":"Scrap Ooze","player_choice":"Success","floor":13.0,"gold_loss":0.0,"damage_taken":5.0,"relics_obtained":["Ginger"]}],"is_beta":false,"boss_relics":[],"items_purged_floors":[],"is_endless":false,"potions_floor_spawned":[1,10,11],"killed_by":"Hexaghost","ascension_level":20}}