{"host":"f0gpob8hq9vgebej","time":1614083984,"event":{"mods":["AchievementEnabler","BaseMod","Minty Spire (QoL Compilation)","Quick Restart","SuperFastMode"],"gold_per_floor":[14,14,33,54,74,74,88,88,137,137,150,181,106,120,120,213,213,233,158,172,190,115,115,129,209,236,79,93,93,93],"floor_reached":29,"language":"KOR","playtime":883,"items_purged":["Strike_G","Defend_G"],"score":424,"play_id":"34dbf704-87ec-41cf-a3d8-40166e1a7259","local_time":"20210223213944","is_ascension_mode":true,"campfire_choices":[{"data":"Footwork","floor":6.0,"key":"SMITH"},{"data":"Dagger Spray","floor":8.0,"key":"SMITH"},{"floor":10.0,"key":"REST"},{"data":"Choke","floor":15.0,"key":"SMITH"},{"floor":23,"key":"REST"}],"circlet_count":0,"master_deck":["AscendersBane","Strike_G","Defend_G","Defend_G","Defend_G","Survivor","Neutralize","Choke+1","Injury","Footwork+1","All Out Attack","Dagger Spray+1","Noxious Fumes","PiercingWail","Blade Dance","Adrenaline","Cloak And Dagger","Adrenaline"],"relics":["Ring of the Serpent","Golden Idol","Art of War","Ninja Scroll","Letter Opener","Tiny Chest"],"acts_visited":["Exordium","TheCity"],"potions_floor_usage":[16,16,24,28,29],"damage_taken":[{"damage":9.0,"enemies":"Cultist","floor":1.0,"turns":7.0},{"damage":2.0,"enemies":"Jaw Worm","floor":3.0,"turns":4.0},{"damage":4.0,"enemies":"2 Louse","floor":4.0,"turns":3.0},{"damage":11.0,"enemies":"Exordium Thugs","floor":5.0,"turns":5.0},{"damage":7.0,"enemies":"Red Slaver","floor":7.0,"turns":5.0},{"damage":8.0,"enemies":"Exordium Wildlife","floor":11.0,"turns":3.0},{"damage":3.0,"enemies":"3 Sentries","floor":12.0,"turns":5.0},{"damage":1.0,"enemies":"Exordium Thugs","floor":14.0,"turns":4.0},{"damage":25,"enemies":"The Guardian","floor":16,"turns":8},{"damage":18,"enemies":"Chosen","floor":18,"turns":6},{"damage":9,"enemies":"3 Byrds","floor":20,"turns":3},{"damage":18,"enemies":"Snake Plant","floor":21,"turns":4},{"damage":15,"enemies":"3 Cultists","floor":24,"turns":6},{"damage":8,"enemies":"Centurion and Healer","floor":28,"turns":5},{"damage":8,"enemies":"Snecko","floor":29,"turns":3}],"seed_played":"-7818607252907426809","potions_obtained":[{"floor":3.0,"key":"Energy Potion"},{"floor":4.0,"key":"FearPotion"},{"floor":11.0,"key":"AttackPotion"},{"floor":14.0,"key":"PowerPotion"},{"floor":21,"key":"CunningPotion"},{"floor":24,"key":"Fire Potion"}],"is_trial":false,"path_per_floor":["M","?","M","M","M","R","M","R","T","R","M","E","?","M","R","B",null,"M","$","M","M","?","R","M","T","T","$","M","M"],"character_chosen":"THE_SILENT","items_purchased":["BlessingOfTheForge"],"campfire_rested":2,"item_purchase_floors":[27],"current_hp_per_floor":[50,50,48,44,33,33,26,26,26,45,37,34,34,33,33,8,52,34,34,25,7,7,26,11,11,11,11,3,0,0],"gold":93,"neow_bonus":"REMOVE_TWO","is_daily":false,"chose_seed":false,"campfire_upgraded":3,"win_rate":0.0,"timestamp":1614083984,"path_taken":["M","?","M","M","M","R","M","R","T","R","M","E","?","M","R","BOSS","M","$","M","M","?","R","M","?","T","$","M","M"],"items_purchased_type":["Potion"],"build_version":"2020-12-22","purchased_purges":2,"victory":false,"max_hp_per_floor":[66,66,66,66,66,66,66,66,66,66,66,66,66,66,66,66,66,66,66,66,66,66,66,66,66,66,66,66,66,66],"card_choices":[{"not_picked":["Backflip","Sucker Punch"],"picked":"Choke","floor":1.0},{"not_picked":["Acrobatics","Sucker Punch","Calculated Gamble"],"picked":"SKIP","floor":3.0},{"not_picked":["Dodge and Roll","Sucker Punch"],"picked":"Footwork","floor":4.0},{"not_picked":["Bane","Accuracy"],"picked":"All Out Attack","floor":5.0},{"not_picked":["Outmaneuver","Finisher"],"picked":"Dagger Spray","floor":7.0},{"not_picked":["Concentrate","Bane"],"picked":"Noxious Fumes","floor":11.0},{"not_picked":["Storm of Steel","Cloak And Dagger"],"picked":"PiercingWail","floor":12.0},{"not_picked":["Underhanded Strike","Skewer"],"picked":"Blade Dance","floor":14.0},{"not_picked":["Storm of Steel","Grand Finale"],"picked":"Adrenaline","floor":16},{"not_picked":["Heel Hook+1","Slice","Backstab"],"picked":"SKIP","floor":18},{"not_picked":["Poisoned Stab","Predator"],"picked":"Cloak And Dagger","floor":20},{"not_picked":["Slice","Bane","Sucker Punch"],"picked":"SKIP","floor":21},{"not_picked":["Flying Knee","Blur"],"picked":"Adrenaline","floor":24},{"not_picked":["Concentrate","Cloak And Dagger","Dagger Throw"],"picked":"SKIP","floor":28}],"player_experience":396847,"relics_obtained":[{"floor":9.0,"key":"Art of War"},{"floor":12.0,"key":"Ninja Scroll"},{"floor":25,"key":"Letter Opener"},{"floor":26,"key":"Tiny Chest"}],"event_choices":[{"damage_healed":0.0,"max_hp_gain":0.0,"max_hp_loss":0.0,"gold_gain":0.0,"event_name":"Golden Idol","player_choice":"Take Wound","floor":2.0,"gold_loss":0.0,"damage_taken":0.0,"relics_obtained":["Golden Idol"],"cards_obtained":["Injury"]},{"cards_removed":["Strike_G"],"damage_healed":0.0,"max_hp_gain":0.0,"max_hp_loss":0.0,"gold_gain":0.0,"event_name":"The Cleric","player_choice":"Card Removal","floor":13.0,"gold_loss":75.0,"damage_taken":0.0},{"cards_removed":["Strike_G"],"damage_healed":0,"gold_gain":0,"player_choice":"Gave Gold","damage_taken":0,"max_hp_gain":0,"max_hp_loss":0,"event_name":"Beggar","floor":22,"gold_loss":75}],"is_beta":false,"boss_relics":[{"not_picked":["Sozu","Ectoplasm"],"picked":"Ring of the Serpent"}],"items_purged_floors":[19,27],"is_endless":false,"potions_floor_spawned":[3,4,11,14,21,24],"killed_by":"Snecko","ascension_level":17}}