{"host":"3p4eynvdmgjf7qvn","time":1614077656,"event":{"mods":["Aspiration","BaseMod","Better Note","Better Skull","Colored Map","Colored Powertips","Downfall","Hermit","Hubris","Minty Spire (QoL Compilation)","Relic Stats","Robot Space Explorer","StSLib","The Bug Knight","The Disciple","The Forsaken","The Hierophant","The Jungle","The Marked","The Necromancer","TheBandit"],"gold_per_floor":[99,112,112,122,122,150,150,150],"floor_reached":6,"language":"ENG","playtime":436,"items_purged":[],"score":44,"play_id":"51fd5fd4-de61-4b5a-bdda-11478b06f47d","local_time":"20210223115416","is_ascension_mode":false,"campfire_choices":[{"data":"bronze:Goto","floor":1,"key":"SMITH"}],"circlet_count":0,"master_deck":["bronze:Strike","bronze:Strike","bronze:Strike","bronze:Strike","bronze:Defend","bronze:Defend","bronze:Defend","bronze:Defend","bronze:Replicate+1","bronze:Goto+1","Shame","bronze:Iterate+1","bronze:Frontload","Injury"],"relics":["bronze:BronzeCore","Molten Egg 2","Eternal Feather"],"acts_visited":["Exordium"],"potions_floor_usage":[],"damage_taken":[{"damage":9,"enemies":"Cultist","floor":2,"turns":5},{"damage":1,"enemies":"Small Slimes","floor":4,"turns":3},{"damage":39,"enemies":"Lagavulin","floor":6,"turns":10}],"seed_played":"-3565632912128491584","potions_obtained":[],"is_trial":false,"path_per_floor":["R","M","?","M","?","E"],"character_chosen":"THE_AUTOMATON","items_purchased":[],"campfire_rested":0,"item_purchase_floors":[],"current_hp_per_floor":[84,75,75,74,74,35,35,35],"gold":150,"neow_bonus":"TWENTY_PERCENT_HP_BONUS","is_daily":false,"chose_seed":false,"campfire_upgraded":1,"win_rate":0.0,"timestamp":1614077656,"path_taken":["R","M","?","?","?","E"],"items_purchased_type":[],"build_version":"2020-12-22","purchased_purges":0,"victory":false,"max_hp_per_floor":[84,84,84,84,84,84,84,84],"relic_stats":{"counters":[3,18],"Eternal Feather":0,"obtain_stats":[{"bronze:BronzeCore":0,"Molten Egg 2":5,"Eternal Feather":6},{"bronze:BronzeCore":0,"Molten Egg 2":2,"Eternal Feather":3},{"bronze:BronzeCore":0,"Molten Egg 2":8,"Eternal Feather":18}]},"card_choices":[{"not_picked":["bronze:Repulsor","bronze:OilSpill"],"picked":"bronze:Iterate","floor":2},{"not_picked":["bronze:DelayedGuard","bronze:HyperBeam"],"picked":"bronze:Frontload","floor":4}],"player_experience":329819,"relics_obtained":[{"floor":6,"key":"Eternal Feather"}],"event_choices":[],"is_beta":false,"boss_relics":[],"items_purged_floors":[],"is_endless":false,"potions_floor_spawned":[6],"killed_by":"Lagavulin","ascension_level":0}}