{"host":"9oqmaaz8siap8kj6","time":1614077764,"event":{"mods":["BaseMod","Colored Map","Hermit","Marisa????????","Minty Spire (QoL Compilation)","Replay The Spire","StSLib"],"gold_per_floor":[117,132,57,68,82,82,107,182,233,233,233,133,146,146,146,242,242,261,261,225,242,40,40,374,374,424,437,462,462,474,486,486,486,486],"floor_reached":33,"language":"ENG","playtime":2574,"items_purged":["Strike_B","Strike_B"],"score":299,"play_id":"5f023dc2-950b-4a5e-b47c-90dfb0a027af","local_time":"20210223115604","is_ascension_mode":true,"campfire_choices":[{"data":"Zap","floor":6,"key":"SMITH"},{"floor":11,"key":"REST"},{"floor":23,"key":"REST"},{"floor":25,"key":"REST"},{"floor":29,"key":"REST"},{"floor":32,"key":"REST"}],"circlet_count":0,"master_deck":["Defend_B","Defend_B","Defend_B","Defend_B","Zap+1","Dualcast","Heatsinks","Thunder Strike+1","Creative AI+1","Self Repair","Ball Lightning","Coolheaded","Capacitor","Spreading Infection","Ball Lightning","Barrage"],"relics":["Cracked Core","Meat on the Bone","ReplayFunnel","PreservedInsect","Cursed Key","Guide Book","Old Coin","Boot","Pen Nib"],"acts_visited":["Exordium","TheCity"],"potions_floor_usage":[13,16,16,27,31,33],"damage_taken":[{"damage":0,"enemies":"Small Slimes","floor":1,"turns":3},{"damage":5,"enemies":"Jaw Worm","floor":2,"turns":4},{"damage":0,"enemies":"Cultist","floor":4,"turns":3},{"damage":4,"enemies":"Blue Slaver","floor":5,"turns":4},{"damage":27,"enemies":"Lagavulin","floor":7,"turns":8},{"damage":10,"enemies":"Large Slime","floor":13,"turns":6},{"damage":53,"enemies":"Fading Forest","floor":16,"turns":11},{"damage":33,"enemies":"Spheric Guardian","floor":18,"turns":8},{"damage":20,"enemies":"Chosen","floor":21,"turns":7},{"damage":47,"enemies":"Book of Stabbing","floor":24,"turns":7},{"damage":40,"enemies":"Snake Plant","floor":27,"turns":5},{"damage":33,"enemies":"Gremlin Leader","floor":28,"turns":4},{"damage":6,"enemies":"Snecko","floor":30,"turns":6},{"damage":36,"enemies":"Cultist and Chosen","floor":31,"turns":7},{"damage":59,"enemies":"Automaton","floor":33,"turns":6}],"seed_played":"-8454692253051610307","potions_obtained":[{"floor":2,"key":"Fire Potion"},{"floor":7,"key":"SpeedPotion"},{"floor":13,"key":"Venom Potion"},{"floor":24,"key":"Swift Potion"},{"floor":28,"key":"Energy Potion"},{"floor":30,"key":"SteroidPotion"}],"is_trial":false,"path_per_floor":["M","M","$","M","M","R","E","?","T","?","R","$","M","?","R_BF","B",null,"M","?","$","M","$","R","E","R","T","M","E","R","M","M","R","B"],"character_chosen":"DEFECT","items_purchased":["Self Repair","Guide Book","Coolheaded"],"campfire_rested":5,"item_purchase_floors":[20,22,22],"current_hp_per_floor":[68,63,63,63,59,59,32,21,21,21,41,41,43,40,40,17,68,35,68,68,55,55,68,40,60,60,39,25,45,46,29,49,0,0],"gold":486,"neow_bonus":"REMOVE_TWO","is_daily":false,"chose_seed":false,"campfire_upgraded":1,"win_rate":0.0,"timestamp":1614077764,"path_taken":["M","M","$","M","M","R","E","?","T","?","R","$","M","?","R_BF","BOSS","M","?","$","?","$","R","E","R","T","M","E","R","M","M","R","BOSS"],"items_purchased_type":["Card","Relic","Card"],"build_version":"2020-12-22","purchased_purges":2,"victory":false,"max_hp_per_floor":[68,68,68,68,68,68,68,68,68,68,68,68,68,68,68,68,68,68,68,68,68,68,68,68,68,68,68,68,68,68,68,68,68,68],"card_choices":[{"not_picked":["Panic Button","Rebound"],"picked":"Defragment","floor":1},{"not_picked":["Go for the Eyes","Stack","Recycle"],"picked":"SKIP","floor":2},{"not_picked":["Hologram","Rebound","Compile Driver"],"picked":"SKIP","floor":4},{"not_picked":["ReplayTheSpireMod:GoodbyeWorld","Sweeping Beam","Compile Driver"],"picked":"SKIP","floor":5},{"not_picked":["Darkness","Consume","Double Energy"],"picked":"SKIP","floor":7},{"not_picked":["Undo","Scrape"],"picked":"Heatsinks","floor":13},{"not_picked":["Rainbow","Seek"],"picked":"Creative AI","floor":16},{"not_picked":["Sweeping Beam","Streamline","Hologram"],"picked":"SKIP","floor":18},{"not_picked":["Consume","ReplayTheSpireMod:GoodbyeWorld"],"picked":"Ball Lightning","floor":21},{"not_picked":["Stack","Hyperbeam"],"picked":"Capacitor","floor":24},{"not_picked":["Rebound+1","Chaos","Go for the Eyes"],"picked":"SKIP","floor":27},{"not_picked":["Doom and Gloom","Stack"],"picked":"Ball Lightning","floor":28},{"not_picked":["Streamline","Darkness","Doom and Gloom"],"picked":"SKIP","floor":30},{"not_picked":["Beam Cell","ReplayTheSpireMod:System Scan"],"picked":"Barrage","floor":31}],"player_experience":222967,"relics_obtained":[{"floor":7,"key":"Meat on the Bone"},{"floor":9,"key":"ReplayFunnel"},{"floor":24,"key":"Old Coin"},{"floor":26,"key":"Boot"},{"floor":28,"key":"Pen Nib"}],"event_choices":[{"damage_healed":0,"gold_gain":75,"player_choice":"Gather Gold","damage_taken":11,"max_hp_gain":0,"max_hp_loss":0,"event_name":"World of Goop","floor":8,"gold_loss":0},{"damage_healed":0,"gold_gain":0,"player_choice":"Success","damage_taken":3,"relics_obtained":["PreservedInsect"],"max_hp_gain":0,"max_hp_loss":0,"event_name":"Scrap Ooze","floor":14,"gold_loss":0},{"damage_healed":33,"gold_gain":0,"player_choice":"Full Heal","damage_taken":0,"max_hp_gain":0,"max_hp_loss":0,"event_name":"Wheel of Change","floor":19,"gold_loss":0}],"is_beta":false,"boss_relics":[{"not_picked":["Busted Crown","Replay:Drink Me"],"picked":"Cursed Key"}],"items_purged_floors":[3,12],"is_endless":false,"potions_floor_spawned":[2,7,13,24,28,30],"killed_by":"Automaton","ascension_level":1}}