{"host":"qnt9s4mv9nwe7jg7","time":1614040863,"event":{"mods":["AchievementEnabler","BaseMod","Colored Map","Filter the Spire","Minty Spire (QoL Compilation)","Permanent Neow","Quick Restart","Rare Cards Sparkle","Relic Stats"],"gold_per_floor":[112,168,268,68,78,78,112,112,112,112,122,152,152,152,152,249,249,266,266,283,283,297,297,317,335,335,335,345,345,357,29,29,128,128,147,147,147,161,171,171,184,184,184,0,0,29,29,46,46,46,46],"floor_reached":50,"language":"ENG","playtime":3979,"items_purged":["Sever Soul"],"score":609,"play_id":"e907dd37-d255-4336-bda7-fcc42f549de4","local_time":"20210223004103","is_ascension_mode":true,"campfire_choices":[{"data":"Searing Blow","floor":6,"key":"SMITH"},{"data":"Searing Blow+1","floor":8,"key":"SMITH"},{"data":"Searing Blow+2","floor":10,"key":"SMITH"},{"data":"Searing Blow+3","floor":13,"key":"SMITH"},{"data":"Searing Blow+4","floor":15,"key":"SMITH"},{"data":"Searing Blow+5","floor":23,"key":"SMITH"},{"data":"Searing Blow+6","floor":27,"key":"SMITH"},{"data":"Searing Blow+7","floor":29,"key":"SMITH"},{"data":"Searing Blow+8","floor":32,"key":"SMITH"},{"data":"Searing Blow+9","floor":40,"key":"SMITH"},{"data":"Searing Blow+10","floor":42,"key":"SMITH"},{"data":"Searing Blow+11","floor":45,"key":"SMITH"},{"data":"Searing Blow+12","floor":47,"key":"SMITH"},{"data":"Searing Blow+13","floor":49,"key":"SMITH"}],"circlet_count":0,"master_deck":["Bash","Immolate","Uppercut","Power Through","Uppercut","Power Through","Demon Form","Iron Wave","Searing Blow+14","Flex","Armaments","Battle Trance","Thunderclap","Limit Break","Dual Wield","Limit Break","Corruption","Heavy Blade","Dark Shackles","Master of Strategy","Heavy Blade+1","Ghostly Armor+1"],"relics":["Pandora\u0027s Box","Lantern","Turnip","Meat on the Bone","Potion Belt","Coffee Dripper","Question Card","Bottled Flame","Snecko Eye","Shovel","Red Mask","Happy Flower"],"acts_visited":["Exordium","TheCity","TheBeyond"],"potions_floor_usage":[22,25,46,50,50,50,50],"damage_taken":[{"damage":0,"enemies":"2 Louse","floor":1,"turns":1},{"damage":11,"enemies":"Jaw Worm","floor":5,"turns":2},{"damage":2,"enemies":"Lagavulin","floor":7,"turns":5},{"damage":0,"enemies":"Cultist","floor":11,"turns":3},{"damage":5,"enemies":"Gremlin Nob","floor":12,"turns":3},{"damage":0,"enemies":"Slime Boss","floor":16,"turns":6},{"damage":0,"enemies":"Spheric Guardian","floor":18,"turns":2},{"damage":0,"enemies":"Chosen","floor":20,"turns":3},{"damage":0,"enemies":"Centurion and Healer","floor":22,"turns":3},{"damage":1,"enemies":"Cultist and Chosen","floor":24,"turns":4},{"damage":0,"enemies":"Snake Plant","floor":25,"turns":1},{"damage":30,"enemies":"Sentry and Sphere","floor":28,"turns":4},{"damage":9,"enemies":"3 Cultists","floor":30,"turns":4},{"damage":10,"enemies":"Automaton","floor":33,"turns":6},{"damage":0,"enemies":"3 Darklings","floor":35,"turns":4},{"damage":3,"enemies":"3 Shapes","floor":38,"turns":2},{"damage":0,"enemies":"Transient","floor":39,"turns":5},{"damage":19,"enemies":"4 Shapes","floor":41,"turns":2},{"damage":0,"enemies":"Reptomancer","floor":46,"turns":2},{"damage":8,"enemies":"3 Darklings","floor":48,"turns":4},{"damage":67,"enemies":"Awakened One","floor":50,"turns":6}],"seed_played":"2822496638624713232","potions_obtained":[{"floor":12,"key":"FearPotion"},{"floor":16,"key":"Ancient Potion"},{"floor":20,"key":"SpeedPotion"},{"floor":21,"key":"AttackPotion"},{"floor":21,"key":"Explosive Potion"},{"floor":22,"key":"CultistPotion"},{"floor":28,"key":"Dexterity Potion"},{"floor":38,"key":"AttackPotion"},{"floor":39,"key":"BloodPotion"},{"floor":48,"key":"SpeedPotion"}],"is_trial":false,"path_per_floor":["M","?","?","$","M","R","E","R","T","R","M","E","R","?","R","B",null,"M","?","M","?","M","R","M","M","T","R","M","R","M","$","R","B",null,"M","?","?","M","M","R","M","R","T","?","R","E","R","M","R","B"],"character_chosen":"IRONCLAD","items_purchased":["Flex","Lantern","Bottled Flame"],"campfire_rested":0,"item_purchase_floors":[4,4,31],"current_hp_per_floor":[80,80,80,80,69,69,67,67,67,67,67,62,62,62,62,62,80,80,65,65,65,65,65,64,64,64,64,46,46,49,49,49,51,85,85,85,75,72,72,72,53,53,53,53,53,53,53,45,45,0,0],"gold":46,"neow_bonus":"BOSS_RELIC","is_daily":false,"chose_seed":false,"campfire_upgraded":14,"win_rate":0.0,"timestamp":1614040863,"path_taken":["M","?","?","$","?","R","E","R","T","R","M","E","R","?","R","BOSS","M","?","M","?","M","R","M","M","T","R","?","R","M","$","R","BOSS","M","?","?","M","M","R","M","R","T","?","R","E","R","M","R","BOSS"],"items_purchased_type":["Card","Relic","Relic"],"build_version":"2020-12-22","purchased_purges":1,"victory":false,"max_hp_per_floor":[80,80,80,80,80,80,80,80,80,80,80,80,80,80,80,80,80,80,85,85,85,85,85,85,85,85,85,85,85,85,85,85,85,85,85,85,85,85,85,85,85,85,85,85,85,85,85,85,85,85,85],"relic_stats":{"Shovel":0,"Happy Flower":[3],"counters":[21,72],"Snecko Eye":[43,53,50,48],"Pandora\u0027s Box":["Immolate","Uppercut","Power Through","Uppercut","Sever Soul","Power Through","Demon Form","Iron Wave","Searing Blow"],"Turnip":[7],"Question Card":12,"obtain_stats":[{"Potion Belt":12,"Lantern":4,"Happy Flower":46,"Question Card":26,"Burning Blood":0,"Bottled Flame":31,"Shovel":43,"Snecko Eye":34,"Pandora\u0027s Box":0,"Turnip":7,"Coffee Dripper":17,"Red Mask":44,"Meat on the Bone":9},{"Potion Belt":5,"Lantern":1,"Happy Flower":19,"Question Card":11,"Burning Blood":0,"Bottled Flame":13,"Shovel":18,"Snecko Eye":14,"Pandora\u0027s Box":0,"Turnip":3,"Coffee Dripper":6,"Red Mask":18,"Meat on the Bone":3},{"Potion Belt":14,"Lantern":1,"Happy Flower":62,"Question Card":33,"Burning Blood":0,"Bottled Flame":41,"Shovel":60,"Snecko Eye":47,"Pandora\u0027s Box":0,"Turnip":8,"Coffee Dripper":20,"Red Mask":60,"Meat on the Bone":8}],"Meat on the Bone":36},"card_choices":[{"not_picked":["Twin Strike","Combust","Body Slam"],"picked":"SKIP","floor":1},{"not_picked":["Flex","Second Wind"],"picked":"Armaments","floor":5},{"not_picked":["Cleave","Anger"],"picked":"Battle Trance","floor":7},{"not_picked":["Hemokinesis","Wild Strike"],"picked":"Thunderclap","floor":11},{"not_picked":["Clothesline","Sword Boomerang","Pommel Strike"],"picked":"SKIP","floor":12},{"not_picked":["Bludgeon","Exhume"],"picked":"Limit Break","floor":16},{"not_picked":["Evolve+1","Sentinel","Warcry"],"picked":"SKIP","floor":18},{"not_picked":["Perfected Strike+1","Heavy Blade"],"picked":"Dual Wield","floor":20},{"not_picked":["Clothesline","Twin Strike","Iron Wave"],"picked":"SKIP","floor":22},{"not_picked":["Warcry+1","Clothesline","Twin Strike"],"picked":"SKIP","floor":24},{"not_picked":["Thunderclap+1","Body Slam+1","Flame Barrier"],"picked":"SKIP","floor":25},{"not_picked":["Dropkick","Perfected Strike","Armaments"],"picked":"Limit Break","floor":28},{"not_picked":["Sword Boomerang","Inflame","Whirlwind"],"picked":"Shrug It Off+1","floor":30},{"not_picked":["Impervious","Brutality","Berserk"],"picked":"Corruption","floor":33},{"not_picked":["Sword Boomerang+1","Sentinel+1","Perfected Strike"],"picked":"Heavy Blade","floor":35},{"not_picked":["Dramatic Entrance","Madness","Purity"],"picked":"Dark Shackles","floor":37},{"not_picked":["Madness","Violence","Trip"],"picked":"Master of Strategy","floor":37},{"not_picked":["Warcry","Clash+1","Headbutt"],"picked":"Heavy Blade+1","floor":38},{"not_picked":["Clash","Warcry","Perfected Strike+1","Demon Form"],"picked":"SKIP","floor":39},{"not_picked":["Thunderclap+1","Clothesline","Burning Pact","Headbutt+1"],"picked":"SKIP","floor":41},{"not_picked":["Disarm+1","Uppercut","Dark Embrace"],"picked":"Ghostly Armor+1","floor":46},{"not_picked":["Clothesline","Rage+1","Burning Pact","Heavy Blade"],"picked":"SKIP","floor":48}],"player_experience":224831,"relics_obtained":[{"floor":7,"key":"Turnip"},{"floor":9,"key":"Meat on the Bone"},{"floor":12,"key":"Potion Belt"},{"floor":26,"key":"Question Card"},{"floor":43,"key":"Shovel"},{"floor":46,"key":"Happy Flower"}],"event_choices":[{"damage_healed":0,"gold_gain":56,"player_choice":"Gained Gold","damage_taken":0,"max_hp_gain":0,"max_hp_loss":0,"event_name":"Golden Wing","floor":2,"gold_loss":0},{"damage_healed":0,"gold_gain":100,"player_choice":"Pray","damage_taken":0,"max_hp_gain":0,"max_hp_loss":0,"event_name":"Golden Shrine","floor":3,"gold_loss":0},{"damage_healed":0,"gold_gain":0,"player_choice":"Ignored","damage_taken":0,"max_hp_gain":0,"max_hp_loss":0,"event_name":"NoteForYourself","floor":14,"gold_loss":0},{"damage_healed":0,"gold_gain":0,"player_choice":"Shed Blood","damage_taken":20,"max_hp_gain":5,"max_hp_loss":0,"event_name":"Forgotten Altar","floor":19,"gold_loss":0},{"damage_healed":0,"gold_gain":0,"player_choice":"Got Potions","damage_taken":0,"max_hp_gain":0,"max_hp_loss":0,"event_name":"Lab","floor":21,"gold_loss":0},{"cards_removed":["Shrug It Off"],"damage_healed":0,"gold_gain":0,"player_choice":"Removed Skill","damage_taken":0,"max_hp_gain":0,"max_hp_loss":0,"event_name":"Falling","floor":36,"gold_loss":0},{"damage_healed":0,"gold_gain":0,"player_choice":"Memory 3","damage_taken":10,"max_hp_gain":0,"max_hp_loss":0,"event_name":"SensoryStone","floor":37,"gold_loss":0},{"damage_healed":0,"gold_gain":0,"player_choice":"Paid","damage_taken":0,"relics_obtained":["Red Mask"],"max_hp_gain":0,"max_hp_loss":0,"event_name":"Tomb of Lord Red Mask","floor":44,"gold_loss":184}],"is_beta":false,"boss_relics":[{"not_picked":["Sozu","Runic Cube"],"picked":"Coffee Dripper"},{"not_picked":["Runic Dome","Tiny House"],"picked":"Snecko Eye"}],"items_purged_floors":[31],"is_endless":false,"potions_floor_spawned":[12,16,20,22,28,33,38,39,48],"killed_by":"Awakened One","ascension_level":1}}