{"host":"n2sr453jcjz6vvl4","time":1614046947,"event":{"mods":["BaseMod","Colored Map","Minty Spire (QoL Compilation)","Permanent Neow","Relic Stats","StSLib"],"gold_per_floor":[109,34,9,9,9,9,41,60,83,95,128,140,140,155,155,258,258,277,277,288,32,32,32,63,63,63,75,23,38,38,38],"floor_reached":30,"language":"ENG","playtime":1945,"items_purged":["Doubt","Pain"],"score":310,"play_id":"46032348-b474-42f2-bef9-9a75605a7d95","local_time":"20210222222227","is_ascension_mode":true,"campfire_choices":[{"data":"Loop","floor":6,"key":"SMITH"},{"floor":13,"key":"REST"},{"floor":15,"key":"REST"},{"data":"Coolheaded","floor":23,"key":"SMITH"}],"circlet_count":0,"master_deck":["Strike_B","Strike_B","Strike_B","Strike_B","Defend_B","Defend_B","Defend_B+1","Defend_B","Zap","Dualcast+1","Loop+1","Electrodynamics","Double Energy","Cold Snap","Rebound","Coolheaded+1","Machine Learning","Creative AI","Melter","Storm+1","Decay"],"relics":["Cracked Core","Mango","MealTicket","Bronze Scales","Bottled Flame","Snecko Eye","WarpedTongs","ClockworkSouvenir","Mercury Hourglass","InkBottle"],"acts_visited":["Exordium","TheCity"],"potions_floor_usage":[24,24,30],"damage_taken":[{"damage":6,"enemies":"Cultist","floor":1,"turns":4},{"damage":34,"enemies":"3 Sentries","floor":7,"turns":6},{"damage":2,"enemies":"Jaw Worm","floor":8,"turns":3},{"damage":0,"enemies":"2 Louse","floor":10,"turns":1},{"damage":9,"enemies":"Lagavulin","floor":11,"turns":6},{"damage":18,"enemies":"Lots of Slimes","floor":12,"turns":3},{"damage":4,"enemies":"3 Louse","floor":14,"turns":1},{"damage":38,"enemies":"Hexaghost","floor":16,"turns":9},{"damage":10,"enemies":"Chosen","floor":18,"turns":5},{"damage":14,"enemies":"3 Byrds","floor":20,"turns":3},{"damage":59,"enemies":"Book of Stabbing","floor":24,"turns":6},{"damage":15,"enemies":"Snecko","floor":27,"turns":3},{"damage":16,"enemies":"Sentry and Sphere","floor":29,"turns":3},{"damage":8,"enemies":"Snake Plant","floor":30,"turns":2}],"seed_played":"-7587031261049572646","potions_obtained":[{"floor":8,"key":"PotionOfCapacity"},{"floor":14,"key":"SneckoOil"},{"floor":18,"key":"AttackPotion"}],"is_trial":false,"path_per_floor":["M","$","$","?","?","R","E","M","T","M","E","M","R","M","R","B",null,"M","?","M","$","?","R","E","?","T","M","$","M","M"],"character_chosen":"DEFECT","items_purchased":["Redo","ClockworkSouvenir","Swift Potion"],"campfire_rested":2,"item_purchase_floors":[3,21,28],"current_hp_per_floor":[83,83,83,65,70,70,36,34,34,34,25,7,33,29,55,17,89,79,79,65,80,80,80,21,21,21,6,21,5,0,0],"gold":38,"neow_bonus":"ONE_RARE_RELIC","is_daily":false,"chose_seed":false,"campfire_upgraded":2,"win_rate":0.0,"timestamp":1614046947,"path_taken":["M","?","$","?","?","R","E","M","T","?","E","M","R","M","R","BOSS","M","?","?","?","?","R","E","?","T","?","$","M","M"],"items_purchased_type":["Card","Relic","Potion"],"build_version":"2020-12-22","purchased_purges":2,"victory":false,"max_hp_per_floor":[89,89,89,89,89,89,89,89,89,89,89,89,89,89,89,89,89,89,89,89,89,89,89,89,89,89,89,89,89,89,89],"relic_stats":{"counters":[14,55],"Bronze Scales":[175],"Snecko Eye":[38,39,43,49],"MealTicket":30,"obtain_stats":[{"Bottled Flame":11,"Bronze Scales":9,"Snecko Eye":17,"Mango":0,"MealTicket":7,"Cracked Core":0,"InkBottle":26,"WarpedTongs":19,"ClockworkSouvenir":21,"Mercury Hourglass":24},{"Bottled Flame":5,"Bronze Scales":3,"Snecko Eye":8,"Mango":0,"MealTicket":2,"Cracked Core":0,"InkBottle":11,"WarpedTongs":9,"ClockworkSouvenir":10,"Mercury Hourglass":11},{"Bottled Flame":20,"Bronze Scales":13,"Snecko Eye":33,"Mango":0,"MealTicket":10,"Cracked Core":0,"InkBottle":47,"WarpedTongs":38,"ClockworkSouvenir":41,"Mercury Hourglass":47}],"InkBottle":[3],"WarpedTongs":[17],"Mercury Hourglass":[23]},"card_choices":[{"not_picked":["Go for the Eyes","Steam Power"],"picked":"Loop","floor":1},{"not_picked":["Melter","Sweeping Beam"],"picked":"Electrodynamics","floor":7},{"not_picked":["Stack","Recycle"],"picked":"Double Energy","floor":8},{"not_picked":["Coolheaded","Hologram"],"picked":"Cold Snap","floor":10},{"not_picked":["Blizzard","Reinforced Body"],"picked":"Rebound","floor":11},{"not_picked":["Compile Driver","Gash"],"picked":"Coolheaded","floor":12},{"not_picked":["Scrape","Barrage"],"picked":"Machine Learning","floor":14},{"not_picked":["Thunder Strike","Biased Cognition"],"picked":"Creative AI","floor":16},{"not_picked":["Coolheaded","Sweeping Beam"],"picked":"Melter","floor":18},{"not_picked":["Hologram","Cold Snap","Redo"],"picked":"SKIP","floor":20},{"not_picked":["Turbo","Reprogram"],"picked":"Storm+1","floor":24},{"not_picked":["Static Discharge+1","Stack","Double Energy"],"picked":"SKIP","floor":27},{"not_picked":["Cold Snap","Gash+1","Compile Driver"],"picked":"SKIP","floor":29}],"player_experience":234502,"relics_obtained":[{"floor":7,"key":"MealTicket"},{"floor":9,"key":"Bronze Scales"},{"floor":11,"key":"Bottled Flame"},{"floor":24,"key":"Mercury Hourglass"},{"floor":26,"key":"InkBottle"}],"event_choices":[{"damage_healed":0,"gold_gain":0,"player_choice":"Entered Light","damage_taken":18,"max_hp_gain":0,"max_hp_loss":0,"event_name":"Shining Light","floor":4,"gold_loss":0,"cards_upgraded":["Defend_B","Dualcast"]},{"cards_removed":["Redo"],"damage_healed":5,"gold_gain":0,"player_choice":"Offered Common","damage_taken":0,"max_hp_gain":0,"max_hp_loss":0,"event_name":"Bonfire Elementals","floor":5,"gold_loss":0},{"cards_removed":["Redo"],"damage_healed":5,"gold_gain":0,"player_choice":"Offered Special","damage_taken":0,"max_hp_gain":0,"max_hp_loss":0,"event_name":"Bonfire Elementals","floor":5,"gold_loss":0},{"damage_healed":0,"gold_gain":0,"player_choice":"Rummage","damage_taken":0,"relics_obtained":["WarpedTongs"],"max_hp_gain":0,"max_hp_loss":0,"event_name":"Accursed Blacksmith","floor":19,"gold_loss":0,"cards_obtained":["Pain"]},{"damage_healed":0,"gold_gain":0,"player_choice":"Ignored","damage_taken":0,"max_hp_gain":0,"max_hp_loss":0,"event_name":"Ghosts","floor":22,"gold_loss":0},{"damage_healed":0,"gold_gain":0,"player_choice":"Smashed Altar","damage_taken":0,"max_hp_gain":0,"max_hp_loss":0,"event_name":"Forgotten Altar","floor":25,"gold_loss":0,"cards_obtained":["Decay"]}],"is_beta":false,"boss_relics":[{"not_picked":["FrozenCore","Runic Dome"],"picked":"Snecko Eye"}],"items_purged_floors":[2,21],"is_endless":false,"potions_floor_spawned":[8,14,18,20],"killed_by":"Snake Plant","ascension_level":4}}