{"host":"ya94u95moedzeoqz","time":1614054559,"event":{"mods":["100% Spire Juice","2.2 Compatiblity","Abigail Mod","Act Like it!","Aspiration","Bartender","BaseMod","Better Altar","Better Match","Better Note","Better Sensory Stone","Better Skull","Better Third Choice","BetterRewards","Bossed Relics","Energized Spire","Evolution","GifTheSpireLib","KinomotoSakuraMod(????)","Minty Spire (QoL Compilation)","Permanent Neow","Railgun Mod","Reliquary","Replay The Spire","Ruina","Spicy Shops","Spire Arcade","StSLib","The Alterego","The Forsaken","The Marked","The Senshi","TheSurvivalist","TheVelvet","Yuri Mod"],"gold_per_floor":[113,123,139,139,158,190,210,210,210,210,210,230,249,284,284,389,389,405,422,65,75,93,93,93,93],"floor_reached":24,"language":"ENG","playtime":2429,"items_purged":["Injury"],"score":337,"play_id":"b5b287c8-5000-4b60-8168-e39d9c948116","local_time":"20210222232919","is_ascension_mode":false,"campfire_choices":[{"data":"yuri:GrowingInsanity","floor":8.0,"key":"SMITH"},{"data":"yuri:HoldBack","floor":10.0,"key":"SMITH"},{"floor":23.0,"key":"REST"}],"circlet_count":0,"master_deck":["yuri:yuriStrike","yuri:yuriStrike","yuri:yuriStrike","yuri:yuriStrike","yuri:yuriStrike","yuri:yuriDefend","yuri:yuriDefend","yuri:yuriDefend","yuri:yuriDefend","yuri:yuriDefend","yuri:Oolong+1","yuri:yuriStab","yuri:BookRed","yuri:InsanityDefense","yuri:MPose","yuri:CalmingAura","yuri:DragonForm","yuri:HoldBack+1","yuri:CorruptHitbox+1","yuri:Stare","yuri:RecklessStrike","yuri:InsanityDefense+1","yuri:ThrowBook","yuri:NerfBat","yuri:GrowingInsanity+1","yuri:GlitchedStrike","yuri:BookBlue","yuri:BookPurple","yuri:InduceGlitch","yuri:RelentlessStrikes","yuri:ArmBrace+1","yuri:HeavierStrike","ruina:Mimicry","yuri:HeavierStrike","yuri:AdaptiveAI","yuri:Spin"],"relics":["yuri:yuriKnife","EVO:Axolotl","ReplayTheSpireMod:CursedCoin","Mercury Hourglass","Eternal Feather","Blood Vial","Matryoshka","Tiny Chest","Nunchaku","reliquary:HotPoker","War Paint","Philosopher\u0027s Stone","Kunai"],"acts_visited":["Exordium","ruina:Briah"],"potions_floor_usage":[],"damage_taken":[{"damage":0.0,"enemies":"2 Louse","floor":1.0,"turns":1.0},{"damage":0.0,"enemies":"Cultist","floor":2.0,"turns":3.0},{"damage":0.0,"enemies":"Small Slimes","floor":3.0,"turns":3.0},{"damage":4.0,"enemies":"Looter","floor":5.0,"turns":3.0},{"damage":17.0,"enemies":"Lagavulin","floor":6.0,"turns":9.0},{"damage":6.0,"enemies":"Exordium Wildlife","floor":7.0,"turns":7.0},{"damage":0.0,"enemies":"3 Louse","floor":12.0,"turns":4.0},{"damage":12.0,"enemies":"Gremlin Gang","floor":13.0,"turns":4.0},{"damage":9.0,"enemies":"Gremlin Nob","floor":14.0,"turns":4.0},{"damage":16.0,"enemies":"The Guardian","floor":16.0,"turns":8.0},{"damage":15.0,"enemies":"ruina:3_Bats","floor":18.0,"turns":5.0},{"damage":1.0,"enemies":"ruina:2_Scarecrows","floor":19.0,"turns":5.0},{"damage":44.0,"enemies":"ruina:Nos_and_Bat","floor":21.0,"turns":6.0},{"damage":20.0,"enemies":"ruina:KingOfGreed","floor":22.0,"turns":6.0},{"damage":0,"enemies":"ruina:RoadHome","floor":24,"turns":1}],"seed_played":"2667000704889407566","potions_obtained":[{"floor":1.0,"key":"Fire Potion"},{"floor":2.0,"key":"Energy Potion"},{"floor":12.0,"key":"Weak Potion"},{"floor":13.0,"key":"SpeedPotion"},{"floor":16.0,"key":"AttackPotion"},{"floor":19.0,"key":"Reflective Coating"}],"is_trial":false,"path_per_floor":["M","M","M","?","M","E","M","R","T","R","?","M","M","E","R","B",null,"M","M","$","M","M","R","E"],"character_chosen":"YURI","items_purchased":["ReplayTheSpireMod:CursedCoin","yuri:BookRed","Mercury Hourglass","Eternal Feather","Blood Vial","Matryoshka","yuri:InsanityDefense","yuri:MPose","ruina:Mimicry","yuri:HeavierStrike","Kunai"],"campfire_rested":1,"item_purchase_floors":[0,0,0,0,0,0,0,0,20,20,20],"current_hp_per_floor":[46,55,63,63,67,59,62,77,77,80,80,80,68,61,80,67,80,68,76,76,58,47,80,80,80],"gold":93,"neow_bonus":"","is_daily":false,"chose_seed":false,"campfire_upgraded":2,"win_rate":0.0,"timestamp":1614054559,"path_taken":["M","M","M","?","M","E","M","R","T","R","?","M","M","E","R","BOSS","M","M","$","M","M","R","E"],"items_purchased_type":["Relic","Card","Relic","Relic","Relic","Relic","Card","Card","Card","Card","Relic"],"build_version":"2020-12-22","purchased_purges":1,"victory":false,"max_hp_per_floor":[80,80,80,80,80,80,80,80,80,80,80,80,80,80,80,80,80,80,80,80,80,80,80,80,80],"card_choices":[{"not_picked":["yuri:RecklessStrike","yuri:Stalk"],"picked":"yuri:CalmingAura","floor":1.0},{"not_picked":["yuri:RepairCode","yuri:TPose"],"picked":"yuri:DragonForm","floor":2.0},{"not_picked":["yuri:WickedSlash","yuri:SeeingDouble"],"picked":"yuri:HoldBack","floor":3.0},{"not_picked":["yuri:Skip","yuri:WickedSlash"],"picked":"yuri:NerfBat","floor":5.0},{"not_picked":["yuri:TPose","yuri:yuriQuickStrike"],"picked":"yuri:GrowingInsanity","floor":6.0},{"not_picked":["yuri:yuriQuickStrike","yuri:ThrowBook"],"picked":"yuri:GlitchedStrike","floor":7.0},{"not_picked":["yuri:RecklessStrike","yuri:DebugCard"],"picked":"yuri:BookBlue","floor":12.0},{"not_picked":["yuri:ExploitStrike","yuri:DejaVu"],"picked":"yuri:BookPurple","floor":13.0},{"not_picked":["yuri:ThrowingKnives","yuri:CalmingAura"],"picked":"yuri:InduceGlitch","floor":14.0},{"not_picked":["yuri:Suicide","yuri:Torment"],"picked":"yuri:RelentlessStrikes","floor":16.0},{"not_picked":["yuri:Stare","yuri:Stalk"],"picked":"yuri:ArmBrace+1","floor":18.0},{"not_picked":["yuri:WickedSlash","yuri:ThornRemove"],"picked":"yuri:HeavierStrike","floor":19.0},{"not_picked":["yuri:HeavierStrike+1","yuri:yuriQuickStrike"],"picked":"yuri:AdaptiveAI","floor":21.0},{"not_picked":["yuri:RecklessStrike","yuri:yuriQuickStrike"],"picked":"yuri:Spin","floor":22.0}],"player_experience":542263,"relics_obtained":[{"floor":6.0,"key":"Tiny Chest"},{"floor":9.0,"key":"Nunchaku"},{"floor":9.0,"key":"reliquary:HotPoker"},{"floor":14.0,"key":"War Paint"}],"event_choices":[{"cards_removed":["yuri:RecklessStrike"],"damage_healed":0.0,"max_hp_gain":0.0,"max_hp_loss":0.0,"gold_gain":0.0,"event_name":"betterNote:BetterNote","player_choice":"Give","floor":11.0,"gold_loss":0.0,"damage_taken":0.0,"cards_obtained":["yuri:JumpScare"]}],"is_beta":false,"boss_relics":[{"not_picked":["Sozu","energizedSpire:NeverEndingSparkler"],"picked":"Philosopher\u0027s Stone"}],"items_purged_floors":[0],"is_endless":false,"potions_floor_spawned":[1,2,12,13,16,19],"killed_by":"ruina:RoadHome","ascension_level":0}}