{"host":"lg1piimdyocafd6j","time":1614089500,"event":{"mods":["AchievementEnabler","BaseMod","Better Third Choice","BetterRewards","Colored Map","Colored Powertips","Downfall","Minty Spire (QoL Compilation)","Quick Restart","Rare Cards Sparkle","Remove Card Discount Mod","Shop Mod","StSLib","SuperFastMode"],"gold_per_floor":[118,118,130,130,93,93,108,108,131,148,4,16,91,123,123,218,218,228,327,97,97,97,97,113,113,136,136,150,179,359,328,328,425,425,443,491,541,533,550,550,550,550,626,626,626,637,654,654,654,654,654,654,500,535,535,535],"floor_reached":55,"language":"ENG","playtime":2138,"items_purged":["Strike_B","Dualcast","Zap","Strike_B","Strike_B","Strike_B","Turbo","Turbo","Turbo","Defend_B","Defend_B","Defend_B","Defend_B","Sweeping Beam","Sweeping Beam","Redo","Darkness","Madness","Madness"],"score":654,"play_id":"8c8c1f4f-18bb-478a-aa37-76fdfd806427","local_time":"20210223151140","is_ascension_mode":false,"campfire_choices":[{"floor":6,"key":"RECALL"},{"data":"Streamline","floor":8,"key":"SMITH"},{"data":"Hyperbeam","floor":15,"key":"SMITH"},{"data":"Sunder","floor":23,"key":"SMITH"},{"data":"Leap","floor":25,"key":"SMITH"},{"floor":32,"key":"REST"},{"data":"Meteor Strike","floor":40,"key":"SMITH"},{"data":"Leap","floor":42,"key":"SMITH"},{"floor":49,"key":"REST"},{"data":"Conserve Battery","floor":52,"key":"SMITH"}],"circlet_count":0,"master_deck":["Streamline","Streamline+1","Hyperbeam+1","BootSequence","Reboot","Conserve Battery+1","Sunder+1","Hyperbeam+1","Conserve Battery+1","Leap+1","Conserve Battery+1","Leap+1","Meteor Strike+1","Leap+1"],"relics":["Cracked Core","Ice Cream","Orrery","Matryoshka","Juzu Bracelet","Lantern","MerchantsRug","FossilizedHelix","Nuclear Battery","DollysMirror","Shuriken","Regal Pillow","SlaversCollar","Peace Pipe","TungstenRod","Ornamental Fan","Toolbox","Vajra"],"acts_visited":["Exordium","TheCity","TheBeyond","TheEnding"],"potions_floor_usage":[47,55],"damage_taken":[{"damage":1,"enemies":"2 Louse","floor":1,"turns":2},{"damage":0,"enemies":"Cultist","floor":3,"turns":2},{"damage":0,"enemies":"Small Slimes","floor":7,"turns":2},{"damage":0,"enemies":"Gremlin Gang","floor":10,"turns":1},{"damage":9,"enemies":"Large Slime","floor":12,"turns":4},{"damage":11,"enemies":"Lagavulin","floor":14,"turns":5},{"damage":34,"enemies":"The Guardian","floor":16,"turns":8},{"damage":0,"enemies":"Spheric Guardian","floor":18,"turns":3},{"damage":0,"enemies":"Chosen","floor":24,"turns":3},{"damage":0,"enemies":"Sentry and Sphere","floor":28,"turns":3},{"damage":24,"enemies":"Gremlin Leader","floor":29,"turns":5},{"damage":27,"enemies":"Collector","floor":33,"turns":8},{"damage":0,"enemies":"3 Shapes","floor":35,"turns":1},{"damage":26,"enemies":"2 Orb Walkers","floor":36,"turns":4},{"damage":0,"enemies":"Mind Bloom Boss Battle","floor":37,"turns":6},{"damage":0,"enemies":"3 Darklings","floor":39,"turns":3},{"damage":0,"enemies":"4 Shapes","floor":46,"turns":3},{"damage":0,"enemies":"Spire Growth","floor":47,"turns":4},{"damage":46,"enemies":"Donu and Deca","floor":50,"turns":8},{"damage":8,"enemies":"Shield and Spear","floor":54,"turns":6},{"damage":78,"enemies":"The Heart","floor":55,"turns":6}],"seed_played":"-7823959694524275661","potions_obtained":[{"floor":7,"key":"Block Potion"},{"floor":14,"key":"FairyPotion"},{"floor":24,"key":"DuplicationPotion"}],"is_trial":false,"path_per_floor":["M","$","M","?","$","R","M","R","T","M","$","M","?","E","R","B",null,"M","?","$","?","$","R","M","R","T","?","M","E","?","$","R","B",null,"M","?","?","$","M","R","?","R","T","?","?","M","M","?","R","B",null,"R","$","E","B"],"character_chosen":"DEFECT","items_purchased":["Ice Cream","Orrery","Hyperbeam","Darkness","MerchantsRug","Sunder","DollysMirror","Sweeping Beam","Toolbox"],"campfire_rested":2,"item_purchase_floors":[0,0,0,5,11,20,20,31,53],"current_hp_per_floor":[74,74,74,74,74,74,74,74,74,74,74,65,58,47,47,13,75,75,75,75,75,75,75,75,75,75,75,75,51,32,32,69,42,75,75,49,49,49,49,49,41,41,41,41,41,41,41,41,75,29,75,75,75,67,13,13],"gold":535,"neow_bonus":"","is_daily":false,"chose_seed":false,"campfire_upgraded":7,"win_rate":0.0,"timestamp":1614089500,"path_taken":["M","$","M","?","$","R","M","R","T","M","?","M","?","E","R","BOSS","M","?","$","?","$","R","M","R","T","?","M","E","?","$","R","BOSS","M","?","?","$","M","R","?","R","T","?","?","M","M","?","R","BOSS","R","$","E","BOSS"],"items_purchased_type":["Relic","Relic","Card","Card","Relic","Card","Relic","Card","Relic"],"build_version":"2020-12-22","purchased_purges":19,"victory":false,"max_hp_per_floor":[75,75,75,75,75,75,75,75,75,75,75,75,75,75,75,75,75,75,75,75,75,75,75,75,75,75,75,75,75,75,75,75,75,75,75,75,75,75,75,75,75,75,75,75,75,75,75,75,75,75,75,75,75,75,75,75],"card_choices":[{"not_picked":["Rebound","Consume"],"picked":"Streamline","floor":0},{"not_picked":["Static Discharge","Turbo"],"picked":"Streamline","floor":0},{"not_picked":["Stack","Rebound"],"picked":"Redo","floor":0},{"not_picked":["Scrape","Compile Driver"],"picked":"Sweeping Beam","floor":0},{"not_picked":["Ball Lightning","Storm"],"picked":"Turbo","floor":0},{"not_picked":["Coolheaded","Stack"],"picked":"Turbo","floor":1},{"not_picked":["Reboot","Barrage","Go for the Eyes"],"picked":"SKIP","floor":3},{"not_picked":["Rebound","Static Discharge"],"picked":"Turbo","floor":7},{"not_picked":["Chaos","Turbo","Auto Shields"],"picked":"SKIP","floor":10},{"not_picked":["Hologram","Gash"],"picked":"BootSequence","floor":12},{"not_picked":["Doom and Gloom","Defragment","Stack"],"picked":"SKIP","floor":14},{"not_picked":["Fission","Rainbow"],"picked":"Reboot","floor":16},{"not_picked":["Force Field","Stack"],"picked":"Conserve Battery+1","floor":18},{"not_picked":["Compile Driver+1","Heatsinks"],"picked":"Leap","floor":24},{"not_picked":["Darkness+1","Reprogram"],"picked":"Conserve Battery","floor":28},{"not_picked":["Amplify","Chill"],"picked":"Leap","floor":29},{"not_picked":["Rainbow","Hyperbeam"],"picked":"Meteor Strike","floor":33},{"not_picked":["Coolheaded+1","Hologram+1","Rebound+1"],"picked":"SKIP","floor":35},{"not_picked":["Coolheaded+1","Reprogram","Steam"],"picked":"SKIP","floor":39},{"not_picked":["Hologram+1","Beam Cell+1","FTL"],"picked":"SKIP","floor":46},{"not_picked":["Coolheaded","Ball Lightning+1","Force Field+1"],"picked":"SKIP","floor":47},{"not_picked":["Chaos+1","Darkness"],"picked":"Leap+1","floor":54}],"player_experience":195358,"relics_obtained":[{"floor":4,"key":"Matryoshka"},{"floor":9,"key":"Juzu Bracelet"},{"floor":9,"key":"Lantern"},{"floor":14,"key":"FossilizedHelix"},{"floor":26,"key":"Shuriken"},{"floor":29,"key":"Regal Pillow"},{"floor":36,"key":"Peace Pipe"},{"floor":37,"key":"TungstenRod"},{"floor":43,"key":"Ornamental Fan"},{"floor":54,"key":"Vajra"}],"event_choices":[{"damage_healed":0,"gold_gain":0,"player_choice":"Relic","damage_taken":0,"max_hp_gain":0,"max_hp_loss":0,"event_name":"Wheel of Change","floor":4,"gold_loss":0},{"damage_healed":0,"gold_gain":75,"player_choice":"Touch","damage_taken":7,"max_hp_gain":0,"max_hp_loss":0,"event_name":"FaceTrader","floor":13,"gold_loss":0},{"damage_healed":0,"gold_gain":99,"player_choice":"Steal","damage_taken":0,"max_hp_gain":0,"max_hp_loss":0,"event_name":"betterThird:BetterNest","floor":19,"gold_loss":0},{"damage_healed":0,"gold_gain":0,"player_choice":"Copied","damage_taken":0,"max_hp_gain":0,"max_hp_loss":0,"event_name":"Duplicator","floor":21,"gold_loss":0,"cards_obtained":["Conserve Battery"]},{"damage_healed":0,"gold_gain":0,"player_choice":"Ignored","damage_taken":0,"max_hp_gain":0,"max_hp_loss":0,"event_name":"Ghosts","floor":27,"gold_loss":0},{"damage_healed":0,"gold_gain":180,"player_choice":"GOLD GOLD ","damage_taken":19,"max_hp_gain":0,"max_hp_loss":0,"event_name":"Knowing Skull","floor":30,"potions_obtained":[],"gold_loss":0,"cards_obtained":[]},{"damage_healed":0,"gold_gain":0,"player_choice":"Fight","damage_taken":0,"max_hp_gain":0,"max_hp_loss":0,"event_name":"Mysterious Sphere","floor":36,"gold_loss":0},{"damage_healed":0,"gold_gain":0,"player_choice":"Fight","damage_taken":0,"max_hp_gain":0,"max_hp_loss":0,"event_name":"MindBloom","floor":37,"gold_loss":0},{"damage_healed":0,"gold_gain":0,"player_choice":"Embrace Madness","damage_taken":9,"max_hp_gain":0,"max_hp_loss":0,"event_name":"Winding Halls","floor":41,"gold_loss":0,"cards_obtained":["Madness","Madness"]},{"damage_healed":0,"gold_gain":0,"player_choice":"Ignored","damage_taken":0,"max_hp_gain":0,"max_hp_loss":0,"event_name":"Tomb of Lord Red Mask","floor":44,"gold_loss":0},{"damage_healed":0,"gold_gain":0,"player_choice":"Ignored","damage_taken":0,"max_hp_gain":0,"max_hp_loss":0,"event_name":"NoteForYourself","floor":45,"gold_loss":0},{"damage_healed":0,"gold_gain":0,"player_choice":"Ignored","damage_taken":0,"max_hp_gain":0,"max_hp_loss":0,"event_name":"WeMeetAgain","floor":48,"gold_loss":0}],"is_beta":false,"boss_relics":[{"not_picked":["Coffee Dripper","bronze:MakeshiftBattery"],"picked":"Nuclear Battery"},{"not_picked":["Tiny House","Runic Pyramid"],"picked":"SlaversCollar"}],"items_purged_floors":[0,0,0,0,0,0,20,20,20,31,31,31,31,38,38,38,38,53,53],"is_endless":false,"potions_floor_spawned":[7,14,24,33,36,46],"killed_by":"The Heart","ascension_level":0}}