{"host":"bcfh1ntqgeyvyogo","time":1614087021,"event":{"mods":["BaseMod","Downfall","Minty Spire (QoL Compilation)","Quick Restart","Spicy Shops","StSLib"],"gold_per_floor":[99,116,116,27,27,59,139,170,187,203,103,119,132,147,161,266,266,266,278,378,110,130,130,182,182,193,204,223,123,156,156,172,276,276,276,286,336,352,363,381,431,431,18,18,35,35,49,69,88,88,88,88],"floor_reached":50,"language":"ZHS","playtime":2875,"items_purged":[],"score":632,"play_id":"bd076ecb-58d3-4917-adf0-1e5a5b6ad90f","local_time":"20210223213021","daily_mods":["Draft","Hoarder","downfall:Hexed"],"is_ascension_mode":false,"campfire_choices":[{"floor":1,"key":"RECALL"},{"data":"bronze:ItsAFeature","floor":11,"key":"SMITH"},{"data":"bronze:Repulsor","floor":18,"key":"SMITH"},{"floor":23,"key":"REST"},{"floor":25,"key":"REST"},{"data":"bronze:Repulsor","floor":29,"key":"SMITH"},{"data":"bronze:Repulsor","floor":35,"key":"SMITH"},{"floor":44,"key":"REST"}],"circlet_count":0,"master_deck":["bronze:BugBarrage","bronze:BugBarrage","bronze:BugBarrage","bronze:Safeguard","bronze:Safeguard","bronze:Fortify","bronze:Fortify","bronze:Fortify","bronze:MaxOutput","bronze:MaxOutput","bronze:MaxOutput","bronze:ForceShield","bronze:ForceShield","bronze:ForceShield","bronze:Overheat","bronze:Overheat","bronze:Overheat","bronze:Turbo","bronze:Turbo","bronze:Turbo","bronze:Branch","bronze:Branch","bronze:Branch","bronze:BuggyMess","bronze:BuggyMess","bronze:BuggyMess","bronze:Optimize","bronze:Optimize","bronze:Optimize","bronze:FineTuning","bronze:FineTuning","bronze:FineTuning","bronze:Repair","bronze:Repair","bronze:Repair","bronze:DelayedSlice","bronze:DelayedSlice","bronze:DelayedSlice","bronze:Shield","bronze:Shield","bronze:Shield","bronze:Frontload","bronze:Frontload","bronze:Frontload","bronze:ItsAFeature","bronze:ItsAFeature+1","bronze:ItsAFeature","Regret","Regret","Regret","bronze:OilSpill","bronze:OilSpill","bronze:OilSpill","bronze:Repulsor+1","bronze:Repulsor+1","bronze:Repulsor+1","bronze:Allocate","bronze:Allocate","bronze:Allocate","bronze:Format","bronze:Format","bronze:Format","bronze:Goto","bronze:Goto","bronze:Goto","bronze:Turbo+1","bronze:Turbo+1","bronze:Turbo+1","bronze:ChildClass+1","bronze:ChildClass+1","bronze:ChildClass+1","bronze:ClassDefault","bronze:ClassDefault","bronze:ClassDefault","bronze:CleanCode","bronze:CleanCode","bronze:CleanCode","bronze:Boost+1","bronze:Boost+1","bronze:Boost+1","bronze:ShipIt","bronze:ShipIt","bronze:ShipIt","bronze:BronzeOrb+1","bronze:BronzeOrb+1","bronze:BronzeOrb+1","bronze:GetLatest+1","bronze:GetLatest+1","bronze:GetLatest+1","bronze:BurnOut+1","bronze:BurnOut+1","bronze:BurnOut+1","bronze:BurnOut+1","bronze:BurnOut+1","bronze:BurnOut+1","bronze:ThunderWave+1","bronze:ThunderWave+1","bronze:ThunderWave+1","Master of Strategy+1","Master of Strategy+1","Master of Strategy+1"],"relics":["bronze:BronzeCore","Velvet Choker","Tiny Chest","Slimebound:StickyStick","Toxic Egg 2","Boot","downfall:HeartBlessingRed","Sozu","StoneCalendar","Molten Egg 2","Regal Pillow","downfall:HeartBlessingBlue","hexamod:BolsterEngine","Pantograph","Philosopher\u0027s Stone","Thread and Needle","Art of War","Membership Card","FossilizedHelix"],"acts_visited":["Exordium","TheCity","TheBeyond"],"potions_floor_usage":[16,39,43],"damage_taken":[{"damage":0,"enemies":"Jaw Worm","floor":2,"turns":2},{"damage":9,"enemies":"downfall:FleeingMerchant","floor":4,"turns":4},{"damage":9,"enemies":"3 Sentries","floor":6,"turns":6},{"damage":0,"enemies":"Gremlin Nob","floor":8,"turns":3},{"damage":9,"enemies":"Small Slimes","floor":9,"turns":4},{"damage":0,"enemies":"2 Louse","floor":10,"turns":2},{"damage":16,"enemies":"2 Fungi Beasts","floor":12,"turns":4},{"damage":7,"enemies":"3 Louse","floor":13,"turns":3},{"damage":8,"enemies":"Red Slaver","floor":14,"turns":4},{"damage":0,"enemies":"Looter","floor":15,"turns":2},{"damage":13,"enemies":"IC_STATUS_ARCHETYPE","floor":16,"turns":7},{"damage":14,"enemies":"3 Byrds","floor":19,"turns":6},{"damage":58,"enemies":"WA_ARCHETYPE_RETAIN","floor":20,"turns":9},{"damage":11,"enemies":"downfall:FleeingMerchant","floor":21,"turns":4},{"damage":1,"enemies":"downfall:LooterAlt2","floor":22,"turns":4},{"damage":4,"enemies":"Snecko","floor":26,"turns":3},{"damage":1,"enemies":"Sentry and Sphere","floor":27,"turns":7},{"damage":3,"enemies":"Snake Plant","floor":28,"turns":5},{"damage":1,"enemies":"Gremlin Leader","floor":30,"turns":7},{"damage":2,"enemies":"Chosen and Byrds","floor":32,"turns":4},{"damage":67,"enemies":"DF_ARCHETYPE_CLAW","floor":33,"turns":9},{"damage":16,"enemies":"3 Darklings","floor":36,"turns":7},{"damage":22,"enemies":"3 Darklings","floor":37,"turns":7},{"damage":0,"enemies":"Orb Walker","floor":38,"turns":2},{"damage":17,"enemies":"Maw","floor":39,"turns":7},{"damage":10,"enemies":"Writhing Mass","floor":40,"turns":4},{"damage":0,"enemies":"downfall:FleeingMerchant","floor":43,"turns":4},{"damage":30,"enemies":"3 Darklings","floor":45,"turns":6},{"damage":8,"enemies":"Maw","floor":47,"turns":5},{"damage":0,"enemies":"Spire Growth","floor":48,"turns":4},{"damage":32,"enemies":"Transient","floor":49,"turns":5},{"damage":103,"enemies":"WA_ARCHETYPE_DIVINITY","floor":50,"turns":7}],"seed_played":"-6355586145949304785","potions_obtained":[{"floor":2,"key":"SteroidPotion"},{"floor":6,"key":"DistilledChaos"},{"floor":8,"key":"Swift Potion"},{"floor":16,"key":"Fire Potion"}],"is_trial":true,"path_per_floor":["R","M","?","$","?","E","T","E","M","M","R","M","M","M","M","B",null,"R","M","?","$","M","R","T","R","M","M","M","R","E","T","M","B",null,"R","M","?","M","M","M","T","?","$","R","M","?","M","M","M","B"],"character_chosen":"THE_AUTOMATON","items_purchased":["bronze:Repulsor","Regal Pillow","bronze:GetLatest+1","Membership Card","FossilizedHelix","Master of Strategy+1"],"campfire_rested":3,"item_purchase_floors":[4,21,21,43,43,43],"current_hp_per_floor":[70,70,70,65,65,56,56,56,54,54,54,45,38,30,30,27,70,70,68,22,11,17,53,53,70,66,69,67,77,79,79,77,33,80,80,71,59,59,56,46,46,46,46,80,50,50,49,56,34,0,0,0],"gold":88,"neow_bonus":"","is_daily":false,"chose_seed":false,"campfire_upgraded":4,"win_rate":0.0,"timestamp":1614087021,"path_taken":["R","M","?","$","?","E","T","E","M","M","R","M","M","?","M","BOSS","R","M","?","$","M","R","T","R","M","M","M","R","E","?","M","BOSS","R","M","?","M","M","M","T","?","$","R","M","?","M","M","M","BOSS"],"items_purchased_type":["Card","Relic","Card","Relic","Relic","Card"],"build_version":"2020-12-22","purchased_purges":0,"victory":false,"max_hp_per_floor":[70,70,70,70,70,70,70,70,70,70,70,70,70,70,70,70,70,70,70,70,70,70,70,70,70,70,70,70,80,80,80,80,80,80,80,80,80,80,80,80,80,80,80,80,80,80,80,80,80,80,80,80],"card_choices":[{"not_picked":["bronze:Shell","bronze:Iterate"],"picked":"bronze:BugBarrage","floor":0},{"not_picked":["bronze:BitShift","bronze:WildBeam"],"picked":"bronze:Safeguard","floor":0},{"not_picked":["bronze:BronzeArmor","bronze:DelayedSlice"],"picked":"bronze:Fortify","floor":0},{"not_picked":["bronze:OilSpill","bronze:BugBarrage"],"picked":"bronze:MaxOutput","floor":0},{"not_picked":["bronze:Flail","bronze:Iterate"],"picked":"bronze:ForceShield","floor":0},{"not_picked":["bronze:Backtrace","bronze:Iterate"],"picked":"bronze:Overheat","floor":0},{"not_picked":["bronze:WhirlingStrike","bronze:Invalidate"],"picked":"bronze:Turbo","floor":0},{"not_picked":["bronze:DelayedGuard","bronze:DelayedSlice"],"picked":"bronze:Branch","floor":0},{"not_picked":["bronze:DigitalCarnage","bronze:FollowUp"],"picked":"bronze:BuggyMess","floor":0},{"not_picked":["bronze:DelayedSlice","bronze:BronzeArmor"],"picked":"bronze:Optimize","floor":0},{"not_picked":["bronze:DelayedGuard","bronze:Philosophize"],"picked":"bronze:FineTuning","floor":0},{"not_picked":["bronze:DelayedSlice","bronze:ChosenStrike"],"picked":"bronze:Repair","floor":0},{"not_picked":["bronze:WildBeam","bronze:Iterate"],"picked":"bronze:DelayedSlice","floor":0},{"not_picked":["bronze:DelayedGuard","bronze:BuggyMess"],"picked":"bronze:Shield","floor":0},{"not_picked":["bronze:Backtrace","bronze:BitShift"],"picked":"bronze:Frontload","floor":0},{"not_picked":["bronze:Turbo","bronze:Allocate"],"picked":"bronze:ItsAFeature","floor":2},{"not_picked":["bronze:Backtrace","bronze:BugBarrage"],"picked":"bronze:OilSpill","floor":4},{"not_picked":["bronze:MaxOutput","bronze:OilSpill","bronze:NullPointer"],"picked":"SKIP","floor":6},{"not_picked":["bronze:Deprecate+1","bronze:Shield+1"],"picked":"bronze:Turbo+1","floor":8},{"not_picked":["bronze:DigitalCarnage","bronze:DelayedGuard+1"],"picked":"bronze:ChildClass+1","floor":9},{"not_picked":["bronze:Iterate","bronze:WildBeam"],"picked":"bronze:ClassDefault","floor":10},{"not_picked":["bronze:OilSpill","bronze:ForceShield+1","bronze:Return+1"],"picked":"SKIP","floor":12},{"not_picked":["bronze:DelayedSlice","bronze:WildBeam","bronze:BugBarrage"],"picked":"SKIP","floor":13},{"not_picked":["bronze:Invalidate+1","bronze:Overheat"],"picked":"bronze:CleanCode","floor":14},{"not_picked":["bronze:DelayedSlice","bronze:BitShift+1"],"picked":"bronze:Boost+1","floor":15},{"not_picked":["bronze:RecursiveStrike","bronze:ThunderWave"],"picked":"bronze:ShipIt","floor":16},{"not_picked":["bronze:BitShift+1","bronze:BuggyMess+1","bronze:OilSpill"],"picked":"SKIP","floor":19},{"not_picked":["bronze:FineTuning+1","bronze:WildBeam+1"],"picked":"bronze:BronzeOrb+1","floor":21},{"not_picked":["bronze:Overheat+1","bronze:Branch+1","bronze:Safeguard+1"],"picked":"SKIP","floor":22},{"not_picked":["bronze:FineTuning+1","bronze:Flail+1","bronze:Return+1"],"picked":"SKIP","floor":26},{"not_picked":["bronze:OilSpill+1","bronze:DigitalCarnage+1","bronze:Optimize+1"],"picked":"SKIP","floor":27},{"not_picked":["bronze:WhirlingStrike+1","bronze:DelayedGuard+1","bronze:Safeguard+1"],"picked":"SKIP","floor":28},{"not_picked":["bronze:CutThrough+1","bronze:WildBeam+1","bronze:FineTuning+1"],"picked":"SKIP","floor":30},{"not_picked":["bronze:Overheat+1","bronze:Optimize"],"picked":"bronze:BurnOut+1","floor":32},{"not_picked":["bronze:Break+1","bronze:Virus+1"],"picked":"bronze:BurnOut+1","floor":33},{"not_picked":["bronze:ChildClass+1","bronze:BitShift+1","bronze:Repair+1"],"picked":"SKIP","floor":36},{"not_picked":["bronze:Branch+1","bronze:Frontload+1","bronze:Overheat+1"],"picked":"SKIP","floor":38},{"not_picked":["bronze:BuggyMess+1","bronze:Invalidate+1","bronze:BugBarrage+1"],"picked":"SKIP","floor":39},{"not_picked":["bronze:ForceShield+1","bronze:Branch+1"],"picked":"bronze:ThunderWave+1","floor":40},{"not_picked":["bronze:BitShift+1","bronze:Shield+1","bronze:WildBeam+1"],"picked":"SKIP","floor":43},{"not_picked":["bronze:Turbo+1","bronze:Shield+1","bronze:Backtrace+1"],"picked":"SKIP","floor":45},{"not_picked":["bronze:Deprecate+1","bronze:Shield+1","bronze:Overload+1"],"picked":"SKIP","floor":47},{"not_picked":["bronze:ChildClass+1","bronze:DelayedGuard+1","bronze:Frontload+1"],"picked":"SKIP","floor":48},{"not_picked":["bronze:ShipIt+1","bronze:ClassDefault","bronze:Turbo+1"],"picked":"SKIP","floor":49}],"player_experience":13685,"relics_obtained":[{"floor":6,"key":"Slimebound:StickyStick"},{"floor":7,"key":"Toxic Egg 2"},{"floor":8,"key":"Boot"},{"floor":20,"key":"StoneCalendar"},{"floor":20,"key":"Molten Egg 2"},{"floor":30,"key":"hexamod:BolsterEngine"},{"floor":31,"key":"Pantograph"},{"floor":37,"key":"Thread and Needle"},{"floor":41,"key":"Art of War"}],"event_choices":[{"damage_healed":0,"gold_gain":0,"player_choice":"Box","damage_taken":0,"relics_obtained":["Tiny Chest"],"max_hp_gain":0,"max_hp_loss":0,"event_name":"Big Fish","floor":3,"gold_loss":0,"cards_obtained":["Regret"]},{"damage_healed":0,"gold_gain":0,"player_choice":"3 cards matched","damage_taken":0,"max_hp_gain":0,"max_hp_loss":0,"event_name":"Match and Keep!","floor":5,"gold_loss":0,"cards_obtained":["bronze:Allocate","bronze:Format","bronze:Goto"]},{"cards_removed":["bronze:Safeguard"],"damage_healed":0,"gold_gain":0,"player_choice":"Removed Skill","damage_taken":0,"max_hp_gain":0,"max_hp_loss":0,"event_name":"Falling","floor":42,"gold_loss":0},{"damage_healed":0,"gold_gain":0,"player_choice":"Ignored","damage_taken":0,"max_hp_gain":0,"max_hp_loss":0,"event_name":"Mysterious Sphere","floor":46,"gold_loss":0}],"is_beta":false,"boss_relics":[{"not_picked":["expansioncontent:StudyCardRelic","SlaversCollar"],"picked":"Sozu"},{"not_picked":["Snecko Eye","bronze:PlatinumCore"],"picked":"Philosopher\u0027s Stone"}],"items_purged_floors":[],"is_endless":false,"potions_floor_spawned":[2,6,8,10,15,16,19,26,30,32,33,37,38,40,47,49],"killed_by":"WA_ARCHETYPE_DIVINITY","ascension_level":0}}