{"host":"8vqkh0x3c7vpgzzm","time":1614116589,"event":{"mods":["AchievementEnabler","BaseMod","Colored Map","Colored Powertips","Curses Come First","DeckTracker","Highlight Path","Minty Spire (QoL Compilation)","Permanent Neow","Quick Restart","Random Character Mod","Rare Cards Sparkle","Relic Sorter","Relic Stats","StSLib","SuperFastMode","Unceasing Turn Reminder","egg","everything is the same but u backflip on backflip"],"gold_per_floor":[117,2,18,18,18,18,36,67,67,67,67,67,67,79,79,152,152,170,180,199,48,61,61,61,61],"floor_reached":24,"language":"ENG","playtime":804,"items_purged":["Strike_B"],"score":343,"play_id":"060b7195-8b6d-4a6e-8f91-c82ce4cfe3f2","local_time":"20210223224309","is_ascension_mode":true,"campfire_choices":[{"data":"Dualcast","floor":6,"key":"SMITH"},{"data":"Go for the Eyes","floor":10,"key":"SMITH"},{"data":"Gash","floor":13,"key":"SMITH"},{"data":"Gash","floor":15,"key":"SMITH"},{"data":"Redo","floor":23,"key":"SMITH"}],"circlet_count":0,"master_deck":["AscendersBane","Strike_B","Strike_B","Defend_B","Defend_B","Defend_B","Defend_B","Zap+1","Dualcast+1","Go for the Eyes+1","Rip and Tear","Sweeping Beam","Biased Cognition","Scrape","Gash+1","Gash+1","Echo Form","Beam Cell+1","Skim","Core Surge","Redo+1"],"relics":["Cracked Core","StoneCalendar","Meat on the Bone","Eternal Feather","Runic Pyramid"],"acts_visited":["Exordium","TheCity"],"potions_floor_usage":[16,19,22],"damage_taken":[{"damage":2,"enemies":"Jaw Worm","floor":1,"turns":4},{"damage":2,"enemies":"Small Slimes","floor":3,"turns":3},{"damage":0,"enemies":"Cultist","floor":7,"turns":3},{"damage":20,"enemies":"3 Sentries","floor":8,"turns":6},{"damage":9,"enemies":"Red Slaver","floor":14,"turns":2},{"damage":30,"enemies":"Hexaghost","floor":16,"turns":7},{"damage":6,"enemies":"Spheric Guardian","floor":18,"turns":3},{"damage":13,"enemies":"3 Byrds","floor":19,"turns":3},{"damage":11,"enemies":"Snecko","floor":20,"turns":4},{"damage":6,"enemies":"Sentry and Sphere","floor":22,"turns":3},{"damage":48,"enemies":"Slavers","floor":24,"turns":3}],"seed_played":"-4920405951507827985","potions_obtained":[{"floor":7,"key":"LiquidMemories"},{"floor":8,"key":"PowerPotion"},{"floor":18,"key":"LiquidMemories"},{"floor":20,"key":"LiquidBronze"}],"is_trial":false,"path_per_floor":["M","$","M","?","?","R","M","E","T","R","$","?","R","M","R","B",null,"M","M","M","$","M","R","E"],"character_chosen":"DEFECT","items_purchased":["Rip and Tear","Core Surge"],"campfire_rested":0,"item_purchase_floors":[2,21],"current_hp_per_floor":[62,62,60,60,60,60,60,40,40,49,49,49,58,49,58,40,58,52,39,40,40,34,46,0,0],"gold":61,"neow_bonus":"ONE_RARE_RELIC","is_daily":false,"chose_seed":false,"campfire_upgraded":5,"win_rate":0.0,"timestamp":1614116589,"path_taken":["M","$","M","?","?","R","?","E","T","R","?","?","R","M","R","BOSS","M","M","M","$","M","R","E"],"items_purchased_type":["Card","Card"],"build_version":"2020-12-22","purchased_purges":1,"victory":false,"max_hp_per_floor":[64,64,64,64,64,64,64,64,64,64,64,64,64,64,64,64,64,64,64,64,64,64,64,64,64],"relic_stats":{"counters":[11,41],"StoneCalendar":[12],"Eternal Feather":39,"obtain_stats":[{"StoneCalendar":0,"Eternal Feather":9,"Cracked Core":0,"Meat on the Bone":8,"Runic Pyramid":17},{"StoneCalendar":0,"Eternal Feather":4,"Cracked Core":0,"Meat on the Bone":4,"Runic Pyramid":6},{"StoneCalendar":0,"Eternal Feather":16,"Cracked Core":0,"Meat on the Bone":16,"Runic Pyramid":25}],"Meat on the Bone":24},"card_choices":[{"not_picked":["Steam Power","Streamline"],"picked":"Go for the Eyes","floor":1},{"not_picked":["Barrage","Steam Power"],"picked":"Sweeping Beam","floor":3},{"not_picked":["Sweeping Beam","Recycle"],"picked":"Biased Cognition","floor":7},{"not_picked":["Ball Lightning","Barrage"],"picked":"Scrape","floor":8},{"not_picked":["Streamline","Steam"],"picked":"Gash","floor":14},{"not_picked":["Electrodynamics","Machine Learning"],"picked":"Echo Form","floor":16},{"not_picked":["Double Energy","Darkness"],"picked":"Beam Cell+1","floor":18},{"not_picked":["Go for the Eyes+1","Leap","Rip and Tear"],"picked":"SKIP","floor":19},{"not_picked":["Steam","Beam Cell"],"picked":"Skim","floor":20},{"not_picked":["Hello World","Doom and Gloom"],"picked":"Redo","floor":22}],"player_experience":645410,"relics_obtained":[{"floor":8,"key":"Meat on the Bone"},{"floor":9,"key":"Eternal Feather"}],"event_choices":[{"damage_healed":0,"gold_gain":0,"player_choice":"Ignored","damage_taken":0,"max_hp_gain":0,"max_hp_loss":0,"event_name":"Liars Game","floor":4,"gold_loss":0},{"damage_healed":0,"gold_gain":0,"player_choice":"Forge","damage_taken":0,"max_hp_gain":0,"max_hp_loss":0,"event_name":"Accursed Blacksmith","floor":5,"gold_loss":0,"cards_upgraded":["Zap"]},{"damage_healed":0,"gold_gain":0,"cards_transformed":["Strike_B"],"player_choice":"Transformed","damage_taken":0,"max_hp_gain":0,"max_hp_loss":0,"event_name":"Transmorgrifier","floor":12,"gold_loss":0,"cards_obtained":["Gash"]}],"is_beta":false,"boss_relics":[{"not_picked":["Inserter","Velvet Choker"],"picked":"Runic Pyramid"}],"items_purged_floors":[2],"is_endless":false,"potions_floor_spawned":[7,8,14,18,20],"killed_by":"Slavers","ascension_level":15}}