{"host":"z9rwthyxsf7d04ix","time":1614093996,"event":{"mods":["AchievementEnabler","BaseMod","Colored Map","Colored Powertips","Minty Spire (QoL Compilation)","Quick Restart"],"gold_per_floor":[119,119,119,137,204,237,237,237,237,50,50,77,89,141,153,284,296,324,336,372,384,402,441,462,501,501,426,450,102,102,102],"floor_reached":30,"language":"ENG","playtime":2208,"items_purged":["Defend_R","Defend_R"],"score":396,"play_id":"1b8c2c6f-8fb2-463a-8287-c1cc47cfcf14","local_time":"20210223172636","is_ascension_mode":true,"campfire_choices":[{"data":"Flame Barrier","floor":8,"key":"SMITH"},{"data":"Apotheosis","floor":11,"key":"SMITH"},{"floor":15,"key":"REST"}],"circlet_count":0,"master_deck":["Strike_R","Strike_R","Strike_R","Strike_R","Defend_R","Defend_R","Bash","Burning Pact","Feed","Iron Wave","Flame Barrier+1","Apotheosis+1","Shrug It Off","Barricade","Ghostly Armor+1","Pommel Strike","Sever Soul","Pommel Strike","Wild Strike","Iron Wave","Juggernaut"],"relics":["Burning Blood","NeowsBlessing","StrikeDummy","Gremlin Horn","Golden Idol","Ancient Tea Set","Mark of Pain","Enchiridion","Nloth\u0027s Gift","Matryoshka","Blood Vial","Anchor","Regal Pillow","HornCleat"],"acts_visited":["Exordium","TheCity"],"potions_floor_usage":[16,23,28],"damage_taken":[{"damage":0,"enemies":"Jaw Worm","floor":1,"turns":1},{"damage":0,"enemies":"Cultist","floor":4,"turns":2},{"damage":0,"enemies":"Lagavulin","floor":6,"turns":1},{"damage":19,"enemies":"3 Sentries","floor":12,"turns":7},{"damage":29,"enemies":"Gremlin Nob","floor":14,"turns":4},{"damage":7,"enemies":"The Guardian","floor":16,"turns":12},{"damage":28,"enemies":"3 Byrds","floor":18,"turns":5},{"damage":17,"enemies":"Spheric Guardian","floor":20,"turns":7},{"damage":0,"enemies":"Snecko","floor":22,"turns":6},{"damage":13,"enemies":"Slavers","floor":23,"turns":5},{"damage":5,"enemies":"Centurion and Healer","floor":24,"turns":8},{"damage":40,"enemies":"Book of Stabbing","floor":25,"turns":7},{"damage":7,"enemies":"3 Cultists","floor":28,"turns":6},{"damage":23,"enemies":"Slavers","floor":30,"turns":3}],"seed_played":"-6882208238835033416","potions_obtained":[{"floor":1,"key":"Strength Potion"},{"floor":20,"key":"ColorlessPotion"},{"floor":25,"key":"SkillPotion"}],"is_trial":false,"path_per_floor":["M","?","?","M","?","E","$","R","T","$","R","E","?","E","R","B",null,"M","?","M","?","M","E","M","E","T","$","M","$","E"],"character_chosen":"IRONCLAD","items_purchased":["Apotheosis","HornCleat"],"campfire_rested":1,"item_purchase_floors":[10,29],"current_hp_per_floor":[80,80,80,83,83,86,86,86,86,86,86,77,77,54,78,81,87,65,49,38,38,48,45,46,16,16,16,17,17,0,0],"gold":102,"neow_bonus":"THREE_ENEMY_KILL","is_daily":false,"chose_seed":false,"campfire_upgraded":2,"win_rate":0.0,"timestamp":1614093996,"path_taken":["M","?","?","?","?","E","$","R","T","$","R","E","?","E","R","BOSS","M","?","M","?","?","E","M","E","T","$","M","$","E"],"items_purchased_type":["Card","Relic"],"build_version":"2020-12-22","purchased_purges":2,"victory":false,"max_hp_per_floor":[80,80,80,83,83,86,86,86,86,86,86,90,83,83,83,87,87,87,87,87,87,91,95,95,99,99,99,99,99,102,102],"card_choices":[{"not_picked":["Twin Strike","Sword Boomerang"],"picked":"Burning Pact","floor":1},{"not_picked":["Ghostly Armor","Rampage"],"picked":"Iron Wave","floor":4},{"not_picked":["Shrug It Off","Sword Boomerang"],"picked":"Flame Barrier","floor":6},{"not_picked":["Rampage","Armaments","Clash"],"picked":"SKIP","floor":12},{"not_picked":["Brutality","Reckless Charge"],"picked":"Shrug It Off","floor":14},{"not_picked":["Feed","Offering"],"picked":"Barricade","floor":16},{"not_picked":["Sword Boomerang+1","Twin Strike+1"],"picked":"Ghostly Armor+1","floor":18},{"not_picked":["Heavy Blade","Feel No Pain"],"picked":"Pommel Strike","floor":20},{"not_picked":["Anger","Flex"],"picked":"Sever Soul","floor":22},{"not_picked":["Heavy Blade","Double Tap"],"picked":"Pommel Strike","floor":23},{"not_picked":["Shrug It Off","Bloodletting"],"picked":"Wild Strike","floor":24},{"not_picked":["Exhume","Sword Boomerang"],"picked":"Iron Wave","floor":25},{"not_picked":["Dropkick","Anger+1"],"picked":"Juggernaut","floor":28}],"player_experience":779231,"relics_obtained":[{"floor":6,"key":"StrikeDummy"},{"floor":9,"key":"Gremlin Horn"},{"floor":12,"key":"MawBank"},{"floor":14,"key":"Ancient Tea Set"},{"floor":19,"key":"Enchiridion"},{"floor":23,"key":"Matryoshka"},{"floor":25,"key":"Blood Vial"},{"floor":26,"key":"Anchor"},{"floor":26,"key":"Regal Pillow"}],"event_choices":[{"damage_healed":0,"gold_gain":0,"cards_transformed":["Strike_R"],"player_choice":"Change","damage_taken":0,"max_hp_gain":0,"max_hp_loss":0,"event_name":"Living Wall","floor":2,"gold_loss":0,"cards_obtained":["Feed"]},{"damage_healed":0,"gold_gain":0,"player_choice":"Bought 0 Potions","damage_taken":0,"max_hp_gain":0,"max_hp_loss":0,"event_name":"The Woman in Blue","floor":3,"gold_loss":0},{"damage_healed":0,"gold_gain":67,"player_choice":"Gained Gold","damage_taken":0,"max_hp_gain":0,"max_hp_loss":0,"event_name":"Golden Wing","floor":5,"gold_loss":0},{"damage_healed":0,"gold_gain":0,"player_choice":"Lose Max HP","damage_taken":0,"relics_obtained":["Golden Idol"],"max_hp_gain":0,"max_hp_loss":7,"event_name":"Golden Idol","floor":13,"gold_loss":0},{"damage_healed":0,"gold_gain":0,"player_choice":"Obtained Book","damage_taken":16,"max_hp_gain":0,"max_hp_loss":0,"event_name":"Cursed Tome","floor":19,"gold_loss":0},{"damage_healed":0,"gold_gain":0,"player_choice":"Traded Relic","damage_taken":0,"relics_obtained":["Nloth\u0027s Gift"],"max_hp_gain":0,"max_hp_loss":0,"event_name":"N\u0027loth","floor":21,"relics_lost":["MawBank"],"gold_loss":0}],"is_beta":false,"boss_relics":[{"not_picked":["Pandora\u0027s Box","Coffee Dripper"],"picked":"Mark of Pain"}],"items_purged_floors":[27,29],"is_endless":false,"potions_floor_spawned":[1,20,25],"killed_by":"Slavers","ascension_level":4}}