{"host":"np9ouipdmi0bkas5","time":1614104489,"event":{"mods":["AchievementEnabler","Aspiration","BaseMod","Better Altar","Better Match","Better Skull","Better Third Choice","Colored Map","Downfall","Highlight Path","Hubris","Infinite Spire","Minty Spire (QoL Compilation)","Replay The Spire","StSLib"],"gold_per_floor":[99,99,99,99,99,129,129,67,85,101,114,114,171,189,209,308,308,108,120,138,138,138,156,203,203,203,103,103,116,116,116,133,238,238,238,253,270,282,282,294,294,294,294,294,305,321,321,321,336,336,336,370,27,27,27,27,27,27],"floor_reached":56,"language":"ENG","playtime":3227,"items_purged":["Parasite"],"score":699,"play_id":"a52e8a31-eea4-49d4-a087-c362e5d6926d","local_time":"20210223102129","is_ascension_mode":false,"campfire_choices":[{"floor":1,"key":"RECALL"},{"data":"champ:StanceDance","floor":18,"key":"SMITH"},{"floor":27,"key":"REST"},{"data":"champ:Devastate","floor":35,"key":"SMITH"},{"floor":42,"key":"REST"},{"floor":54,"key":"REST"}],"circlet_count":0,"master_deck":["champ:Strike","champ:Strike","champ:Strike","champ:Defend","champ:Defend","champ:Execute","champ:Taunt","champ:FocusedDefense","champ:Shatter","champ:Devastate+1","champ:PreciseThrust","champ:TornadoPunch","champ:StanceDance+1","champ:Duel","champ:CrownThrow","champ:TripleStrike","champ:Encircle","champ:Duel","champ:PerfectedStrike","champ:Devastate+1","Violence+1","champ:IronFortress+1","champ:EnragedBash+1","champ:BerserkersShout+1","champ:ShieldWall+1","champ:Improvising","champ:Backstep","Replay:Hysterical Blindness","champ:BladeFlurry","champ:StrikeOfGenius","champ:AdrenalArmor+1","champ:CheapShot","champ:CheapShot"],"relics":["champ:ChampionCrown","downfall:HeartsMalice","Juzu Bracelet","hubris:SphereOfDissonance","champ:LiftRelic","aspiration:PoetsPen_weak","downfall:HeartBlessingRed","downfall:HeartBlessingGreen","aspiration:RitualStick","downfall:HeartBlessingBlue","downfall:RedIOU","Blue Doll","hubris:ScarierMask","Nilry\u0027s Codex","Astrolabe","hubris:BottledRain","Pet Ghost","hubris:Towel","infinitespire:EmpoweringShard","Snack Pack"],"acts_visited":["Exordium","TheCity","TheBeyond","TheEnding"],"potions_floor_usage":[13,15,16,40,50,55],"damage_taken":[{"damage":0,"enemies":"2 Louse","floor":2,"turns":1},{"damage":0,"enemies":"Jaw Worm","floor":3,"turns":1},{"damage":0,"enemies":"Gremlin Nob","floor":6,"turns":1},{"damage":0,"enemies":"downfall:FleeingMerchant","floor":8,"turns":4},{"damage":0,"enemies":"Cultist","floor":9,"turns":2},{"damage":12,"enemies":"downfall:LooterAlt","floor":10,"turns":2},{"damage":12,"enemies":"Blue Slaver","floor":11,"turns":3},{"damage":16,"enemies":"Lagavulin Event","floor":13,"turns":3},{"damage":10,"enemies":"2 Fungi Beasts","floor":14,"turns":2},{"damage":5,"enemies":"Large Slime","floor":15,"turns":3},{"damage":15,"enemies":"SI_SHIV_ARCHETYPE","floor":16,"turns":3},{"damage":15,"enemies":"3 Byrds","floor":19,"turns":3},{"damage":7,"enemies":"Shell Parasite","floor":20,"turns":2},{"damage":0,"enemies":"Centurion and Healer","floor":23,"turns":1},{"damage":20,"enemies":"Chosen and Byrds","floor":29,"turns":2},{"damage":10,"enemies":"Cultist and Chosen","floor":32,"turns":1},{"damage":35,"enemies":"IC_MUSHROOM_ARCHETYPE","floor":33,"turns":2},{"damage":19,"enemies":"3 Shapes","floor":36,"turns":2},{"damage":10,"enemies":"Orb Walker","floor":37,"turns":2},{"damage":10,"enemies":"Writhing Mass","floor":38,"turns":3},{"damage":0,"enemies":"3 Darklings","floor":40,"turns":2},{"damage":25,"enemies":"Jaw Worm Horde","floor":45,"turns":2},{"damage":11,"enemies":"Sphere and 2 Shapes","floor":46,"turns":3},{"damage":29,"enemies":"Writhing Mass","floor":49,"turns":3},{"damage":115,"enemies":"WA_ARCHETYPE_DIVINITY","floor":50,"turns":5},{"damage":94,"enemies":"downfall:CharBossMerchant","floor":52,"turns":4},{"damage":38,"enemies":"downfall:NeowBoss","floor":55,"turns":8},{"damage":207,"enemies":"downfall:NeowBossFinal","floor":56,"turns":5}],"seed_played":"8699512153846196923","potions_obtained":[{"floor":9,"key":"champ:CounterPotion"},{"floor":10,"key":"sneckomod:MuddlingPotion"},{"floor":11,"key":"FairyPotion"},{"floor":14,"key":"BlessingOfTheForge"},{"floor":16,"key":"Milkshake"},{"floor":19,"key":"champ:TechniquePotion"},{"floor":40,"key":"Fruit Juice"},{"floor":52,"key":"SteroidPotion"}],"is_trial":false,"path_per_floor":["R","M","M","?","?","E","T","$","M","M","M","?","?","M","M","B",null,"R","M","M","?","?","M","T","?","?","R","?","M","AVR","?","M","B",null,"R","M","M","M","?","M","T","R","?","AVR","M","M","?","?","M","B",null,"E","$","R","B","B"],"character_chosen":"THE_CHAMP","items_purchased":["champ:StanceDance","champ:CheapShot","Snack Pack"],"campfire_rested":3,"item_purchase_floors":[8,53,53],"current_hp_per_floor":[90,90,90,90,90,90,90,90,90,88,76,79,76,76,76,76,90,90,85,78,81,84,84,84,69,66,100,100,90,90,77,77,67,100,100,81,71,71,74,79,79,105,105,102,102,91,94,97,93,8,102,78,78,102,102,0,0,0],"gold":27,"neow_bonus":"THREE_ENEMY_KILL","is_daily":false,"chose_seed":false,"campfire_upgraded":2,"win_rate":0.0,"timestamp":1614104489,"path_taken":["R","M","M","?","?","E","T","$","M","M","M","?","?","M","M","BOSS","R","M","M","?","?","M","T","?","?","R","?","M","AVR","?","M","BOSS","R","M","M","M","?","M","T","R","?","AVR","M","M","?","?","M","BOSS","E","$","R","BOSS","BOSS"],"items_purchased_type":["Card","Card","Relic"],"build_version":"2020-12-22","purchased_purges":1,"victory":false,"max_hp_per_floor":[90,90,90,90,90,90,90,90,90,90,90,90,90,90,90,90,90,90,90,90,90,90,90,90,90,90,100,100,100,100,100,100,100,100,100,100,100,100,100,105,105,105,105,102,102,102,102,102,102,102,102,102,102,102,102,102,102,102],"card_choices":[{"not_picked":["champ:RecklessLeap","champ:CrookedStrike"],"picked":"champ:FocusedDefense","floor":2},{"not_picked":["champ:DefensiveShout","champ:EnGarde"],"picked":"champ:Shatter","floor":3},{"not_picked":["champ:SwordThrow","champ:FaceSlap"],"picked":"champ:PreciseThrust","floor":6},{"not_picked":["champ:FlashCut","champ:StrikeOfGenius"],"picked":"champ:TornadoPunch","floor":8},{"not_picked":["champ:CalledShot","champ:TornadoPunch"],"picked":"champ:ShieldWall","floor":9},{"not_picked":["champ:EnGarde","champ:CalledShot"],"picked":"champ:FancyFootwork","floor":10},{"not_picked":["champ:Backstep","champ:Parry"],"picked":"champ:Duel","floor":11},{"not_picked":["champ:BerserkersShout","champ:BladeFlurry"],"picked":"champ:CrownThrow","floor":14},{"not_picked":["champ:Shatter","champ:BringItOn"],"picked":"champ:TornadoPunch","floor":15},{"not_picked":["champ:VampiricStrike","champ:SwordThrow"],"picked":"champ:TripleStrike","floor":16},{"not_picked":["champ:CalledShot+1","champ:FalseCounter"],"picked":"champ:Encircle","floor":19},{"not_picked":["champ:Haymaker","champ:EnGarde+1"],"picked":"champ:Duel","floor":20},{"not_picked":["champ:FlashCut","champ:StanceDance","champ:CrownThrow"],"picked":"SKIP","floor":23},{"not_picked":["champ:Circumvent","champ:Endure"],"picked":"champ:PerfectedStrike","floor":29},{"not_picked":["champ:SkillfulDodge","champ:AdrenalArmor+1","champ:TornadoPunch"],"picked":"SKIP","floor":32},{"not_picked":["champ:LastStand","champ:StrikeOfGenius"],"picked":"champ:Devastate","floor":33},{"not_picked":["champ:CrookedStrike","champ:SetATrap+1","champ:FanOfKnives"],"picked":"SKIP","floor":36},{"not_picked":["champ:DefensiveShout","champ:IronFortress+1","champ:PreciseThrust"],"picked":"SKIP","floor":37},{"not_picked":["champ:BladeFlurry","champ:Shatter+1"],"picked":"champ:EnragedBash+1","floor":38},{"not_picked":["champ:FlashCut+1","champ:Backstep+1"],"picked":"champ:BerserkersShout+1","floor":40},{"not_picked":["champ:ShieldSlam+1","champ:ShieldWall"],"picked":"champ:Circumvent","floor":45},{"not_picked":["champ:EnGarde","champ:FaceSlap+1"],"picked":"champ:ShieldWall+1","floor":46},{"not_picked":["champ:CrownThrow+1","champ:DeathBlow"],"picked":"champ:StrikeOfGenius","floor":49},{"not_picked":["champ:FocusedDefense","champ:BringItOn"],"picked":"champ:AdrenalArmor+1","floor":52}],"player_experience":137281,"relics_obtained":[{"floor":6,"key":"Juzu Bracelet"},{"floor":7,"key":"hubris:SphereOfDissonance"},{"floor":31,"key":"Nilry\u0027s Codex"},{"floor":41,"key":"hubris:BottledRain"},{"floor":52,"key":"infinitespire:EmpoweringShard"}],"event_choices":[{"cards_removed":["champ:Strike"],"damage_healed":0,"gold_gain":0,"player_choice":"Offered Basic","damage_taken":0,"max_hp_gain":0,"max_hp_loss":0,"event_name":"Bonfire Elementals","floor":5,"gold_loss":0},{"cards_removed":["champ:EnGarde"],"damage_healed":0,"gold_gain":0,"player_choice":"Removed Skill","damage_taken":0,"max_hp_gain":0,"max_hp_loss":0,"event_name":"Falling","floor":39,"gold_loss":0}],"is_beta":false,"boss_relics":[{"not_picked":["Replay:Wanted Poster","hubris:HollowSoul"],"picked":"aspiration:PoetsPen_weak"},{"not_picked":["ReplayTheSpireMod:DimensionalGlitch","Runic Pyramid"],"picked":"Astrolabe"}],"items_purged_floors":[44],"is_endless":false,"potions_floor_spawned":[9,10,11,14,16,19,33,38,40,52],"killed_by":"downfall:NeowBossFinal","ascension_level":0}}