{"host":"qfskrnw3pl1q86j0","time":1614116979,"event":{"mods":["BaseMod","Block Reminder","Hermit","Marisa????????","Minty Spire (QoL Compilation)","Quick Restart","Random Character Button","Relic Stats","StSLib","The Poker Player","slay the spire mod where everything is the same but ironclad has a cowboy hat"],"gold_per_floor":[117,12,23,43,59,59,71,71,71,91,91,101,126,138,150,257,269,299,236,251,73,89,89,4,4,4,14,14,14,14,14],"floor_reached":30,"language":"ENG","playtime":1011,"items_purged":["Strike_G","Strike_G"],"score":232,"play_id":"d8380091-81fd-49af-b412-b4a008528c60","local_time":"20210223224939","is_ascension_mode":false,"campfire_choices":[{"data":"Footwork","floor":6.0,"key":"SMITH"},{"data":"Dash","floor":8.0,"key":"SMITH"},{"data":"Deadly Poison","floor":15,"key":"SMITH"},{"data":"Footwork","floor":23,"key":"SMITH"},{"data":"Malaise","floor":25,"key":"SMITH"},{"data":"Poisoned Stab","floor":28,"key":"SMITH"}],"circlet_count":0,"master_deck":["Strike_G","Strike_G","Strike_G","Defend_G+1","Defend_G","Defend_G","Defend_G","Defend_G","Survivor","Neutralize+1","Dagger Throw","Footwork+1","Dodge and Roll","Riddle With Holes","Deflect+1","Dash+1","Deadly Poison+1","Dodge and Roll","Poisoned Stab+1","Night Terror+1","Malaise+1","Escape Plan+1","Flechettes","Footwork+1","Dodge and Roll","Deadly Poison"],"relics":["Ring of the Snake","Potion Belt","MawBank","Runic Dome","Pantograph","HornCleat"],"acts_visited":["Exordium","TheCity"],"potions_floor_usage":[13,16],"damage_taken":[{"damage":0.0,"enemies":"Jaw Worm","floor":1.0,"turns":5.0},{"damage":0.0,"enemies":"Small Slimes","floor":3.0,"turns":3.0},{"damage":0.0,"enemies":"Cultist","floor":4.0,"turns":4.0},{"damage":2.0,"enemies":"Blue Slaver","floor":5.0,"turns":6.0},{"damage":2.0,"enemies":"2 Fungi Beasts","floor":7.0,"turns":5.0},{"damage":0.0,"enemies":"Exordium Wildlife","floor":10.0,"turns":4.0},{"damage":0.0,"enemies":"Looter","floor":12.0,"turns":4.0},{"damage":19,"enemies":"Gremlin Nob","floor":13,"turns":4},{"damage":25,"enemies":"Slime Boss","floor":16,"turns":15},{"damage":3,"enemies":"Shell Parasite","floor":18,"turns":7},{"damage":5,"enemies":"3 Byrds","floor":20,"turns":7},{"damage":5,"enemies":"Snecko","floor":22,"turns":9},{"damage":0,"enemies":"Cultist and Chosen","floor":27,"turns":12},{"damage":15,"enemies":"Slavers","floor":30,"turns":3}],"seed_played":"-4933772656996188964","potions_obtained":[{"floor":1.0,"key":"Explosive Potion"},{"floor":5.0,"key":"FearPotion"},{"floor":12.0,"key":"BlessingOfTheForge"},{"floor":16,"key":"LiquidBronze"},{"floor":22,"key":"DuplicationPotion"}],"is_trial":false,"path_per_floor":["M","$","M","M","M","R","M","R","T","M","?","M","E","?","R","B",null,"M","$","M","$","M","R","?","R","T","M","R","?","E"],"character_chosen":"THE_SILENT","items_purchased":["Footwork","Dodge and Roll","Footwork"],"campfire_rested":0,"item_purchase_floors":[2,2,21],"current_hp_per_floor":[70,70,70,70,68,68,66,66,66,66,52,52,33,33,33,8,70,67,67,62,62,57,57,57,57,57,57,57,57,42,42],"gold":14,"neow_bonus":"UPGRADE_CARD","is_daily":false,"chose_seed":false,"campfire_upgraded":6,"win_rate":0.0,"timestamp":1614116979,"path_taken":["M","$","M","M","M","R","M","R","T","M","?","M","E","?","R","BOSS","M","$","M","$","M","R","?","R","T","M","R","?","E"],"items_purchased_type":["Card","Card","Card"],"build_version":"2020-12-22","purchased_purges":2,"victory":false,"max_hp_per_floor":[70,70,70,70,70,70,70,70,70,70,70,70,70,70,70,70,70,70,70,70,70,70,70,70,70,70,70,70,70,70,70],"relic_stats":{"counters":[14,88],"Pantograph":0,"MawBank":72,"obtain_stats":[{"Potion Belt":9,"Runic Dome":17,"HornCleat":26,"Pantograph":24,"MawBank":13,"Ring of the Snake":0},{"Potion Belt":5,"Runic Dome":9,"HornCleat":12,"Pantograph":12,"MawBank":8,"Ring of the Snake":0},{"Potion Belt":23,"Runic Dome":50,"HornCleat":73,"Pantograph":73,"MawBank":35,"Ring of the Snake":0}],"Ring of the Snake":[28]},"card_choices":[{"not_picked":["Distraction","Cloak And Dagger"],"picked":"Dagger Throw","floor":1.0},{"not_picked":["Quick Slash","Acrobatics"],"picked":"Riddle With Holes","floor":3.0},{"not_picked":["Acrobatics","Predator"],"picked":"Deflect","floor":4.0},{"not_picked":["Flying Knee","Expertise"],"picked":"Dash","floor":5.0},{"not_picked":["Dagger Throw","Outmaneuver"],"picked":"Deadly Poison","floor":7.0},{"not_picked":["Endless Agony","Cloak And Dagger"],"picked":"Dodge and Roll","floor":10.0},{"not_picked":["Prepared","Flying Knee"],"picked":"Poisoned Stab","floor":12.0},{"not_picked":["PiercingWail","Cloak And Dagger"],"picked":"Night Terror","floor":13},{"not_picked":["Wraith Form v2","Phantasmal Killer"],"picked":"Malaise","floor":16},{"not_picked":["Distraction","Expertise"],"picked":"Escape Plan+1","floor":18},{"not_picked":["Prepared+1","Slice"],"picked":"Flechettes","floor":20},{"not_picked":["Quick Slash","Dash"],"picked":"Dodge and Roll","floor":22},{"not_picked":["Outmaneuver+1","Slice","Dagger Throw"],"picked":"SKIP","floor":27}],"player_experience":1111739,"relics_obtained":[{"floor":9.0,"key":"Potion Belt"},{"floor":13,"key":"MawBank"},{"floor":26,"key":"HornCleat"}],"event_choices":[{"damage_healed":0.0,"max_hp_gain":0.0,"max_hp_loss":0.0,"gold_gain":0.0,"event_name":"Shining Light","player_choice":"Entered Light","floor":11.0,"gold_loss":0.0,"damage_taken":14.0,"cards_upgraded":["Deflect","Defend_G"]},{"damage_healed":0,"gold_gain":0,"player_choice":"Forge","damage_taken":0,"max_hp_gain":0,"max_hp_loss":0,"event_name":"Accursed Blacksmith","floor":14,"gold_loss":0,"cards_upgraded":["Night Terror"]},{"damage_healed":0,"gold_gain":0,"player_choice":"Obtained Relic","damage_taken":0,"relics_obtained":["Pantograph"],"max_hp_gain":0,"max_hp_loss":0,"event_name":"Addict","floor":24,"gold_loss":85},{"damage_healed":0,"gold_gain":0,"player_choice":"Read","damage_taken":0,"max_hp_gain":0,"max_hp_loss":0,"event_name":"The Library","floor":29,"gold_loss":0,"cards_obtained":["Deadly Poison"]}],"is_beta":false,"boss_relics":[{"not_picked":["Black Star","Empty Cage"],"picked":"Runic Dome"}],"items_purged_floors":[19,21],"is_endless":false,"potions_floor_spawned":[1,5,12,16,22],"killed_by":"Slavers","ascension_level":0}}