{"host":"qmev1dcjhfkfzv4x","time":1614096016,"event":{"mods":["BaseMod","Best Route Mod","Colored Powertips","Downfall","Highlight Path","Minty Spire (QoL Compilation)","Replay The Spire","StSLib"],"gold_per_floor":[99,110,20,20,20,30,41,57,136,154,171,171,186,198,98,128,142,237,237,137,147,147,167,178,207,285,285,20,38,58,87,87,100,113,218,218,118,138,157,174,193,204,230,260,260,271,463,479,494,529,540,540,540,566,22,22,22,22],"floor_reached":59,"language":"ENG","playtime":38187,"items_purged":["Slimebound:Strike_Slimebound","Slimebound:Split"],"score":1330,"play_id":"07877f98-6442-49cb-8698-48e731be0f65","local_time":"20210223110016","is_ascension_mode":false,"campfire_choices":[{"floor":1,"key":"RECALL"},{"floor":15,"key":"REST"},{"data":"Slimebound:Gluttony","floor":20,"key":"SMITH"},{"data":"Slimebound:Replication","floor":56,"key":"SMITH"}],"circlet_count":0,"master_deck":["Slimebound:Strike_Slimebound","Slimebound:Strike_Slimebound","Slimebound:Tackle","Slimebound:Defend_Slimebound","Slimebound:Defend_Slimebound","Slimebound:Defend_Slimebound","Slimebound:Defend_Slimebound","Slimebound:CorrosiveSpit","Slimebound:SplitBruiser","Slimebound:SplitLeeching","Slimebound:LevelUp","Slimebound:SpikyOuterGoop","Slimebound:LeechingTouch","Slimebound:Gluttony+1","Slimebound:MassFeed","Slimebound:LeechEnergy","Slimebound:SlimeBrawl","Slimebound:Prepare","Slimebound:RallyTheTroops+1","Slimebound:RainOfGoop+1","Slimebound:Nibble","Slimebound:LeechingTouch","Slimebound:Replication+1","Slimebound:SplitMire","Slimebound:LeechingTouch","Slimebound:LeechingTouch","Slimebound:Replication+1","Slimebound:HauntingLick","Slimebound:SplitLeeching","Slimebound:LeechLife","Slimebound:PressTheAttack","Slimebound:SplitLeeching+1","Slimebound:GoopSpray+1","Slimebound:ComboTackle","Slimebound:SlimeBarrage+1","Slimebound:SpikyOuterGoop+1","Slimebound:Darklings","Parasite","Slimebound:Schlurp+1","Slimebound:LeadByExample+1","Slimebound:LeechEnergy+1","Slimebound:LeechEnergy","Slimebound:RejuvenatingLick+1","Slimebound:SplitMire","Midas Touch","Slimebound:SpikyOuterGoop"],"relics":["Slimebound:AbsorbEndCombat","Mercury Hourglass","downfall:HeartBlessingRed","Centennial Puzzle","Ring of Chaos","downfall:HeartBlessingGreen","Replay:Ringing Soul","Quantum Egg","downfall:RedIOU","Coffee Dripper","downfall:HeartBlessingBlue","ReplayFunnel","Replay:Baseball","Durian","Pear","Membership Card","Shuriken"],"acts_visited":["Exordium","TheCity","TheBeyond","TheEnding"],"potions_floor_usage":[18,25,35,57,57],"damage_taken":[{"damage":8,"enemies":"Jaw Worm","floor":2,"turns":4},{"damage":0,"enemies":"downfall:FleeingMerchant","floor":3,"turns":4},{"damage":0,"enemies":"Cultist","floor":6,"turns":3},{"damage":14,"enemies":"2 Louse","floor":7,"turns":2},{"damage":17,"enemies":"Blue Slaver","floor":8,"turns":3},{"damage":10,"enemies":"3 Louse","floor":10,"turns":3},{"damage":17,"enemies":"Large Slime","floor":11,"turns":5},{"damage":17,"enemies":"Exordium Thugs","floor":13,"turns":4},{"damage":14,"enemies":"downfall:LooterAlt","floor":14,"turns":4},{"damage":30,"enemies":"Lagavulin","floor":16,"turns":6},{"damage":7,"enemies":"Large Slime","floor":17,"turns":4},{"damage":19,"enemies":"IC_STATUS_ARCHETYPE","floor":18,"turns":7},{"damage":6,"enemies":"Chosen","floor":21,"turns":6},{"damage":9,"enemies":"Spheric Guardian","floor":23,"turns":4},{"damage":20,"enemies":"Cultist and Chosen","floor":24,"turns":6},{"damage":46,"enemies":"Slavers","floor":25,"turns":5},{"damage":9,"enemies":"downfall:FleeingMerchant","floor":28,"turns":4},{"damage":14,"enemies":"Centurion and Healer","floor":29,"turns":5},{"damage":7,"enemies":"3 Cultists","floor":30,"turns":4},{"damage":24,"enemies":"Replay:Snechameleon","floor":31,"turns":5},{"damage":36,"enemies":"Shelled Parasite and Fungi","floor":33,"turns":5},{"damage":14,"enemies":"Centurion and Healer","floor":34,"turns":6},{"damage":26,"enemies":"WA_ARCHETYPE_CALM","floor":35,"turns":11},{"damage":37,"enemies":"3 Darklings","floor":38,"turns":7},{"damage":31,"enemies":"3 Shapes","floor":39,"turns":3},{"damage":27,"enemies":"Transient","floor":40,"turns":5},{"damage":3,"enemies":"Sphere and 2 Shapes","floor":41,"turns":4},{"damage":12,"enemies":"Maw","floor":42,"turns":7},{"damage":25,"enemies":"Giant Head","floor":44,"turns":9},{"damage":11,"enemies":"Writhing Mass","floor":46,"turns":4},{"damage":22,"enemies":"Transient","floor":48,"turns":5},{"damage":14,"enemies":"3 Darklings","floor":49,"turns":5},{"damage":10,"enemies":"Nemesis","floor":50,"turns":6},{"damage":5,"enemies":"Sphere and 2 Shapes","floor":51,"turns":5},{"damage":21,"enemies":"DF_ARCHETYPE_ORBS","floor":52,"turns":7},{"damage":48,"enemies":"downfall:CharBossMerchant","floor":54,"turns":8},{"damage":0,"enemies":"downfall:NeowBoss","floor":57,"turns":13},{"damage":56,"enemies":"downfall:NeowBossFinal","floor":58,"turns":10}],"seed_played":"-6294105756963787182","potions_obtained":[{"floor":8,"key":"Adrenaline Potion"},{"floor":10,"key":"Dexterity Potion"},{"floor":11,"key":"sneckomod:MuddlingPotion"},{"floor":14,"key":"Swift Potion"},{"floor":18,"key":"Explosive Potion"},{"floor":22,"key":"CultistPotion"},{"floor":25,"key":"SteroidPotion"},{"floor":38,"key":"Death Potion"},{"floor":44,"key":"Adrenaline Potion"},{"floor":54,"key":"Slimebound:SlimyTonguePotion"}],"is_trial":false,"path_per_floor":["R","M","$","PTL","PTL","M","M","M","T","M","M","?","M","M","R","E","M","B",null,"R","M","?","M","M","E","T","?","$","M","M","E","?","M","M","B",null,"R","M","M","M","M","M","T","E","?","M","?","M","M","E","M","B",null,"E","$","R","B","B",null],"character_chosen":"SLIMEBOUND","items_purchased":["Quantum Egg","Midas Touch","Membership Card","Shuriken","Slimebound:SpikyOuterGoop"],"campfire_rested":1,"item_purchase_floors":[28,55,55,55,55],"current_hp_per_floor":[71,69,71,71,71,71,57,47,47,42,37,37,24,14,38,16,17,9,86,86,88,88,87,79,52,52,52,54,54,62,49,49,24,25,13,144,154,132,128,112,126,156,156,144,147,153,109,98,112,118,117,160,207,174,177,177,185,137],"gold":22,"neow_bonus":"TEN_PERCENT_HP_BONUS","is_daily":false,"chose_seed":false,"campfire_upgraded":2,"win_rate":0.0,"timestamp":1614096016,"path_taken":["R","M","$","PTL","PTL","M","M","M","T","M","M","?","?","M","R","E","M","BOSS","R","M","?","M","M","E","T","?","$","M","M","E","?","M","M","BOSS","R","M","M","M","M","M","T","E","?","M","?","M","?","E","M","BOSS","E","$","R","BOSS","BOSS"],"items_purchased_type":["Relic","Card","Relic","Relic","Card"],"build_version":"2020-12-22","purchased_purges":2,"victory":true,"max_hp_per_floor":[71,71,71,71,71,71,71,74,74,77,83,83,83,83,83,83,83,86,86,86,90,90,94,98,109,109,109,112,118,125,128,128,131,138,144,144,154,157,169,172,175,181,181,184,187,190,193,196,199,207,207,207,207,220,223,223,223,223],"card_choices":[{"not_picked":["Slimebound:ItLooksTasty","Slimebound:PressTheAttack"],"picked":"Slimebound:SplitBruiser","floor":2},{"not_picked":["Slimebound:HauntingLick","Slimebound:FinishingTackle"],"picked":"Slimebound:SplitLeeching","floor":3},{"not_picked":["Slimebound:GoopTackle","Slimebound:RollThrough"],"picked":"Slimebound:MassFeed","floor":6},{"not_picked":["Slimebound:Grow","Slimebound:BestDefense"],"picked":"Slimebound:LevelUp","floor":7},{"not_picked":["Slimebound:FlameTackle","Slimebound:MegaLick"],"picked":"Slimebound:SpikyOuterGoop","floor":8},{"not_picked":["Slimebound:DisruptingSlam","Slimebound:RollThrough"],"picked":"Slimebound:LeechingTouch","floor":10},{"not_picked":["Slimebound:LeechingTouch","Slimebound:GoopTackle"],"picked":"Slimebound:Gluttony","floor":11},{"not_picked":["Slimebound:Schlurp","Slimebound:ItLooksTasty"],"picked":"Slimebound:MassFeed","floor":13},{"not_picked":["Slimebound:ItLooksTasty","Slimebound:LeechingTouch"],"picked":"Slimebound:LeechEnergy","floor":14},{"not_picked":["Slimebound:PressTheAttack","Slimebound:RejuvenatingLick"],"picked":"Slimebound:SlimeBrawl","floor":16},{"not_picked":["Slimebound:PressTheAttack","Slimebound:GoopSpray"],"picked":"Slimebound:Prepare","floor":17},{"not_picked":["Slimebound:FirmFortitude","Slimebound:DuplicatedForm"],"picked":"Slimebound:RallyTheTroops","floor":18},{"not_picked":["Slimebound:GoopTackle+1","Slimebound:TongueLash"],"picked":"Slimebound:RainOfGoop+1","floor":21},{"not_picked":["Slimebound:PressTheAttack","Slimebound:Prepare+1"],"picked":"Slimebound:Nibble","floor":23},{"not_picked":["Slimebound:AcidTongue","Slimebound:LeechEnergy+1"],"picked":"Slimebound:LeechingTouch","floor":24},{"not_picked":["Slimebound:Prepare+1","Slimebound:SelfFormingGoo"],"picked":"Slimebound:Replication+1","floor":25},{"not_picked":["Slimebound:DisruptingSlam","Slimebound:LeechingTouch"],"picked":"Slimebound:SplitMire","floor":28},{"not_picked":["Slimebound:BestDefense","Slimebound:RollThrough"],"picked":"Slimebound:LeechingTouch","floor":29},{"not_picked":["Slimebound:AcidTongue","Slimebound:Prepare+1"],"picked":"Slimebound:LeechingTouch","floor":30},{"not_picked":["Slimebound:Chomp","Slimebound:BestDefense"],"picked":"Slimebound:Replication","floor":31},{"not_picked":["Slimebound:BestDefense","Slimebound:Prepare"],"picked":"Slimebound:HauntingLick","floor":33},{"not_picked":["Slimebound:Schlurp","Slimebound:SplitAcid+1"],"picked":"Slimebound:SplitLeeching","floor":34},{"not_picked":["Slimebound:FirmFortitude","Slimebound:PrepareCrush"],"picked":"Slimebound:LeechLife","floor":35},{"not_picked":["Slimebound:SamplingLick","Slimebound:TongueLash"],"picked":"Slimebound:PressTheAttack","floor":38},{"not_picked":["Slimebound:DisruptingSlam","Slimebound:LivingWall"],"picked":"Slimebound:SplitLeeching+1","floor":39},{"not_picked":["Slimebound:SlimeBarrage+1","Slimebound:PressTheAttack"],"picked":"Slimebound:GoopSpray+1","floor":40},{"not_picked":["Slimebound:LeechingTouch+1","Slimebound:RollThrough+1"],"picked":"Slimebound:ComboTackle","floor":41},{"not_picked":["Slimebound:LeechingTouch","Slimebound:HauntingLick+1"],"picked":"Slimebound:SlimeBarrage+1","floor":42},{"not_picked":["Slimebound:Teamwork","Slimebound:LivingWall"],"picked":"Slimebound:SpikyOuterGoop+1","floor":44},{"not_picked":["Slimebound:AcidTongue","Slimebound:BestDefense"],"picked":"Slimebound:Schlurp+1","floor":46},{"not_picked":["Slimebound:LivingWall+1","Slimebound:Repurpose"],"picked":"Slimebound:LeadByExample+1","floor":47},{"not_picked":["Slimebound:GoopSpray","Slimebound:ProtectTheBoss"],"picked":"Slimebound:LeechEnergy+1","floor":48},{"not_picked":["Slimebound:Prepare+1","Slimebound:LeechingTouch+1"],"picked":"Slimebound:LeechEnergy","floor":49},{"not_picked":["Slimebound:GoopTackle","Slimebound:Schlurp+1"],"picked":"Slimebound:RejuvenatingLick+1","floor":50},{"not_picked":["Slimebound:FlameTackle+1","Slimebound:Chomp","Slimebound:Schlurp"],"picked":"SKIP","floor":51},{"not_picked":["Slimebound:RejuvenatingLick+1","Slimebound:FlameTackle"],"picked":"Slimebound:SplitMire","floor":54}],"player_experience":368955,"relics_obtained":[{"floor":9,"key":"Mercury Hourglass"},{"floor":16,"key":"Centennial Puzzle"},{"floor":25,"key":"Replay:Ringing Soul"},{"floor":31,"key":"Lantern"},{"floor":43,"key":"ReplayFunnel"},{"floor":44,"key":"Replay:Baseball"},{"floor":50,"key":"Durian"},{"floor":54,"key":"Pear"}],"event_choices":[],"is_beta":false,"boss_relics":[{"not_picked":["Tiny House","Replay:Ancient Bell"],"picked":"Ring of Chaos"},{"not_picked":["Kintsugi","Fusion Hammer"],"picked":"Coffee Dripper"}],"items_purged_floors":[3,55],"is_endless":false,"potions_floor_spawned":[8,10,11,14,17,18,23,24,25,30,38,41,44,49,51,54],"ascension_level":0}}