{"host":"ep8i7b8n5hbu63rl","time":1614066061,"event":{"mods":["AchievementEnabler","BaseMod","Colored Map","DeckTracker","Keyboard Shortcuts","Minty Spire (QoL Compilation)","Permanent Neow","Quick Restart","SuperFastMode"],"gold_per_floor":[211,223,223,2,20,20,46,66,119,119,135,163,176,40,40,141,191,203,220,235,246,246,277,297,311,387,312,312,312,312],"floor_reached":29,"language":"KOR","playtime":2288,"items_purged":["Strike_B","Strike_B"],"score":337,"play_id":"c9d5273a-6ab5-49c8-b16b-573b0aaac9f4","local_time":"20210223164101","is_ascension_mode":true,"campfire_choices":[{"data":"Zap","floor":6.0,"key":"SMITH"},{"data":"Dualcast","floor":10.0,"key":"SMITH"},{"floor":15.0,"key":"REST"},{"floor":28,"key":"REST"}],"circlet_count":0,"master_deck":["Defend_B","Defend_B","Defend_B","Zap+1","Dualcast+1","Ball Lightning+1","Electrodynamics","BootSequence","Seek","Sweeping Beam","Capacitor","Seek","Melter","Fission","Leap","Barrage","Leap+1","Amplify","Auto Shields+1","Conserve Battery","Rebound","Storm"],"relics":["Cracked Core","Frozen Eye","Sundial","Dream Catcher","Orichalcum","Tiny House","Cables","HornCleat"],"acts_visited":["Exordium","TheCity"],"potions_floor_usage":[25,25,25,25,25],"damage_taken":[{"damage":2.0,"enemies":"Jaw Worm","floor":1.0,"turns":3.0},{"damage":0.0,"enemies":"Cultist","floor":2.0,"turns":3.0},{"damage":0.0,"enemies":"Small Slimes","floor":5.0,"turns":3.0},{"damage":10.0,"enemies":"3 Sentries","floor":7.0,"turns":4.0},{"damage":3.0,"enemies":"Blue Slaver","floor":8.0,"turns":2.0},{"damage":0.0,"enemies":"Red Slaver","floor":11.0,"turns":2.0},{"damage":16.0,"enemies":"Gremlin Nob","floor":12.0,"turns":3.0},{"damage":0.0,"enemies":"3 Louse","floor":13.0,"turns":2.0},{"damage":35.0,"enemies":"The Guardian","floor":16.0,"turns":9.0},{"damage":4.0,"enemies":"Chosen","floor":18.0,"turns":5.0},{"damage":2.0,"enemies":"3 Byrds","floor":19.0,"turns":2.0},{"damage":10.0,"enemies":"Snecko","floor":20.0,"turns":4.0},{"damage":9.0,"enemies":"Snake Plant","floor":21.0,"turns":4.0},{"damage":39.0,"enemies":"Gremlin Leader","floor":23.0,"turns":7.0},{"damage":8.0,"enemies":"Cultist and Chosen","floor":24.0,"turns":6.0},{"damage":0,"enemies":"Snecko","floor":25,"turns":4},{"damage":40,"enemies":"Slavers","floor":29,"turns":3}],"seed_played":"-5136076395470508460","potions_obtained":[{"floor":1.0,"key":"EntropicBrew"},{"floor":5.0,"key":"Regen Potion"},{"floor":11.0,"key":"SteroidPotion"},{"floor":12.0,"key":"Dexterity Potion"},{"floor":21.0,"key":"Swift Potion"},{"floor":25,"key":"SkillPotion"}],"is_trial":false,"path_per_floor":["M","M","?","$","M","R","E","M","T","R","M","E","M","$","R","B",null,"M","M","M","M","?","E","M","M","T","?","R","E"],"character_chosen":"DEFECT","items_purchased":["Frozen Eye","Melter"],"campfire_rested":2,"item_purchase_floors":[4,14],"current_hp_per_floor":[66,66,66,66,66,66,56,53,53,53,53,37,37,37,59,24,67,63,61,51,42,42,3,10,10,10,10,34,0,0],"gold":312,"neow_bonus":"HUNDRED_GOLD","is_daily":false,"chose_seed":false,"campfire_upgraded":2,"win_rate":0.0,"timestamp":1614066061,"path_taken":["M","M","?","$","M","R","E","M","T","R","M","E","?","$","R","BOSS","M","M","M","M","?","E","M","M","T","?","R","E"],"items_purchased_type":["Relic","Card"],"build_version":"2020-12-22","purchased_purges":2,"victory":false,"max_hp_per_floor":[75,75,75,75,75,75,75,75,75,75,75,75,75,75,75,75,80,80,80,80,80,80,80,80,80,80,80,80,80,80],"card_choices":[{"not_picked":["Rebound","Beam Cell"],"picked":"Ball Lightning","floor":1.0},{"not_picked":["Coolheaded","Leap"],"picked":"Electrodynamics","floor":2.0},{"not_picked":["Go for the Eyes","Reinforced Body","Redo"],"picked":"SKIP","floor":5.0},{"not_picked":["Conserve Battery","FTL"],"picked":"BootSequence","floor":7.0},{"not_picked":["Ball Lightning","Compile Driver"],"picked":"Seek","floor":8.0},{"not_picked":["Leap","Coolheaded"],"picked":"Sweeping Beam","floor":11.0},{"not_picked":["Storm","Compile Driver"],"picked":"Capacitor","floor":12.0},{"not_picked":["FTL","Ball Lightning"],"picked":"Seek","floor":13.0},{"not_picked":["Seek","Hyperbeam"],"picked":"Fission","floor":16.0},{"not_picked":["Go for the Eyes","Sweeping Beam"],"picked":"Leap","floor":17.0},{"not_picked":["Steam","Hologram"],"picked":"Barrage","floor":18.0},{"not_picked":["Go for the Eyes+1","Redo"],"picked":"Leap+1","floor":19.0},{"not_picked":["Steam","Streamline"],"picked":"Amplify","floor":20.0},{"not_picked":["Tempest+1","Streamline+1"],"picked":"Auto Shields+1","floor":21.0},{"not_picked":["Skim","Barrage+1"],"picked":"Conserve Battery","floor":23.0},{"not_picked":["Steam+1","Gash"],"picked":"Rebound","floor":24.0},{"not_picked":["Static Discharge","Undo"],"picked":"Storm","floor":25}],"player_experience":168762,"relics_obtained":[{"floor":7.0,"key":"Sundial"},{"floor":9.0,"key":"Dream Catcher"},{"floor":12.0,"key":"Orichalcum"},{"floor":23.0,"key":"Cables"},{"floor":26,"key":"HornCleat"}],"event_choices":[{"cards_removed":["Strike_B"],"damage_healed":0.0,"max_hp_gain":0.0,"max_hp_loss":0.0,"gold_gain":0.0,"event_name":"Bonfire Elementals","player_choice":"Offered Basic","floor":3.0,"gold_loss":0.0,"damage_taken":0.0},{"cards_removed":["Strike_B"],"damage_healed":0.0,"max_hp_gain":0.0,"max_hp_loss":0.0,"gold_gain":0.0,"event_name":"Back to Basics","player_choice":"Elegance","floor":22.0,"gold_loss":0.0,"damage_taken":0.0},{"cards_removed":["Defend_B"],"damage_healed":0,"gold_gain":0,"player_choice":"Gave Gold","damage_taken":0,"max_hp_gain":0,"max_hp_loss":0,"event_name":"Beggar","floor":27,"gold_loss":75}],"is_beta":false,"boss_relics":[{"not_picked":["Ectoplasm","SlaversCollar"],"picked":"Tiny House"}],"items_purged_floors":[4,14],"is_endless":false,"potions_floor_spawned":[1,5,11,12,16,20,21,23,25],"killed_by":"Slavers","ascension_level":6}}