{"host":"oehe2dxjvdgux73m","time":1614102217,"event":{"mods":["AchievementEnabler","BaseMod","Colored Map","Colored Powertips","DeckTracker","Keyboard Shortcuts","Minty Spire (QoL Compilation)","Permanent Neow","Quick Restart","StSLib","SuperFastMode"],"gold_per_floor":[111,174,188,208,208,208,241,241,241,279,279,279,279],"floor_reached":12,"language":"KOR","playtime":199,"items_purged":[],"score":172,"play_id":"f17eec52-5b18-480d-8b18-62c64a979325","local_time":"20210224024337","is_ascension_mode":true,"campfire_choices":[{"data":"Predator","floor":6.0,"key":"SMITH"},{"floor":8.0,"key":"REST"},{"floor":11.0,"key":"REST"}],"circlet_count":0,"master_deck":["AscendersBane","Strike_G","Strike_G","Strike_G","Strike_G","Strike_G","Defend_G","Defend_G","Defend_G","Defend_G","Defend_G","Survivor","Neutralize","Predator+1","Acrobatics","Reflex","Underhanded Strike"],"relics":["Ring of the Snake","Nunchaku","Golden Idol","InkBottle","PreservedInsect","Vajra"],"acts_visited":["Exordium"],"potions_floor_usage":[],"damage_taken":[{"damage":4.0,"enemies":"Small Slimes","floor":1.0,"turns":4.0},{"damage":1.0,"enemies":"2 Louse","floor":3.0,"turns":3.0},{"damage":0.0,"enemies":"Cultist","floor":4.0,"turns":4.0},{"damage":38.0,"enemies":"Lagavulin","floor":7.0,"turns":7.0},{"damage":28.0,"enemies":"Gremlin Nob","floor":10.0,"turns":4.0},{"damage":28,"enemies":"Lagavulin","floor":12,"turns":5}],"seed_played":"2113087172136150518","potions_obtained":[{"floor":3.0,"key":"SteroidPotion"}],"is_trial":false,"path_per_floor":["M","?","M","M","?","R","E","R","T","E","R","E"],"character_chosen":"THE_SILENT","items_purchased":[],"campfire_rested":2,"item_purchase_floors":[],"current_hp_per_floor":[55,55,54,54,54,54,16,34,34,6,24,0,0],"gold":279,"neow_bonus":"RANDOM_COMMON_RELIC","is_daily":false,"chose_seed":false,"campfire_upgraded":1,"win_rate":0.0,"timestamp":1614102217,"path_taken":["M","?","M","M","?","R","E","R","T","E","R","E"],"items_purchased_type":[],"build_version":"2020-12-22","purchased_purges":0,"victory":false,"max_hp_per_floor":[66,66,66,66,60,60,60,60,60,60,60,60,60],"card_choices":[{"not_picked":["Dagger Throw","Bane"],"picked":"Predator","floor":1.0},{"not_picked":["Dagger Throw","Distraction"],"picked":"Acrobatics","floor":3.0},{"not_picked":["Sucker Punch","Bane"],"picked":"Reflex","floor":4.0},{"not_picked":["Reflex","Infinite Blades","Dagger Throw"],"picked":"SKIP","floor":7.0},{"not_picked":["Deadly Poison","Infinite Blades"],"picked":"Underhanded Strike","floor":10.0}],"player_experience":500517,"relics_obtained":[{"floor":7.0,"key":"InkBottle"},{"floor":9.0,"key":"PreservedInsect"},{"floor":10.0,"key":"Vajra"}],"event_choices":[{"damage_healed":0.0,"max_hp_gain":0.0,"max_hp_loss":0.0,"gold_gain":63.0,"event_name":"Golden Wing","player_choice":"Gained Gold","floor":2.0,"gold_loss":0.0,"damage_taken":0.0},{"damage_healed":0.0,"max_hp_gain":0.0,"max_hp_loss":6.0,"gold_gain":0.0,"event_name":"Golden Idol","player_choice":"Lose Max HP","floor":5.0,"gold_loss":0.0,"damage_taken":0.0,"relics_obtained":["Golden Idol"]}],"is_beta":false,"boss_relics":[],"items_purged_floors":[],"is_endless":false,"potions_floor_spawned":[3],"killed_by":"Lagavulin","ascension_level":20}}