{"host":"iv24d026eac8pm4e","time":1614120881,"event":{"mods":["BaseMod","Minty Spire (QoL Compilation)"],"gold_per_floor":[109,109,259,269,344,371,371,371,371,390,27,27,39,52,52,127,127,144,157,174,19,19,19],"floor_reached":22,"language":"ENG","playtime":732,"items_purged":["Doubt"],"score":422,"play_id":"0168b963-f2aa-4dbb-b019-65d1a9d99036","local_time":"20210223145441","is_ascension_mode":true,"campfire_choices":[{"data":"Footwork","floor":8,"key":"SMITH"},{"floor":12,"key":"REST"},{"data":"Skewer","floor":15,"key":"SMITH"}],"circlet_count":0,"master_deck":["AscendersBane","Strike_G","Strike_G","Strike_G","Defend_G","Defend_G","Defend_G","Defend_G","Defend_G+1","Survivor","Neutralize+1","Skewer+1","Footwork+1","Bouncing Flask+1","Unload","PiercingWail","Venomology","Noxious Fumes","Sucker Punch+1","All Out Attack+1","Corpse Explosion"],"relics":["Ring of the Snake","NeowsBlessing","Mercury Hourglass","Tiny Chest","Molten Egg 2","Empty Cage"],"acts_visited":["Exordium","TheCity"],"potions_floor_usage":[16,16,19,19,22,22,22],"damage_taken":[{"damage":0,"enemies":"Cultist","floor":1,"turns":1},{"damage":0,"enemies":"Small Slimes","floor":4,"turns":1},{"damage":0,"enemies":"Lagavulin","floor":6,"turns":1},{"damage":1,"enemies":"Jaw Worm","floor":10,"turns":2},{"damage":1,"enemies":"Blue Slaver","floor":13,"turns":3},{"damage":0,"enemies":"Looter","floor":14,"turns":3},{"damage":29,"enemies":"Slime Boss","floor":16,"turns":9},{"damage":18,"enemies":"Spheric Guardian","floor":18,"turns":6},{"damage":0,"enemies":"Chosen","floor":19,"turns":3},{"damage":22,"enemies":"Centurion and Healer","floor":20,"turns":8},{"damage":26,"enemies":"Shelled Parasite and Fungi","floor":22,"turns":6}],"seed_played":"-8594756872346837345","potions_obtained":[{"floor":1,"key":"EssenceOfSteel"},{"floor":4,"key":"DuplicationPotion"},{"floor":13,"key":"SteroidPotion"},{"floor":18,"key":"BlessingOfTheForge"}],"is_trial":false,"path_per_floor":["M","?","?","M","?","E","?","R","T","M","$","R","M","M","R","B",null,"M","M","M","$","M"],"character_chosen":"THE_SILENT","items_purchased":["Molten Egg 2","Corpse Explosion"],"campfire_rested":1,"item_purchase_floors":[11,21],"current_hp_per_floor":[59,39,39,39,28,28,28,28,28,27,27,46,45,45,45,16,54,36,36,14,14,0,0],"gold":19,"neow_bonus":"THREE_ENEMY_KILL","is_daily":false,"chose_seed":false,"campfire_upgraded":2,"win_rate":0.0,"timestamp":1614120881,"path_taken":["M","?","?","?","?","E","?","R","T","M","$","R","M","M","R","BOSS","M","M","M","?","M"],"items_purchased_type":["Relic","Card"],"build_version":"2020-12-22","purchased_purges":1,"victory":false,"max_hp_per_floor":[66,66,66,66,66,66,66,66,66,66,66,66,66,66,66,66,66,66,66,66,66,66,66],"card_choices":[{"not_picked":["Prepared","Dagger Spray"],"picked":"Skewer","floor":1},{"not_picked":["Bane","Cloak And Dagger"],"picked":"Footwork","floor":4},{"not_picked":["Footwork","Dagger Throw"],"picked":"Bouncing Flask","floor":6},{"not_picked":["Concentrate","Backflip"],"picked":"Unload","floor":10},{"not_picked":["Outmaneuver","Slice+1"],"picked":"PiercingWail","floor":13},{"not_picked":["Accuracy","Deflect","Sucker Punch+1"],"picked":"SKIP","floor":14},{"not_picked":["Storm of Steel","Grand Finale+1"],"picked":"Venomology","floor":16},{"not_picked":["Endless Agony+1","All Out Attack+1"],"picked":"Noxious Fumes","floor":18},{"not_picked":["Riddle With Holes+1","Expertise"],"picked":"Sucker Punch+1","floor":19},{"not_picked":["Slice+1","Backflip"],"picked":"All Out Attack+1","floor":20}],"player_experience":2614347,"relics_obtained":[{"floor":6,"key":"Mercury Hourglass"},{"floor":9,"key":"Tiny Chest"}],"event_choices":[{"damage_healed":0,"gold_gain":0,"player_choice":"Entered Light","damage_taken":20,"max_hp_gain":0,"max_hp_loss":0,"event_name":"Shining Light","floor":2,"gold_loss":0,"cards_upgraded":["Neutralize","Defend_G"]},{"damage_healed":0,"gold_gain":150,"player_choice":"AGREE","damage_taken":0,"max_hp_gain":0,"max_hp_loss":0,"event_name":"Liars Game","floor":3,"gold_loss":0,"cards_obtained":["Doubt"]},{"damage_healed":0,"gold_gain":75,"player_choice":"Gather Gold","damage_taken":11,"max_hp_gain":0,"max_hp_loss":0,"event_name":"World of Goop","floor":5,"gold_loss":0},{"damage_healed":0,"gold_gain":0,"player_choice":"Upgraded","damage_taken":0,"max_hp_gain":0,"max_hp_loss":0,"event_name":"Upgrade Shrine","floor":7,"gold_loss":0,"cards_upgraded":["Bouncing Flask"]}],"is_beta":false,"boss_relics":[{"not_picked":["Runic Dome","Sozu"],"picked":"Empty Cage"}],"items_purged_floors":[11],"is_endless":false,"potions_floor_spawned":[1,4,13,18],"killed_by":"Shelled Parasite and Fungi","ascension_level":20}}