{"host":"fanbhphodrg87rgt","time":1614086046,"event":{"mods":["Astrologer","BaseMod","Colored Powertips","Fiend Mod","Friendly Minions","Infinite Spire","Marisa????????","Minty Spire (QoL Compilation)","Replay The Spire","StSLib","Td1madao Mod","The Administrix","The Hierophant","The Mystic","The Servant 0.9.4"],"gold_per_floor":[117,117,131,56,70,102,102,122,148,166,191,201,201,51,51,154,154,167,182,182,182,192,192,220,220,268,279,279,298,298,330,330,448,448,493,493,190,213,213,213,245,245,245,245,293,293,203,233,233,233],"floor_reached":51,"language":"ENG","playtime":5736,"items_purged":["Black Shadow","Reflection Mechanism"],"score":1208,"play_id":"64686387-56cb-453e-9c2a-b954e5d2c63e","local_time":"20210223141406","daily_mods":["Draft"],"is_ascension_mode":true,"campfire_choices":[{"data":"astrologer:Moonlight","floor":13,"key":"SMITH"},{"data":"AdministrixMod:TouchOfCinnabar","floor":15,"key":"SMITH"},{"data":"Singularity","floor":23,"key":"SMITH"},{"data":"astrologer:SpaceDust","floor":25,"key":"SMITH"},{"data":"AdministrixMod:SipOfSparks","floor":28,"key":"SMITH"},{"data":"Preparedness","floor":32,"key":"SMITH"},{"data":"OortCloud","floor":40,"key":"SMITH"},{"data":"AdministrixMod:PlateOfAntiquity","floor":42,"key":"SMITH"},{"data":"MagicChant","floor":44,"key":"SMITH"},{"data":"Here Defend Chip","floor":49,"key":"SMITH"}],"circlet_count":0,"master_deck":["AdministrixMod:Untouchable","astrologer:MeteorShower","hierophant:Alms","AdministrixMod:TouchOfCinnabar+1","hierophant:ThreeLashes","astrologer:Conjunction","UnstableBomb","MagicChant+1","AdministrixMod:SipOfSparks+1","astrologer:SpaceDust+1","AdministrixMod:ExtolVirtue","astrologer:Conjunction","astrologer:Moonlight+1","astrologer:MeteorShower","Preparedness+1","AdministrixMod:FaithfulFlames","Here Defend Chip","Singularity+1","astrologer:Glimpse+1","Here Defend Chip+1","OortCloud+1","AdministrixMod:PlateOfAntiquity+1","Specialist"],"relics":["Apod","Ring of Chaos","Boot","Replay:Rubber Ducky","ReplayTheSpireMod:Lightbulb","SlaversCollar","Gambling Chip","Girl Clothes","Lsj Skin","WingedGreaves","infinitespire:EvilPickle","Bird Faced Urn","Potion Belt","Replay:Baseball"],"acts_visited":["Exordium","TheCity","TheBeyond"],"potions_floor_usage":[8,11,19,50],"damage_taken":[{"damage":0,"enemies":"Cultist","floor":1,"turns":3},{"damage":0,"enemies":"Small Slimes","floor":3,"turns":3},{"damage":0,"enemies":"infinitespire:Voidling","floor":5,"turns":3},{"damage":0,"enemies":"Lagavulin","floor":6,"turns":5},{"damage":8,"enemies":"Exordium Thugs","floor":8,"turns":3},{"damage":0,"enemies":"Exordium Wildlife","floor":10,"turns":2},{"damage":6,"enemies":"Gremlin Nob","floor":11,"turns":3},{"damage":0,"enemies":"3 Louse","floor":12,"turns":1},{"damage":0,"enemies":"The Guardian","floor":16,"turns":8},{"damage":0,"enemies":"3 Byrds","floor":18,"turns":4},{"damage":0,"enemies":"Shell Parasite","floor":19,"turns":3},{"damage":0,"enemies":"Snecko","floor":22,"turns":5},{"damage":0,"enemies":"Slavers","floor":24,"turns":3},{"damage":0,"enemies":"Snake Plant","floor":27,"turns":5},{"damage":0,"enemies":"Centurion and Healer","floor":29,"turns":4},{"damage":0,"enemies":"Book of Stabbing","floor":31,"turns":5},{"damage":0,"enemies":"Pondfish","floor":33,"turns":9},{"damage":7,"enemies":"3 Darklings","floor":35,"turns":5},{"damage":0,"enemies":"Orb Walker","floor":38,"turns":6},{"damage":1,"enemies":"Writhing Mass","floor":41,"turns":10},{"damage":12,"enemies":"Nemesis","floor":45,"turns":6},{"damage":0,"enemies":"4 Shapes","floor":48,"turns":5},{"damage":4,"enemies":"Time Eater","floor":50,"turns":6}],"seed_played":"-109047009929124603","potions_obtained":[{"floor":1,"key":"infinitespire:BlackPotion"},{"floor":3,"key":"Weak Potion"},{"floor":6,"key":"FearPotion"},{"floor":12,"key":"Block Potion"},{"floor":16,"key":"AttackPotion"},{"floor":19,"key":"Strength Potion"},{"floor":24,"key":"Regen Potion"},{"floor":45,"key":"SneckoOil"},{"floor":48,"key":"ColorlessPotion"}],"is_trial":true,"path_per_floor":["M","?","M","$","M","E","?","M","T","M","E","M","R","$","R","B",null,"M","M","?","T","M","R","E","R","T","M","R","M","?","E","R","B",null,"M","?","$","M","?","R","M","R","T","R","E","?","$","M","R","B",null],"character_chosen":"TD1MADAO_CLASS","items_purchased":["Here Defend Chip","Bird Faced Urn","Specialist"],"campfire_rested":0,"item_purchase_floors":[14,37,47],"current_hp_per_floor":[70,70,70,70,70,70,70,62,62,62,56,56,56,56,56,56,70,70,70,70,70,70,70,70,70,70,70,70,70,70,70,70,70,70,63,63,63,70,70,70,70,70,70,70,60,60,60,70,70,70],"gold":233,"neow_bonus":"","is_daily":false,"chose_seed":false,"campfire_upgraded":10,"win_rate":0.0,"timestamp":1614086046,"path_taken":["M","?","M","$","M","E","?","?","T","M","E","M","R","?","R","BOSS","M","?","?","?","M","R","E","R","T","M","R","M","?","E","R","BOSS","M","?","$","M","?","R","M","R","T","R","E","?","?","?","R","BOSS"],"items_purchased_type":["Card","Relic","Card"],"build_version":"2020-12-22","purchased_purges":2,"victory":true,"max_hp_per_floor":[70,70,70,70,70,70,70,70,70,70,70,70,70,70,70,70,70,70,70,70,70,70,70,70,70,70,70,70,70,70,70,70,70,70,70,70,70,70,70,70,70,70,70,70,70,70,70,70,70,70],"card_choices":[{"not_picked":["hierophant:PassingBell","astrologer:CometStrike"],"picked":"AdministrixMod:Untouchable","floor":0},{"not_picked":["Paralysis","SporeBomb"],"picked":"Black Shadow","floor":0},{"not_picked":["hierophant:OrnateJavelin","AdministrixMod:SyncreticSurge"],"picked":"astrologer:MeteorShower","floor":0},{"not_picked":["hierophant:Martyrdom","Cursed Blade"],"picked":"hierophant:Alms","floor":0},{"not_picked":["hierophant:FlamingChariot","hierophant:Repentance"],"picked":"AdministrixMod:TouchOfCinnabar","floor":0},{"not_picked":["hierophant:SealAway","AdministrixMod:Transition"],"picked":"hierophant:ThreeLashes","floor":0},{"not_picked":["SprinkleStarSeal","MysteriousBeam"],"picked":"astrologer:Conjunction","floor":0},{"not_picked":["AdministrixMod:Katabasis","AdministrixMod:BegetEternity"],"picked":"UnstableBomb","floor":0},{"not_picked":["hierophant:AuricBeam","IllusionStar"],"picked":"MagicChant","floor":0},{"not_picked":["OortCloud","Here Defend Chip"],"picked":"AdministrixMod:SipOfSparks","floor":0},{"not_picked":["Here Defend Chip","hierophant:HammerAndAnvil"],"picked":"Reflection Mechanism","floor":0},{"not_picked":["astrologer:StarOfChange","hierophant:SealAway"],"picked":"AdministrixMod:DiversionaryTactic","floor":0},{"not_picked":["hierophant:SealAway","astrologer:TheTower"],"picked":"astrologer:SpaceDust","floor":0},{"not_picked":["astrologer:Eclipse","hierophant:Chorus"],"picked":"AdministrixMod:ExtolVirtue","floor":0},{"not_picked":["Revenge","hierophant:OrnateBuckler"],"picked":"astrologer:Conjunction","floor":0},{"not_picked":["hierophant:RepressedViolence","astrologer:Eclipse"],"picked":"astrologer:Moonlight","floor":1},{"not_picked":["Twin Teeth","AdministrixMod:PassageOfAges","hierophant:PristineSoul"],"picked":"SKIP","floor":3},{"not_picked":["Machining","astrologer:RejectReality"],"picked":"astrologer:MeteorShower","floor":5},{"not_picked":["DoubleSpark","AdministrixMod:NoblePath"],"picked":"Preparedness","floor":6},{"not_picked":["astrologer:TheHierophant","AdministrixMod:TrickOfTheLight","hierophant:Smite"],"picked":"SKIP","floor":8},{"not_picked":["AdministrixMod:Overdrive","hierophant:Doubloon","hierophant:Smite"],"picked":"SKIP","floor":10},{"not_picked":["astrologer:Judgement","hierophant:SealAway","MilkyWay"],"picked":"SKIP","floor":11},{"not_picked":["astrologer:TheHermit","DC"],"picked":"AdministrixMod:FaithfulFlames","floor":12},{"not_picked":["ChargeUpSpray","WitchOfGreed"],"picked":"Singularity","floor":18},{"not_picked":["astrologer:CometStrike+1","6A"],"picked":"astrologer:Glimpse+1","floor":19},{"not_picked":["hierophant:Remorse+1","astrologer:Confirmation","Fixing+1"],"picked":"SKIP","floor":22},{"not_picked":["astrologer:RejectReality","SuperPerseids+1","AdministrixMod:BloodlessSapphire"],"picked":"SKIP","floor":24},{"not_picked":["hierophant:MirrorShield","De Ware Chip","Preloading"],"picked":"SKIP","floor":27},{"not_picked":["Twin Teeth","hierophant:AuricBeam","Sudden Beat+1"],"picked":"SKIP","floor":29},{"not_picked":["SuperNova","hierophant:SolarFlare","astrologer:FrozenStar"],"picked":"SKIP","floor":31},{"not_picked":["SuperNova","hierophant:SolarFlare","astrologer:FrozenStar"],"picked":"SKIP","floor":31},{"not_picked":["AdministrixMod:Overdrive","astrologer:Conjunction"],"picked":"OortCloud","floor":35},{"not_picked":["AdministrixMod:RegentEdict+1","Machining"],"picked":"AdministrixMod:PlateOfAntiquity","floor":38},{"not_picked":["OpenUniverse","Three Hit+1","Machining"],"picked":"SKIP","floor":41},{"not_picked":["astrologer:StarOfChange+1","AbsoluteMagnitude","AdministrixMod:TrickOfTheLight+1"],"picked":"SKIP","floor":45},{"not_picked":["astrologer:Opposition","Black Execution+1","Floating Swing Kick+1"],"picked":"SKIP","floor":48}],"player_experience":4816000,"relics_obtained":[{"floor":6,"key":"Boot"},{"floor":9,"key":"Replay:Rubber Ducky"},{"floor":11,"key":"ReplayTheSpireMod:Lightbulb"},{"floor":21,"key":"Gambling Chip"},{"floor":24,"key":"Girl Clothes"},{"floor":26,"key":"Lsj Skin"},{"floor":31,"key":"WingedGreaves"},{"floor":43,"key":"Potion Belt"},{"floor":45,"key":"Replay:Baseball"}],"event_choices":[{"cards_removed":["AdministrixMod:DiversionaryTactic"],"damage_healed":5,"gold_gain":0,"player_choice":"Offered Common","damage_taken":0,"max_hp_gain":0,"max_hp_loss":0,"event_name":"Bonfire Elementals","floor":7,"gold_loss":0},{"cards_removed":["AdministrixMod:DiversionaryTactic"],"damage_healed":5,"gold_gain":0,"player_choice":"Offered Special","damage_taken":0,"max_hp_gain":0,"max_hp_loss":0,"event_name":"Bonfire Elementals","floor":7,"gold_loss":0},{"damage_healed":0,"gold_gain":0,"player_choice":"Read","damage_taken":0,"max_hp_gain":0,"max_hp_loss":0,"event_name":"The Library","floor":30,"gold_loss":0,"cards_obtained":["Here Defend Chip"]},{"damage_healed":0,"gold_gain":0,"player_choice":"Memory 1","damage_taken":0,"max_hp_gain":0,"max_hp_loss":0,"event_name":"SensoryStone","floor":39,"gold_loss":0}],"is_beta":false,"boss_relics":[{"not_picked":["Busted Crown","ChewingGum"],"picked":"SlaversCollar"},{"not_picked":["Cursed Key","Astrolabe","Velvet Choker"]}],"items_purged_floors":[4,14],"is_endless":false,"potions_floor_spawned":[1,3,6,12,16,18,19,24,29,31,38,45,48],"ascension_level":1}}