{"host":"mi0eibewekhugwl1","time":1614080601,"event":{"mods":["AchievementEnabler","BaseMod","Colored Map","Colored Powertips","DeckTracker","Keyboard Shortcuts","Minty Spire (QoL Compilation)","Quick Restart","Rare Cards Sparkle","Relic Stats","StSLib","SuperFastMode","everything is the same but u backflip on backflip"],"gold_per_floor":[118,28,54,14,26,57,73,99,99,99,249,25,58,133,133,207,207,219,219,219,39,39,39,58,58,58,38,52,65,65,65,65,136,136,148,23,39,39,51,51,51],"floor_reached":40,"language":"KOR","playtime":696,"items_purged":["Doubt","Decay","Strike_G"],"score":850,"play_id":"26489f90-b26b-4c51-8b56-cddf9a2942da","local_time":"20210223204321","is_ascension_mode":true,"campfire_choices":[{"data":"Cloak And Dagger","floor":10.0,"key":"SMITH"},{"data":"Glass Knife","floor":15.0,"key":"SMITH"},{"data":"A Thousand Cuts","floor":23,"key":"SMITH"},{"floor":25,"key":"REST"},{"data":"Footwork","floor":30,"key":"SMITH"},{"floor":32,"key":"REST"}],"circlet_count":0,"master_deck":["AscendersBane","Strike_G+1","Strike_G","Strike_G","Strike_G+1","Defend_G","Defend_G","Defend_G","Defend_G","Defend_G","Survivor","Neutralize","Flying Knee","Footwork+1","Infinite Blades","Cloak And Dagger+1","Glass Knife+1","Masterful Stab","A Thousand Cuts+1","Choke","Accuracy","Endless Agony+1","Cloak And Dagger","Phantasmal Killer","Dagger Throw","Deflect+1"],"relics":["Ring of the Snake","NeowsBlessing","Whetstone","Nunchaku","Kunai","Bag of Marbles","Lizard Tail","Sozu","Regal Pillow","Mummified Hand","Runic Pyramid"],"acts_visited":["Exordium","TheCity","TheBeyond"],"potions_floor_usage":[16],"damage_taken":[{"damage":0.0,"enemies":"Cultist","floor":1.0,"turns":1.0},{"damage":0.0,"enemies":"Jaw Worm","floor":5.0,"turns":1.0},{"damage":0.0,"enemies":"Gremlin Nob","floor":6.0,"turns":1.0},{"damage":0.0,"enemies":"Small Slimes","floor":7.0,"turns":3.0},{"damage":6.0,"enemies":"3 Sentries","floor":8.0,"turns":11.0},{"damage":30.0,"enemies":"Lagavulin","floor":13.0,"turns":6.0},{"damage":46,"enemies":"Slime Boss","floor":16,"turns":11},{"damage":13,"enemies":"3 Byrds","floor":18,"turns":5},{"damage":1,"enemies":"Chosen","floor":24,"turns":4},{"damage":0,"enemies":"3 Cultists","floor":28,"turns":3},{"damage":27,"enemies":"Snecko","floor":29,"turns":5},{"damage":59,"enemies":"Automaton","floor":33,"turns":10},{"damage":3,"enemies":"3 Shapes","floor":35,"turns":5},{"damage":3,"enemies":"Orb Walker","floor":37,"turns":3},{"damage":4,"enemies":"Sphere and 2 Shapes","floor":39,"turns":3},{"damage":50,"enemies":"Reptomancer","floor":40,"turns":5}],"seed_played":"-1315035822701825469","potions_obtained":[{"floor":6.0,"key":"EssenceOfSteel"},{"floor":7.0,"key":"Explosive Potion"}],"is_trial":false,"path_per_floor":["M","$","T","$","M","E","M","E","T","R","?","$","E","?","R","B",null,"M","?","?","$","?","R","M","R","T","?","M","M","R","T","R","B",null,"M","$","M","?","M","E"],"character_chosen":"THE_SILENT","items_purchased":["Footwork","Infinite Blades","Glass Knife","Accuracy"],"campfire_rested":2,"item_purchase_floors":[2,4,12,21],"current_hp_per_floor":[59,59,59,59,59,59,59,53,53,53,53,53,23,12,12,13,53,40,40,40,40,40,40,39,58,58,58,58,31,31,31,65,6,51,48,48,45,45,41,0,0],"gold":51,"neow_bonus":"THREE_ENEMY_KILL","is_daily":false,"chose_seed":false,"campfire_upgraded":4,"win_rate":0.0,"timestamp":1614080601,"path_taken":["M","$","?","?","M","E","?","E","T","R","?","$","E","?","R","BOSS","M","?","?","$","?","R","M","R","T","?","M","?","R","?","R","BOSS","M","$","M","?","M","E"],"items_purchased_type":["Card","Card","Card","Card"],"build_version":"2020-12-22","purchased_purges":3,"victory":false,"max_hp_per_floor":[66,66,66,66,66,66,66,66,66,66,66,66,66,66,66,66,66,66,66,66,66,66,66,66,66,66,66,66,66,66,66,66,66,66,66,66,66,63,63,63,63],"relic_stats":{"Sozu":4,"Nunchaku":[21],"Lizard Tail":33,"Regal Pillow":15,"counters":[16,77],"Mummified Hand":[16],"Whetstone":["Strike_G","Strike_G"],"Kunai":[45],"obtain_stats":[{"Sozu":17,"Nunchaku":6,"Lizard Tail":13,"Regal Pillow":26,"NeowsBlessing":0,"Mummified Hand":31,"Bag of Marbles":9,"Whetstone":3,"Kunai":8,"Ring of the Snake":0,"Runic Pyramid":34},{"Sozu":7,"Nunchaku":3,"Lizard Tail":6,"Regal Pillow":9,"NeowsBlessing":0,"Mummified Hand":11,"Bag of Marbles":5,"Whetstone":1,"Kunai":5,"Ring of the Snake":0,"Runic Pyramid":12},{"Sozu":34,"Nunchaku":3,"Lizard Tail":23,"Regal Pillow":43,"NeowsBlessing":0,"Mummified Hand":51,"Bag of Marbles":17,"Whetstone":1,"Kunai":17,"Ring of the Snake":0,"Runic Pyramid":61}],"Ring of the Snake":[33]},"card_choices":[{"not_picked":["Slice","Eviscerate"],"picked":"Flying Knee","floor":1.0},{"not_picked":["Dodge and Roll","Infinite Blades","Acrobatics"],"picked":"SKIP","floor":5.0},{"not_picked":["Dodge and Roll","Deflect","Sucker Punch"],"picked":"SKIP","floor":6.0},{"not_picked":["Distraction","Deflect","Flying Knee"],"picked":"SKIP","floor":7.0},{"not_picked":["Malaise","Bullet Time"],"picked":"Cloak And Dagger","floor":8.0},{"not_picked":["Footwork","Dodge and Roll"],"picked":"Masterful Stab","floor":13.0},{"not_picked":["Burst","Envenom"],"picked":"A Thousand Cuts","floor":16},{"not_picked":["Prepared","Tactician"],"picked":"Choke","floor":18},{"not_picked":["Concentrate","Distraction","Poisoned Stab"],"picked":"SKIP","floor":24},{"not_picked":["Outmaneuver","Calculated Gamble+1"],"picked":"Endless Agony+1","floor":28},{"not_picked":["Finisher","Prepared"],"picked":"Cloak And Dagger","floor":29},{"not_picked":["Tools of the Trade","Venomology"],"picked":"Phantasmal Killer","floor":33},{"not_picked":["Deadly Poison","Poisoned Stab"],"picked":"Dagger Throw","floor":35},{"not_picked":["Dagger Spray","Slice","Dash"],"picked":"SKIP","floor":37},{"not_picked":["Underhanded Strike+1","Quick Slash"],"picked":"Deflect+1","floor":39}],"player_experience":1819580,"relics_obtained":[{"floor":3.0,"key":"Whetstone"},{"floor":6.0,"key":"Nunchaku"},{"floor":8.0,"key":"Kunai"},{"floor":9.0,"key":"Bag of Marbles"},{"floor":13.0,"key":"Lizard Tail"},{"floor":26,"key":"Regal Pillow"},{"floor":31,"key":"Mummified Hand"}],"event_choices":[{"damage_healed":0.0,"max_hp_gain":0.0,"max_hp_loss":0.0,"gold_gain":150.0,"event_name":"Liars Game","player_choice":"AGREE","floor":11.0,"gold_loss":0.0,"damage_taken":0.0,"cards_obtained":["Doubt"]},{"damage_healed":0.0,"max_hp_gain":0.0,"max_hp_loss":0.0,"gold_gain":75.0,"event_name":"World of Goop","player_choice":"Gather Gold","floor":14.0,"gold_loss":0.0,"damage_taken":11.0},{"damage_healed":0,"gold_gain":0,"player_choice":"Smashed Altar","damage_taken":0,"max_hp_gain":0,"max_hp_loss":0,"event_name":"Forgotten Altar","floor":19,"gold_loss":0,"cards_obtained":["Decay"]},{"damage_healed":0,"gold_gain":0,"player_choice":"Ignored","damage_taken":0,"max_hp_gain":0,"max_hp_loss":0,"event_name":"The Mausoleum","floor":20,"gold_loss":0},{"damage_healed":0,"gold_gain":0,"player_choice":"Bought 1 Potion","damage_taken":0,"max_hp_gain":0,"max_hp_loss":0,"event_name":"The Woman in Blue","floor":27,"gold_loss":0},{"damage_healed":0,"gold_gain":0,"player_choice":"Max HP","damage_taken":0,"max_hp_gain":0,"max_hp_loss":3,"event_name":"Winding Halls","floor":38,"gold_loss":0}],"is_beta":false,"boss_relics":[{"not_picked":["Pandora\u0027s Box","SlaversCollar"],"picked":"Sozu"},{"not_picked":["Fusion Hammer","Philosopher\u0027s Stone"],"picked":"Runic Pyramid"}],"items_purged_floors":[12,21,36],"is_endless":false,"potions_floor_spawned":[6,7,24,28,29],"killed_by":"Reptomancer","ascension_level":20}}