{"host":"mijx6czmnk03eucy","time":1614082847,"event":{"mods":["A Penny For Your Troubles","Act Like it!","Aspiration","BaseMod","Better Altar","Better Debug","Better Skull","Better Third Choice","Better-Laid Plans","BetterRewards","Bossed Relics","Colored Map","Colored Powertips","Conspire","Curses Come First","Disable Question Mark Monsters","Displayed Cursed Tome","Dota2Spire","Energized Spire","Evolution","Extra Virgin Snecko Oil","Force Act Four","Fox Events","GifTheSpireLib","Googly Eyes","Hubris","Infinite Spire","Jedi Mod","Mimic Mod","Minty Spire (QoL Compilation)","Quick Restart","Rare Cards Sparkle","Relic Filter","Relic Stats","Reliquary","Replay The Spire","Ruina","SacredBarkPlus","Smile Girya","Spicy Shops","Spire Arcade","StS++","StSLib","Stuff the Spire","The Blue Laboratory","Uncapped","Wandering Minibosses","Wide Potions","??????REMEMod"],"gold_per_floor":[117,117,117,117,135,135,164,239,288,288,306,306,319,334,334,439,439,457,457,467,499,4,37,37,64,135,135,135],"floor_reached":27,"language":"ENG","playtime":1023,"items_purged":["Strike_R"],"score":420,"play_id":"e6fcbfab-e0e6-49bd-b667-fa6357240429","local_time":"20210223122047","is_ascension_mode":true,"campfire_choices":[{"data":"Bash","floor":6,"key":"SMITH"},{"data":"StuffTheSpire:Slingshot","floor":10,"key":"SMITH"},{"data":"REME_Scribble","floor":12,"key":"SMITH"},{"floor":24,"key":"REST"}],"circlet_count":0,"master_deck":["ReplayTheSpireMod:Strike From Hell","Strike_R","Strike_R","Defend_R","Defend_R","Defend_R","Defend_R","Bash+1","Predator","REME_Scribble+1","Hemokinesis","StuffTheSpire:Slingshot+1","Flex+1","REME_SingleHolding","REME_TheLastStrike","Limit Break","Armaments+1","REME_Scribble+1","Heavy Blade+1","Bloodletting","StuffTheSpire:RockThrow","StuffTheSpire:Slingshot+1"],"relics":["Burning Blood","StuffTheSpire:OccultApparatus","REME_ComplimentaryCards","NeowsBlessing","hubris:Towel","conspire:TopHat","Dota2Spire:PowerTreads","Black Star","Red Mask","hubris:EmptyBottle","hubris:ChampionShield","Paper Frog","Dota2Spire:ShadowBlade","reliquary:Spinner","Singing Bowl"],"acts_visited":["Exordium","TheCity"],"potions_floor_usage":[13,14,16,20,20,23,23,23,23,23,23],"damage_taken":[{"damage":0,"enemies":"Jaw Worm","floor":1,"turns":1},{"damage":0,"enemies":"Cultist","floor":5,"turns":1},{"damage":0,"enemies":"Gremlin Nob","floor":7,"turns":1},{"damage":2,"enemies":"2 Louse","floor":11,"turns":2},{"damage":8,"enemies":"Looter","floor":13,"turns":2},{"damage":12,"enemies":"Exordium Wildlife","floor":14,"turns":5},{"damage":54,"enemies":"The Guardian","floor":16,"turns":7},{"damage":28,"enemies":"Spheric Guardian","floor":18,"turns":4},{"damage":3,"enemies":"Chosen","floor":20,"turns":3},{"damage":57,"enemies":"Masked Bandits","floor":21,"turns":4},{"damage":15,"enemies":"Gremlin Leader","floor":23,"turns":5},{"damage":44,"enemies":"Slavers","floor":25,"turns":6},{"damage":22,"enemies":"Shelled Parasite and Fungi","floor":27,"turns":3}],"seed_played":"4914078415883962779","potions_obtained":[{"floor":1,"key":"Weak Potion"},{"floor":13,"key":"Fire Potion"},{"floor":14,"key":"Strength Potion"},{"floor":16,"key":"EssenceOfSteel"},{"floor":18,"key":"Dota2Spire:Clarity"},{"floor":21,"key":"blueLaboratory:NullPotion"}],"is_trial":false,"path_per_floor":["M","?","?","?","M","R","E","?","T","R","M","R","M","M","R_BF","B",null,"M","?","M","?","$","E","R","E","T","M"],"character_chosen":"IRONCLAD","items_purchased":["hubris:EmptyBottle","blueLaboratory:TrueEctoplasm","blueLaboratory:SmithPotion","StuffTheSpire:RockThrow"],"campfire_rested":1,"item_purchase_floors":[22,22,22,22],"current_hp_per_floor":[78,78,78,78,80,80,80,69,69,69,73,73,74,71,86,41,77,58,58,64,19,19,19,52,20,20,0,0],"gold":135,"neow_bonus":"THREE_ENEMY_KILL","is_daily":false,"chose_seed":false,"campfire_upgraded":3,"win_rate":0.0,"timestamp":1614082847,"path_taken":["M","?","?","?","M","R","E","?","T","R","?","R","M","M","R_BF","BOSS","M","?","?","?","?","E","R","E","T","M"],"items_purchased_type":["Relic","Potion","Potion","Card"],"build_version":"2020-12-22","purchased_purges":1,"victory":false,"max_hp_per_floor":[80,80,80,80,80,80,80,80,80,80,80,80,83,86,86,89,89,92,92,95,101,101,110,110,116,116,116,116],"relic_stats":{"Singing Bowl":0,"counters":[13,44],"Black Star":2,"obtain_stats":[{"Dota2Spire:PowerTreads":9,"NeowsBlessing":0,"Singing Bowl":26,"Dota2Spire:ShadowBlade":25,"EVO:Axolotl":0,"reliquary:Spinner":25,"hubris:Towel":4,"hubris:EmptyBottle":22,"Burning Blood":0,"conspire:TopHat":7,"StuffTheSpire:OccultApparatus":3,"Black Star":17,"Red Mask":21,"hubris:ChampionShield":23,"REME_ComplimentaryCards":0,"Paper Frog":23},{"Dota2Spire:PowerTreads":3,"NeowsBlessing":0,"Singing Bowl":12,"Dota2Spire:ShadowBlade":12,"EVO:Axolotl":0,"reliquary:Spinner":12,"hubris:Towel":1,"hubris:EmptyBottle":10,"Burning Blood":0,"conspire:TopHat":3,"StuffTheSpire:OccultApparatus":1,"Black Star":7,"Red Mask":10,"hubris:ChampionShield":11,"REME_ComplimentaryCards":0,"Paper Frog":11},{"Dota2Spire:PowerTreads":3,"NeowsBlessing":0,"Singing Bowl":41,"Dota2Spire:ShadowBlade":41,"EVO:Axolotl":0,"reliquary:Spinner":41,"hubris:Towel":1,"hubris:EmptyBottle":30,"Burning Blood":0,"conspire:TopHat":3,"StuffTheSpire:OccultApparatus":1,"Black Star":19,"Red Mask":30,"hubris:ChampionShield":35,"REME_ComplimentaryCards":0,"Paper Frog":35}],"Burning Blood":62},"card_choices":[{"not_picked":["REME_FearOfPain","Massacre"],"picked":"REME_Scribble","floor":1},{"not_picked":["Entrench","StuffTheSpire:BloodClot"],"picked":"Hemokinesis","floor":5},{"not_picked":["Run Through","conspire:HitWhereItHurts"],"picked":"StuffTheSpire:Slingshot","floor":7},{"not_picked":["Clothesline","Abandon"],"picked":"Flex","floor":11},{"not_picked":["Flex","Havoc"],"picked":"REME_SingleHolding","floor":13},{"not_picked":["conspire:Charge","Cleave"],"picked":"REME_TheLastStrike","floor":14},{"not_picked":["Fiend Fire","Double Tap"],"picked":"Limit Break","floor":16},{"not_picked":["hubris:ReadiedAction","Warcry"],"picked":"Armaments+1","floor":18},{"not_picked":["Clash","StuffTheSpire:Incineration+1"],"picked":"Heavy Blade+1","floor":20},{"not_picked":["Iron Wave","Clash"],"picked":"Bloodletting","floor":21},{"not_picked":["ReplayTheSpireMod:Strike From Hell","Hemogenesis"],"picked":"StuffTheSpire:Slingshot+1","floor":23},{"not_picked":["StuffTheSpire:Slingshot","StSpp:TheBiggerTheyAre","StuffTheSpire:Incineration"],"picked":"SKIP","floor":25}],"player_experience":782445,"relics_obtained":[{"floor":7,"key":"conspire:TopHat"},{"floor":9,"key":"Dota2Spire:PowerTreads"},{"floor":21,"key":"Red Mask"},{"floor":23,"key":"hubris:ChampionShield"},{"floor":23,"key":"Paper Frog"},{"floor":25,"key":"Dota2Spire:ShadowBlade"},{"floor":25,"key":"reliquary:Spinner"},{"floor":26,"key":"Singing Bowl"}],"event_choices":[{"cards_removed":["Strike_R"],"damage_healed":0,"gold_gain":0,"player_choice":"Purged","damage_taken":0,"max_hp_gain":0,"max_hp_loss":0,"event_name":"Purifier","floor":2,"gold_loss":0},{"damage_healed":0,"gold_gain":75,"player_choice":"Gold","damage_taken":11,"max_hp_gain":0,"max_hp_loss":0,"event_name":"betterThird:BetterGoop","floor":8,"gold_loss":0},{"damage_healed":0,"gold_gain":0,"player_choice":"Copied","damage_taken":0,"max_hp_gain":0,"max_hp_loss":0,"event_name":"Duplicator","floor":19,"gold_loss":0,"cards_obtained":["REME_Scribble"]},{"damage_healed":0,"gold_gain":0,"player_choice":"Fought Bandits","damage_taken":0,"max_hp_gain":0,"max_hp_loss":0,"event_name":"Masked Bandits","floor":21,"gold_loss":0}],"is_beta":false,"boss_relics":[{"not_picked":["Calling Bell","Abe\u0027s Treasure"],"picked":"Black Star"}],"items_purged_floors":[22],"is_endless":false,"potions_floor_spawned":[1,13,14,16,18,21],"killed_by":"Shelled Parasite and Fungi","ascension_level":7}}