{"host":"qrfkyfrpo74atslb","time":1614073447,"event":{"mods":["Bartender","BaseMod","Beaked The Cultist","CapriCore","Colored Map","Colored Powertips","Conspire","DeckTracker","Downfall","Hermit","Hubris","Koishi","LagranYue(???·?)","Marisa????????","Minty Spire (QoL Compilation)","Prisma Mod","Remilia??????","StSLib","The Alterego","The Cursed","The Immortal","The Mystic","The Necromancer","The Servant 0.9.4","The Wild Card","Yakumo Yukari mod","Yuyuko"],"gold_per_floor":[99,119,119,156,156,175,175,75,75,94,114,128,142,18,30,129,129,129,142,159,159,18,18,18,18],"floor_reached":23,"language":"ENG","playtime":1309,"items_purged":["sneckomod:Strike"],"score":208,"play_id":"24e7444f-e86f-4bc4-9df3-25fc3682b854","local_time":"20210223224407","is_ascension_mode":false,"campfire_choices":[{"floor":8,"key":"REST"},{"data":"alterego_mod:Tantrum","floor":18,"key":"SMITH"}],"circlet_count":0,"master_deck":["sneckomod:Strike","sneckomod:Defend","sneckomod:Defend","sneckomod:Defend","sneckomod:TailWhip","sneckomod:SnekBite","sneckomod:Unknown","Footwork","sneckomod:Unknown1Cost","sneckomod:UnendingSupply","sneckomod:SnekBeam","sneckomod:UnknownBlock","sneckomod:UnknownCommonAttack","sneckomod:UnknownUncommonPower","sneckomod:UnknownUncommonSkill","sneckomod:UnknownUncommonPower","sneckomod:UnknownExhaust","sneckomod:SerpentIdol","sneckomod:Mudshield","alterego_mod:Tantrum+1","sneckomod:UnknownClassWHITE+1","sneckomod:UnknownDraw","Wrath_TH","EndlessPower","sneckomod:UnlimitedRolls","sneckomod:UnknownUncommonPower","sneckomod:WideSting"],"relics":["sneckomod:SneckoSoul","LagranYue:RandomDrawCardRelic","Power_Wrist","conspire:Dentures","downfall:HeartBlessingBlue","beaked:SacredDeck"],"acts_visited":["Exordium","TheCity"],"potions_floor_usage":[4,6,15,16],"damage_taken":[{"damage":9,"enemies":"Cultist","floor":2,"turns":4},{"damage":36,"enemies":"conspire:MimicChest","floor":4,"turns":7},{"damage":10,"enemies":"Jaw Worm","floor":6,"turns":4},{"damage":7,"enemies":"2 Louse","floor":10,"turns":3},{"damage":27,"enemies":"Exordium Thugs","floor":11,"turns":6},{"damage":15,"enemies":"Blue Slaver","floor":12,"turns":3},{"damage":2,"enemies":"downfall:LooterAlt","floor":13,"turns":2},{"damage":10,"enemies":"downfall:FleeingMerchant","floor":14,"turns":4},{"damage":6,"enemies":"2 Fungi Beasts","floor":15,"turns":4},{"damage":21,"enemies":"SI_SHIV_ARCHETYPE","floor":16,"turns":11},{"damage":35,"enemies":"downfall:LooterAlt2","floor":19,"turns":5},{"damage":64,"enemies":"Spheric Guardian","floor":20,"turns":8},{"damage":0,"enemies":"downfall:FleeingMerchant","floor":22,"turns":4},{"damage":13,"enemies":"3 Cultists","floor":23,"turns":2}],"seed_played":"-2852729998650363468","potions_obtained":[{"floor":2,"key":"AttackPotion"},{"floor":4,"key":"Block Potion"},{"floor":10,"key":"Block Potion"},{"floor":11,"key":"Weak Potion"}],"is_trial":false,"path_per_floor":["R","M","T","?","?","M","T","R","?","M","M","M","M","$","M","B",null,"R","M","M","?","$","M"],"character_chosen":"THE_SNECKO","items_purchased":["sneckomod:UnknownExhaust","sneckomod:UnknownUncommonPower","sneckomod:WideSting"],"campfire_rested":1,"item_purchase_floors":[14,22,22],"current_hp_per_floor":[99,90,90,54,54,44,44,86,86,79,52,37,35,25,19,8,109,109,74,10,10,10,0,0,0],"gold":18,"neow_bonus":"TEN_PERCENT_HP_BONUS","is_daily":false,"chose_seed":false,"campfire_upgraded":1,"win_rate":0.0,"timestamp":1614073447,"path_taken":["R","M","?","?","?","M","T","R","?","M","?","M","M","?","M","BOSS","R","M","M","?","$","M"],"items_purchased_type":["Card","Card","Card"],"build_version":"2020-12-22","purchased_purges":1,"victory":false,"max_hp_per_floor":[99,99,99,99,99,99,99,109,109,109,109,109,109,109,109,109,109,109,109,109,109,109,109,109,109],"card_choices":[{"not_picked":["sneckomod:ImprovisedGuard","sneckomod:RainOfDice"],"picked":"sneckomod:Unknown1Cost","floor":2},{"not_picked":["sneckomod:UnknownCommonAttack","sneckomod:QuickMove"],"picked":"sneckomod:UnendingSupply","floor":4},{"not_picked":["sneckomod:QuickMove","sneckomod:IronFang"],"picked":"sneckomod:SnekBeam","floor":6},{"not_picked":["sneckomod:SoulCleanse","sneckomod:SoulRoll"],"picked":"sneckomod:UnknownBlock","floor":10},{"not_picked":["sneckomod:SlitherStrike","sneckomod:WideSting"],"picked":"sneckomod:UnknownCommonAttack","floor":11},{"not_picked":["sneckomod:QuickMove","sneckomod:Unknown0Cost"],"picked":"sneckomod:UnknownUncommonPower","floor":12},{"not_picked":["sneckomod:Unknown1Cost","sneckomod:SnekBeam"],"picked":"sneckomod:UnknownUncommonSkill","floor":13},{"not_picked":["sneckomod:RainOfDice","sneckomod:DangerNoodle"],"picked":"sneckomod:UnknownUncommonPower","floor":14},{"not_picked":["sneckomod:RainOfDice","sneckomod:SoulDraw"],"picked":"sneckomod:SerpentIdol","floor":15},{"not_picked":["sneckomod:UnknownRareAttack","sneckomod:Unknown3Cost"],"picked":"sneckomod:Mudshield","floor":16},{"not_picked":["sneckomod:DiceCrush+1","sneckomod:QuickMove"],"picked":"sneckomod:UnknownClassWHITE+1","floor":19},{"not_picked":["sneckomod:UnknownClassWHITE","sneckomod:TrashToTreasure"],"picked":"sneckomod:UnknownDraw","floor":20},{"not_picked":["sneckomod:UnknownUncommonAttack","sneckomod:WideSting"],"picked":"sneckomod:UnlimitedRolls","floor":22}],"player_experience":127210,"relics_obtained":[{"floor":3,"key":"Power_Wrist"},{"floor":4,"key":"conspire:Dentures"}],"event_choices":[{"damage_healed":0,"gold_gain":0,"player_choice":"Leave","damage_taken":0,"max_hp_gain":0,"max_hp_loss":0,"event_name":"conspire:Investor","floor":5,"gold_loss":0}],"is_beta":false,"boss_relics":[{"not_picked":["Velvet Choker","Runic Dome"],"picked":"beaked:SacredDeck"}],"items_purged_floors":[14],"is_endless":false,"potions_floor_spawned":[2,4,10,11],"killed_by":"3 Cultists","ascension_level":0}}