{"host":"bt4gm5zmu3buvt8g","time":1614065867,"event":{"mods":["Aspiration","Astrologer","BaseMod","Colored Map","Colored Powertips","Conspire","Downfall","GifTheSpireLib","Halation","Hermit","Hubris","Infinite Spire","Mimic Mod","Minty Spire (QoL Compilation)","Quick Restart","Replay The Spire","StSLib","Stuff the Spire","The Blackbeard","The Construct","The Cursed","The Disciple","The Gatherer","The Hierophant","The Jungle","The Marked","The Necromancer","The Runesmith","The Trickster","Unceasing Turn Reminder"],"gold_per_floor":[99,99,32,46,60,80,80,80,92,112,112,124,142,154,171,266,266,354,368,388,417,417,217,244,35,47,61,71,123,123,137,153,252,252,252,267,282,68,87,99,399,399,399,399],"floor_reached":42,"language":"ENG","playtime":6752,"items_purged":[],"score":450,"play_id":"21b96362-cf85-4b07-ad15-b5ae1a579398","local_time":"20210223173747","is_ascension_mode":false,"campfire_choices":[{"data":"Slimebound:Split","floor":1,"key":"SMITH"},{"floor":8,"key":"RECALL"},{"floor":11,"key":"REST"},{"data":"Slimebound:MassRepurpose","floor":23,"key":"SMITH"},{"floor":30,"key":"REST"},{"data":"Slimebound:Overexert","floor":35,"key":"SMITH"}],"circlet_count":0,"master_deck":["Slimebound:Strike_Slimebound","Slimebound:Strike_Slimebound","Slimebound:Strike_Slimebound","Slimebound:Tackle","Slimebound:Defend_Slimebound","Slimebound:Defend_Slimebound","Slimebound:Defend_Slimebound","Slimebound:Defend_Slimebound","Slimebound:Split+1","Slimebound:CorrosiveSpit","Slimebound:Split+1","Slimebound:SlimeSpikes","Slimebound:GrowthPunch+1","Slimebound:FinishingTackle","Slimebound:ViciousTackle","Slimebound:SlimeBrawl","Slimebound:Equalize","Slimebound:MassFeed","Slimebound:Schlurp","Slimebound:Chomp","Slimebound:MassRepurpose+1","Slimebound:SplitBruiser","Slimebound:MinionMaster","expansioncontent:DashGenerateEvil","Slimebound:Prepare+1","Slimebound:SpikyOuterGoop","Slimebound:OozeBath","Slimebound:Repurpose","Slimebound:Overexert+1","Slimebound:FinishingTackle+1","Slimebound:LivingWall+1","Slimebound:SplitAcid+1","Parasite"],"relics":["Slimebound:AbsorbEndCombat","hubris:GrandSneckoEye","Meat on the Bone","MutagenicStrength","downfall:HeartBlessingRed","downfall:HeartBlessingBlue","hubris:TenFootPole","halation:LettersToHer","Ring of Chaos","TungstenRod","Eternal Feather","Old Coin"],"acts_visited":["Exordium","TheCity","TheBeyond"],"potions_floor_usage":[15,16,16,16,20,21,31,33,37,38],"damage_taken":[{"damage":2,"enemies":"downfall:FleeingMerchant","floor":3,"turns":4},{"damage":3,"enemies":"Small Slimes","floor":4,"turns":3},{"damage":8,"enemies":"Cultist","floor":5,"turns":4},{"damage":0,"enemies":"2 Louse","floor":6,"turns":3},{"damage":9,"enemies":"Lots of Slimes","floor":9,"turns":4},{"damage":30,"enemies":"Gremlin Gang","floor":10,"turns":4},{"damage":2,"enemies":"Large Slime","floor":12,"turns":6},{"damage":12,"enemies":"3 Louse","floor":13,"turns":4},{"damage":6,"enemies":"2 Fungi Beasts","floor":14,"turns":4},{"damage":10,"enemies":"conspire:2 RoseBushes","floor":15,"turns":3},{"damage":45,"enemies":"DF_ARCHETYPE_STREAMLINE","floor":16,"turns":9},{"damage":0,"enemies":"conspire:FuzzyDice","floor":19,"turns":5},{"damage":24,"enemies":"Spheric Guardian","floor":20,"turns":4},{"damage":9,"enemies":"conspire:MimicChest","floor":21,"turns":5},{"damage":7,"enemies":"downfall:FleeingMerchant","floor":25,"turns":4},{"damage":17,"enemies":"conspire:HollyBat","floor":26,"turns":5},{"damage":3,"enemies":"Snecko","floor":27,"turns":3},{"damage":16,"enemies":"Snake Plant","floor":28,"turns":4},{"damage":26,"enemies":"Centurion and Healer","floor":31,"turns":4},{"damage":3,"enemies":"conspire:HollyBat","floor":32,"turns":6},{"damage":24,"enemies":"WA_ARCHETYPE_CALM","floor":33,"turns":8},{"damage":1,"enemies":"3 Shapes","floor":36,"turns":4},{"damage":29,"enemies":"3 Darklings","floor":37,"turns":7},{"damage":0,"enemies":"downfall:FleeingMerchant","floor":38,"turns":4},{"damage":0,"enemies":"Maw","floor":39,"turns":7},{"damage":5,"enemies":"Writhing Mass","floor":40,"turns":5},{"damage":100,"enemies":"Nightmare","floor":42,"turns":9}],"seed_played":"-3290590846439444546","potions_obtained":[{"floor":4,"key":"FearPotion"},{"floor":9,"key":"PowerPotion"},{"floor":10,"key":"Energy Potion"},{"floor":15,"key":"ColorlessPotion"},{"floor":19,"key":"EssenceOfSteel"},{"floor":20,"key":"Weak Potion"},{"floor":28,"key":"Fire Potion"},{"floor":31,"key":"Reflective Coating"},{"floor":32,"key":"Adrenaline Potion"},{"floor":33,"key":"Dexterity Potion"},{"floor":37,"key":"Swift Potion"}],"is_trial":false,"path_per_floor":["R","?","$","M","M","M","T","R","M","M","R","M","M","M","M","B",null,"R_BF","M","M","?","?","R","T","$","M","M","M","T","R","M","M","B",null,"R","M","M","$","M","M","T","NM"],"character_chosen":"SLIMEBOUND","items_purchased":["Slimebound:GrowthPunch+1","expansioncontent:DashGenerateEvil","TungstenRod","Eternal Feather"],"campfire_rested":2,"item_purchase_floors":[3,25,38,38],"current_hp_per_floor":[71,71,71,70,65,65,65,65,56,26,47,57,55,54,49,14,77,77,80,60,53,53,63,63,64,61,64,54,54,81,59,80,72,90,90,89,64,80,86,85,85,0,0,0],"gold":399,"neow_bonus":"TEN_PERCENT_HP_BONUS","is_daily":false,"chose_seed":false,"campfire_upgraded":3,"win_rate":0.0,"timestamp":1614065867,"path_taken":["R","?","?","M","M","?","T","R","M","M","R","?","?","M","M","BOSS","R_BF","M","M","?","?","R","T","$","M","M","M","?","R","?","M","BOSS","R","M","M","$","M","M","T","NM"],"items_purchased_type":["Card","Card","Relic","Relic"],"build_version":"2020-12-22","purchased_purges":0,"victory":false,"max_hp_per_floor":[71,71,71,71,71,71,71,71,71,71,71,71,71,74,77,77,77,77,80,80,80,80,90,90,90,90,90,90,90,90,90,90,90,90,90,90,90,90,90,90,90,90,90,90],"card_choices":[{"not_picked":["Slimebound:SplitBruiser","Slimebound:LeechEnergy"],"picked":"Slimebound:SlimeSpikes","floor":3},{"not_picked":["Slimebound:DisruptingSlam","Slimebound:Dissolve"],"picked":"Slimebound:FinishingTackle","floor":4},{"not_picked":["Slimebound:GoopTackle","Slimebound:FlameTackle","Slimebound:RollThrough"],"picked":"SKIP","floor":5},{"not_picked":["Slimebound:Schlurp","Slimebound:Nibble"],"picked":"Slimebound:ViciousTackle","floor":6},{"not_picked":["Slimebound:Dissolve","Slimebound:HauntingLick"],"picked":"Slimebound:SlimeBrawl","floor":9},{"not_picked":["Slimebound:SplitAcid","Slimebound:ItLooksTasty"],"picked":"Slimebound:Equalize","floor":10},{"not_picked":["Slimebound:SlimeSpikes","Slimebound:GoopTackle"],"picked":"Slimebound:MassFeed","floor":12},{"not_picked":["Slimebound:DuplicatedForm","Slimebound:HauntingLick"],"picked":"Slimebound:Schlurp","floor":13},{"not_picked":["Slimebound:DisruptingSlam","Slimebound:ProtectTheBoss"],"picked":"Slimebound:Chomp","floor":14},{"not_picked":["Slimebound:HauntingLick","Slimebound:Grow","Slimebound:GoopTackle"],"picked":"SKIP","floor":15},{"not_picked":["Slimebound:Overexert","Slimebound:FirmFortitude"],"picked":"Slimebound:MassRepurpose","floor":16},{"not_picked":["Slimebound:RollThrough","Slimebound:LeechEnergy+1","Slimebound:DisruptingSlam"],"picked":"SKIP","floor":19},{"not_picked":["Slimebound:DivideAndConquer","Slimebound:Schlurp"],"picked":"Slimebound:SplitBruiser","floor":20},{"not_picked":["Slimebound:Replication+1","Slimebound:SplitAcid"],"picked":"Slimebound:MinionMaster","floor":25},{"not_picked":["Slimebound:Schlurp","Slimebound:SlimeSpikes"],"picked":"Slimebound:Prepare+1","floor":26},{"not_picked":["Slimebound:TongueLash","Slimebound:SlimeSpikes","Slimebound:ComboTackle"],"picked":"SKIP","floor":27},{"not_picked":["Slimebound:Dissolve","Slimebound:LeechEnergy+1"],"picked":"Slimebound:SpikyOuterGoop","floor":28},{"not_picked":["Slimebound:FinishingTackle+1","Slimebound:Nibble+1"],"picked":"Slimebound:OozeBath","floor":31},{"not_picked":["Slimebound:RollThrough","Slimebound:LeechEnergy+1"],"picked":"Slimebound:Repurpose","floor":32},{"not_picked":["Slimebound:PrepareCrush","Slimebound:Teamwork"],"picked":"Slimebound:Overexert","floor":33},{"not_picked":["Slimebound:Prepare","Slimebound:GoopSpray"],"picked":"Slimebound:FinishingTackle+1","floor":36},{"not_picked":["Slimebound:ViciousTackle","Slimebound:SplitMire","Slimebound:Prepare"],"picked":"SKIP","floor":37},{"not_picked":["Slimebound:LeechEnergy+1","Slimebound:MegaLick+1"],"picked":"Slimebound:LivingWall+1","floor":38},{"not_picked":["Slimebound:ComboTackle+1","Slimebound:FinishingTackle"],"picked":"Slimebound:SplitAcid+1","floor":39},{"not_picked":["Slimebound:Prepare","Slimebound:BestDefense+1","Slimebound:ServeAndProtect"],"picked":"SKIP","floor":40}],"player_experience":355639,"relics_obtained":[{"floor":21,"key":"Meat on the Bone"},{"floor":24,"key":"hubris:TenFootPole"},{"floor":29,"key":"halation:LettersToHer"},{"floor":41,"key":"halation:LettersToHer"},{"floor":41,"key":"Old Coin"}],"event_choices":[{"damage_healed":0,"gold_gain":0,"player_choice":"Inject Mutagens","damage_taken":0,"relics_obtained":["MutagenicStrength"],"max_hp_gain":0,"max_hp_loss":0,"event_name":"Drug Dealer","floor":22,"gold_loss":0}],"is_beta":false,"boss_relics":[{"not_picked":["hubris:HollowSoul","aspiration:WatcherSkillbook"],"picked":"hubris:GrandSneckoEye"},{"not_picked":["hubris:CrackedHourglass","hubris:BlackHole"],"picked":"Ring of Chaos"}],"items_purged_floors":[],"is_endless":false,"potions_floor_spawned":[4,9,10,13,15,19,20,28,31,32,33,37],"killed_by":"Nightmare","ascension_level":0}}