{"host":"xwl7b08i4vco8s3a","time":1614089262,"event":{"mods":["BaseMod","Colored Powertips","Downfall","Hermit","Minty Spire (QoL Compilation)","Replay The Spire","StSLib","Wandering Minibosses"],"gold_per_floor":[114,114,130,141,159,194,206,206,233,246,264,614,614,614],"floor_reached":13,"language":"ENG","playtime":805,"items_purged":[],"score":89,"play_id":"5ab44dcc-52ba-46e9-ba9c-009f78626687","local_time":"20210223150742","is_ascension_mode":false,"campfire_choices":[{"floor":8,"key":"REST"}],"circlet_count":0,"master_deck":["hermit:Strike_Hermit","hermit:Strike_Hermit","hermit:Strike_Hermit","hermit:Strike_Hermit","hermit:Defend_Hermit","hermit:Defend_Hermit","hermit:Defend_Hermit","hermit:Snapshot","hermit:Covet","hermit:FullyLoaded","hermit:Malice","hermit:ShadowCloak","hermit:Headshot","hermit:Deadeye","hermit:GhostlyPresence","hermit:Grudge","Replay:Hysterical Blindness","Delirium"],"relics":["hermit:Momento","Replay:Rubber Ducky","Ring of Greed","Old Coin","Blue Doll","ReplayTheSpireMod:Ring of Collecting"],"acts_visited":["Exordium"],"potions_floor_usage":[6,7],"damage_taken":[{"damage":3,"enemies":"Jaw Worm","floor":1,"turns":3},{"damage":1,"enemies":"Cultist","floor":3,"turns":3},{"damage":8,"enemies":"Small Slimes","floor":4,"turns":6},{"damage":13,"enemies":"Exordium Wildlife","floor":5,"turns":5},{"damage":26,"enemies":"Gremlin Nob","floor":6,"turns":5},{"damage":17,"enemies":"Looter","floor":7,"turns":5},{"damage":22,"enemies":"Gremlin Gang","floor":10,"turns":5},{"damage":0,"enemies":"Large Slime","floor":11,"turns":4},{"damage":21,"enemies":"3 Sentries","floor":13,"turns":3}],"seed_played":"-2639767213191052082","potions_obtained":[{"floor":1,"key":"hermit:Tonic"},{"floor":3,"key":"Elixir"},{"floor":6,"key":"hexamod:SoulburnPotion"}],"is_trial":false,"path_per_floor":["M","?","M","M","M","E","M","R","T","M","M","?","E"],"character_chosen":"HERMIT","items_purchased":[],"campfire_rested":1,"item_purchase_floors":[],"current_hp_per_floor":[79,79,78,70,57,31,14,38,38,16,16,16,0,0],"gold":614,"neow_bonus":"TEN_PERCENT_HP_BONUS","is_daily":false,"chose_seed":false,"campfire_upgraded":0,"win_rate":0.0,"timestamp":1614089262,"path_taken":["M","?","?","M","M","E","M","R","T","M","M","?","E"],"items_purchased_type":[],"build_version":"2020-12-22","purchased_purges":0,"victory":false,"max_hp_per_floor":[82,82,82,82,82,82,82,82,82,82,82,82,82,82],"card_choices":[{"not_picked":["hermit:Vantage","hermit:PistolWhip"],"picked":"hermit:FullyLoaded","floor":1},{"not_picked":["hermit:Vantage","hermit:Shortfuse"],"picked":"hermit:Malice","floor":3},{"not_picked":["hermit:Quickdraw","hermit:NoHoldsBarred"],"picked":"hermit:ShadowCloak","floor":4},{"not_picked":["hermit:Ricochet","hermit:Quickdraw"],"picked":"hermit:Headshot","floor":5},{"not_picked":["hermit:Desperado","hermit:Gestalt"],"picked":"hermit:Deadeye","floor":6},{"not_picked":["hermit:Magnum","hermit:BodyArmor"],"picked":"hermit:GhostlyPresence","floor":7},{"not_picked":["hermit:WideOpen","hermit:Snipe","hermit:Dive"],"picked":"SKIP","floor":10},{"not_picked":["hermit:Snipe","hermit:WideOpen"],"picked":"hermit:Grudge","floor":11}],"player_experience":447937,"relics_obtained":[{"floor":9,"key":"Replay:Rubber Ducky"},{"floor":12,"key":"Ring of Greed"},{"floor":12,"key":"Old Coin"},{"floor":12,"key":"Blue Doll"},{"floor":12,"key":"ReplayTheSpireMod:Ring of Collecting"}],"event_choices":[{"cards_removed":["hermit:Defend_Hermit"],"damage_healed":0,"gold_gain":0,"player_choice":"Purged","damage_taken":0,"max_hp_gain":0,"max_hp_loss":0,"event_name":"Purifier","floor":2,"gold_loss":0}],"is_beta":false,"boss_relics":[],"items_purged_floors":[],"is_endless":false,"potions_floor_spawned":[1,3,6],"killed_by":"3 Sentries","ascension_level":0}}