{"host":"a3wpq7kyokchzawk","time":1614052112,"event":{"mods":["BaseMod","Colored Map","Highlight Path","Minty Spire (QoL Compilation)","Permanent Neow","Potion Indicator Mod","Relic Stats","Weighted Paths"],"gold_per_floor":[109,109,124,124,135,135,145,174,198,224,234,234,251,269,269,342,342,353,353,372,32,32,32,60,60,108,142,142,142],"floor_reached":28,"language":"ENG","playtime":2570,"items_purged":[],"score":586,"play_id":"b087acf2-2485-4c59-9d78-99b58a1b2533","local_time":"20210223004832","is_ascension_mode":true,"campfire_choices":[{"data":"Poisoned Stab","floor":6.0,"key":"SMITH"},{"data":"Caltrops","floor":12.0,"key":"SMITH"},{"floor":15.0,"key":"REST"},{"data":"Ghostly","floor":23.0,"key":"SMITH"},{"floor":25.0,"key":"REST"}],"circlet_count":0,"master_deck":["AscendersBane","Strike_G","Strike_G","Strike_G","Strike_G+1","Strike_G","Defend_G","Defend_G","Defend_G","Defend_G","Defend_G","Survivor","Neutralize+1","Riddle With Holes+1","Backstab","Poisoned Stab+1","PiercingWail","Deflect","Crippling Poison","Caltrops+1","Escape Plan","Deflect","Malaise","Acrobatics","Calculated Gamble+1","Ghostly+1","Ghostly","Ghostly","Endless Agony","Blade Dance"],"relics":["Ring of the Snake","Potion Belt","Ancient Tea Set","Bag of Marbles","Whetstone","MealTicket","Philosopher\u0027s Stone","FossilizedHelix","CaptainsWheel","Bronze Scales","Bottled Lightning"],"acts_visited":["Exordium","TheCity"],"potions_floor_usage":[28],"damage_taken":[{"damage":4.0,"enemies":"Jaw Worm","floor":1.0,"turns":4.0},{"damage":4.0,"enemies":"Small Slimes","floor":3.0,"turns":4.0},{"damage":0.0,"enemies":"Cultist","floor":5.0,"turns":3.0},{"damage":0.0,"enemies":"Exordium Wildlife","floor":7.0,"turns":3.0},{"damage":26.0,"enemies":"3 Sentries","floor":8.0,"turns":9.0},{"damage":0.0,"enemies":"Gremlin Nob","floor":10.0,"turns":2.0},{"damage":6.0,"enemies":"Large Slime","floor":11.0,"turns":3.0},{"damage":0.0,"enemies":"2 Fungi Beasts","floor":13.0,"turns":1.0},{"damage":3.0,"enemies":"Blue Slaver","floor":14.0,"turns":2.0},{"damage":25.0,"enemies":"The Guardian","floor":16.0,"turns":12.0},{"damage":0.0,"enemies":"Chosen","floor":18.0,"turns":3.0},{"damage":19.0,"enemies":"Spheric Guardian","floor":20.0,"turns":8.0},{"damage":29.0,"enemies":"Slavers","floor":24.0,"turns":7.0},{"damage":4.0,"enemies":"Book of Stabbing","floor":27.0,"turns":5.0},{"damage":11,"enemies":"Cultist and Chosen","floor":28,"turns":5}],"seed_played":"-2831619895730292482","potions_obtained":[{"floor":1.0,"key":"ColorlessPotion"},{"floor":5.0,"key":"FearPotion"},{"floor":8.0,"key":"Swift Potion"},{"floor":13.0,"key":"BlessingOfTheForge"},{"floor":20.0,"key":"BlessingOfTheForge"}],"is_trial":false,"path_per_floor":["M","?","M","?","M","R","M","E","T","E","M","R","M","M","R","B",null,"M","?","M","$","?","R","E","R","T","E","M"],"character_chosen":"THE_SILENT","items_purchased":["FossilizedHelix"],"campfire_rested":2,"item_purchase_floors":[21],"current_hp_per_floor":[55,50,46,46,46,46,46,20,20,20,14,14,14,11,30,5,51,51,51,32,47,33,33,4,13,13,9,0,0],"gold":142,"neow_bonus":"RANDOM_COMMON_RELIC","is_daily":false,"chose_seed":false,"campfire_upgraded":3,"win_rate":0.0,"timestamp":1614052112,"path_taken":["M","?","M","?","M","R","M","E","T","E","M","R","?","M","R","BOSS","M","?","M","$","?","R","E","R","T","E","M"],"items_purchased_type":["Relic"],"build_version":"2020-12-22","purchased_purges":0,"victory":false,"max_hp_per_floor":[66,66,66,66,66,66,66,66,66,66,66,66,66,66,66,66,66,66,66,66,66,33,33,33,33,33,33,33,33],"relic_stats":{"counters":[15,71],"Bronze Scales":[42],"MealTicket":15,"Whetstone":["Strike_G","Riddle With Holes"],"obtain_stats":[{"Potion Belt":0,"CaptainsWheel":24,"Bronze Scales":26,"MealTicket":10,"Philosopher\u0027s Stone":17,"Bag of Marbles":8,"Whetstone":9,"Bottled Lightning":27,"Ancient Tea Set":2,"FossilizedHelix":21,"Ring of the Snake":0},{"Potion Belt":0,"CaptainsWheel":13,"Bronze Scales":13,"MealTicket":6,"Philosopher\u0027s Stone":10,"Bag of Marbles":5,"Whetstone":5,"Bottled Lightning":14,"Ancient Tea Set":1,"FossilizedHelix":12,"Ring of the Snake":0},{"Potion Belt":0,"CaptainsWheel":61,"Bronze Scales":61,"MealTicket":25,"Philosopher\u0027s Stone":43,"Bag of Marbles":23,"Whetstone":23,"Bottled Lightning":66,"Ancient Tea Set":4,"FossilizedHelix":54,"Ring of the Snake":0}],"Ring of the Snake":[30]},"card_choices":[{"not_picked":["Choke","Flying Knee"],"picked":"Riddle With Holes","floor":1.0},{"not_picked":["Deflect","Tactician"],"picked":"Backstab","floor":3.0},{"not_picked":["Acrobatics","Backflip"],"picked":"Poisoned Stab","floor":5.0},{"not_picked":["Flying Knee","Bane"],"picked":"PiercingWail","floor":7.0},{"not_picked":["Dagger Spray","Dodge and Roll"],"picked":"Deflect","floor":8.0},{"not_picked":["Accuracy","Outmaneuver"],"picked":"Crippling Poison","floor":10.0},{"not_picked":["Endless Agony","Setup"],"picked":"Caltrops","floor":11.0},{"not_picked":["Dodge and Roll","Deflect"],"picked":"Escape Plan","floor":13.0},{"not_picked":["Finisher","Dagger Throw"],"picked":"Deflect","floor":14.0},{"not_picked":["Unload","Glass Knife"],"picked":"Malaise","floor":16.0},{"not_picked":["Prepared","Deflect+1"],"picked":"Acrobatics","floor":18.0},{"not_picked":["Acrobatics","Flechettes"],"picked":"Calculated Gamble+1","floor":20.0},{"not_picked":["A Thousand Cuts","Outmaneuver"],"picked":"Endless Agony","floor":24.0},{"not_picked":["Underhanded Strike","Skewer+1"],"picked":"Blade Dance","floor":27.0}],"player_experience":2838899,"relics_obtained":[{"floor":8.0,"key":"Bag of Marbles"},{"floor":9.0,"key":"Whetstone"},{"floor":10.0,"key":"MealTicket"},{"floor":24.0,"key":"CaptainsWheel"},{"floor":26.0,"key":"Bronze Scales"},{"floor":27.0,"key":"Bottled Lightning"}],"event_choices":[{"damage_healed":0.0,"max_hp_gain":0.0,"max_hp_loss":0.0,"gold_gain":0.0,"event_name":"Scrap Ooze","player_choice":"Success","floor":2.0,"gold_loss":0.0,"damage_taken":5.0,"relics_obtained":["Ancient Tea Set"]},{"damage_healed":0.0,"max_hp_gain":0.0,"max_hp_loss":0.0,"gold_gain":0.0,"event_name":"Upgrade Shrine","player_choice":"Upgraded","floor":4.0,"gold_loss":0.0,"damage_taken":0.0,"cards_upgraded":["Neutralize"]},{"damage_healed":0.0,"max_hp_gain":0.0,"max_hp_loss":0.0,"gold_gain":0.0,"event_name":"The Mausoleum","player_choice":"Ignored","floor":19.0,"gold_loss":0.0,"damage_taken":0.0},{"damage_healed":0.0,"max_hp_gain":0.0,"max_hp_loss":33.0,"gold_gain":0.0,"event_name":"Ghosts","player_choice":"Became a Ghost","floor":22.0,"gold_loss":0.0,"damage_taken":0.0,"cards_obtained":["Ghostly","Ghostly","Ghostly"]}],"is_beta":false,"boss_relics":[{"not_picked":["Astrolabe","Velvet Choker"],"picked":"Philosopher\u0027s Stone"}],"items_purged_floors":[],"is_endless":false,"potions_floor_spawned":[1,5,8,13,20],"killed_by":"Cultist and Chosen","ascension_level":20}}