{"host":"n43wxkei7kulhi8o","time":1614101576,"event":{"mods":["BaseMod","Bestiary","Block Reminder","Colored Map","Colored Powertips","Curses Come First","Custom Start","Dark Map","Highlight Path","Minty Spire (QoL Compilation)","Relic Stats","StSLib"],"gold_per_floor":[114,124,134,134,309,309,384,66,142,155,165,165,179,199,199,301,301,320,320,61,61,81,113,113,132,158,169,188,188,188,207,207,207,207],"floor_reached":33,"language":"ENG","playtime":1154,"items_purged":["Doubt"],"score":261,"play_id":"823df2cf-61dc-4cef-af4c-bfa6afc737f4","local_time":"20210223123256","is_ascension_mode":false,"campfire_choices":[{"data":"Cloak And Dagger","floor":6,"key":"SMITH"},{"data":"Noxious Fumes","floor":12,"key":"SMITH"},{"data":"Terror","floor":15,"key":"SMITH"},{"floor":24,"key":"REST"},{"floor":32,"key":"REST"}],"circlet_count":0,"master_deck":["Strike_G","Strike_G","Strike_G","Defend_G+1","Defend_G","Defend_G","Defend_G","Survivor","Neutralize","Cloak And Dagger+1","PiercingWail","Die Die Die+1","Noxious Fumes+1","Blade Dance","Cloak And Dagger","Concentrate","Bullet Time","Terror+1","Storm of Steel","Grand Finale+1","Die Die Die+1","Dagger Throw+1","Sucker Punch+1","Terror+1"],"relics":["Runic Pyramid","Omamori","Molten Egg 2","Astrolabe","Ninja Scroll","Lizard Tail","Ancient Tea Set","MealTicket"],"acts_visited":["Exordium","TheCity"],"potions_floor_usage":[33,33],"damage_taken":[{"damage":2,"enemies":"Small Slimes","floor":1,"turns":4},{"damage":0,"enemies":"2 Louse","floor":2,"turns":3},{"damage":0,"enemies":"Jaw Worm","floor":3,"turns":4},{"damage":0,"enemies":"2 Fungi Beasts","floor":10,"turns":3},{"damage":0,"enemies":"Looter","floor":11,"turns":3},{"damage":7,"enemies":"Large Slime","floor":13,"turns":5},{"damage":2,"enemies":"3 Louse","floor":14,"turns":2},{"damage":22,"enemies":"The Guardian","floor":16,"turns":11},{"damage":0,"enemies":"Chosen","floor":18,"turns":3},{"damage":13,"enemies":"Shell Parasite","floor":22,"turns":4},{"damage":24,"enemies":"Slavers","floor":23,"turns":4},{"damage":36,"enemies":"Snake Plant","floor":25,"turns":5},{"damage":8,"enemies":"Sentry and Sphere","floor":27,"turns":4},{"damage":4,"enemies":"3 Cultists","floor":28,"turns":4},{"damage":20,"enemies":"Snake Plant","floor":31,"turns":5},{"damage":74,"enemies":"Automaton","floor":33,"turns":6}],"seed_played":"3988651703258537326","potions_obtained":[{"floor":11,"key":"AttackPotion"},{"floor":13,"key":"FearPotion"},{"floor":14,"key":"Poison Potion"},{"floor":16,"key":"PowerPotion"},{"floor":28,"key":"Explosive Potion"}],"is_trial":false,"path_per_floor":["M","M","M","?","?","R","?","$","T","M","M","R","M","M","R","B",null,"M","?","$","?","M","E","R","M","T","M","M","?","?","M","R","B"],"character_chosen":"THE_SILENT","items_purchased":["Noxious Fumes","Omamori","Blade Dance","Ninja Scroll"],"campfire_rested":2,"item_purchase_floors":[8,8,8,20],"current_hp_per_floor":[68,68,68,54,54,54,43,43,43,43,43,43,36,34,34,12,70,70,70,70,70,57,33,54,18,18,10,6,6,29,9,30,0,0],"gold":207,"neow_bonus":"BOSS_RELIC","is_daily":false,"chose_seed":false,"campfire_upgraded":3,"win_rate":0.0,"timestamp":1614101576,"path_taken":["M","M","M","?","?","R","?","$","T","M","?","R","M","M","R","BOSS","M","?","$","?","M","E","R","M","T","M","M","?","?","M","R","BOSS"],"items_purchased_type":["Card","Relic","Card","Relic"],"build_version":"2020-12-22","purchased_purges":1,"victory":false,"max_hp_per_floor":[70,70,70,70,70,70,70,70,70,70,70,70,70,70,70,70,70,70,70,70,70,70,70,70,70,70,70,70,70,70,70,70,70,70],"relic_stats":{"Lizard Tail":35,"counters":[16,70],"Astrolabe":["Grand Finale","Die Die Die","Dagger Throw"],"MealTicket":0,"obtain_stats":[{"Lizard Tail":21,"Ninja Scroll":20,"Astrolabe":17,"Molten Egg 2":9,"MealTicket":26,"Omamori":8,"Ancient Tea Set":23,"Ring of the Snake":0,"Runic Pyramid":0},{"Lizard Tail":9,"Ninja Scroll":9,"Astrolabe":8,"Molten Egg 2":3,"MealTicket":12,"Omamori":3,"Ancient Tea Set":11,"Ring of the Snake":0,"Runic Pyramid":0},{"Lizard Tail":38,"Ninja Scroll":38,"Astrolabe":35,"Molten Egg 2":11,"MealTicket":51,"Omamori":11,"Ancient Tea Set":46,"Ring of the Snake":0,"Runic Pyramid":0}]},"card_choices":[{"not_picked":["Dagger Spray","Sucker Punch"],"picked":"Cloak And Dagger","floor":1},{"not_picked":["Flying Knee","Deflect"],"picked":"PiercingWail","floor":2},{"not_picked":["Reflex","Calculated Gamble"],"picked":"Die Die Die","floor":3},{"not_picked":["Dagger Throw+1","Blade Dance"],"picked":"Cloak And Dagger","floor":10},{"not_picked":["Underhanded Strike+1","Poisoned Stab+1"],"picked":"Concentrate","floor":11},{"not_picked":["PiercingWail","Flying Knee+1"],"picked":"Bullet Time","floor":13},{"not_picked":["Poisoned Stab+1","Flying Knee+1"],"picked":"Terror","floor":14},{"not_picked":["Venomology","Bullet Time"],"picked":"Storm of Steel","floor":16},{"not_picked":["PiercingWail","Quick Slash+1"],"picked":"Sucker Punch+1","floor":18},{"not_picked":["Dodge and Roll","Poisoned Stab+1"],"picked":"Terror+1","floor":22},{"not_picked":["Blade Dance","Tactician","Flying Knee+1"],"picked":"SKIP","floor":23},{"not_picked":["Escape Plan","Flying Knee+1","Bouncing Flask"],"picked":"SKIP","floor":25},{"not_picked":["Escape Plan","Flying Knee+1","Bouncing Flask"],"picked":"SKIP","floor":25},{"not_picked":["Slice+1","Caltrops+1","Acrobatics"],"picked":"SKIP","floor":27},{"not_picked":["Dagger Throw+1","Grand Finale+1","Slice+1"],"picked":"SKIP","floor":28},{"not_picked":["Slice+1","Dagger Throw+1","Prepared"],"picked":"SKIP","floor":31}],"player_experience":717588,"relics_obtained":[{"floor":9,"key":"Molten Egg 2"},{"floor":23,"key":"Ancient Tea Set"},{"floor":26,"key":"MealTicket"}],"event_choices":[{"damage_healed":0,"gold_gain":0,"player_choice":"Entered Light","damage_taken":14,"max_hp_gain":0,"max_hp_loss":0,"event_name":"Shining Light","floor":4,"gold_loss":0,"cards_upgraded":["Defend_G","Die Die Die"]},{"damage_healed":0,"gold_gain":175,"player_choice":"AGREE","damage_taken":0,"max_hp_gain":0,"max_hp_loss":0,"event_name":"Liars Game","floor":5,"gold_loss":0,"cards_obtained":["Doubt"]},{"damage_healed":0,"gold_gain":75,"player_choice":"Gather Gold","damage_taken":11,"max_hp_gain":0,"max_hp_loss":0,"event_name":"World of Goop","floor":7,"gold_loss":0},{"damage_healed":0,"gold_gain":0,"player_choice":"Ignored","damage_taken":0,"max_hp_gain":0,"max_hp_loss":0,"event_name":"Vampires","floor":19,"gold_loss":0},{"damage_healed":0,"gold_gain":0,"player_choice":"Opened","damage_taken":0,"relics_obtained":["Lizard Tail"],"max_hp_gain":0,"max_hp_loss":0,"event_name":"The Mausoleum","floor":21,"gold_loss":0},{"damage_healed":0,"gold_gain":0,"player_choice":"Ignored","damage_taken":0,"max_hp_gain":0,"max_hp_loss":0,"event_name":"Cursed Tome","floor":29,"gold_loss":0},{"damage_healed":23,"gold_gain":0,"player_choice":"Heal","damage_taken":0,"max_hp_gain":0,"max_hp_loss":0,"event_name":"The Library","floor":30,"gold_loss":0}],"is_beta":false,"boss_relics":[{"not_picked":["Runic Dome","Pandora\u0027s Box"],"picked":"Astrolabe"}],"items_purged_floors":[8],"is_endless":false,"potions_floor_spawned":[11,13,14,16,18,25,28],"killed_by":"Automaton","ascension_level":0}}