{"host":"faxec7zdkweurczj","time":1614090357,"event":{"mods":["Ascension Reborn","BaseMod","Colored Powertips","Conspire","Highlight Path","Minty Spire (QoL Compilation)","Replay The Spire","Shop Mod","StSLib","TestMod","[IsaacMod]以撒尖塔","篝火指南"],"gold_per_floor":[121,139,234,250,29,47,62,102,102,135,154,154,154,183,183,306,306,319,336,359,359,389,419,434,450,450,450,489,257,287,766,766,879,838,860,878,878,878,542,316,329,364,453,494,516,407,430,459,402,402,402,168,111,151,151],"floor_reached":56,"language":"ZHS","playtime":1120,"items_purged":["Decay","Strike_R+1","Strike_R+1","Strike_R+1","Strike_R+1"],"score":425,"play_id":"b3593361-11d6-49ed-ba04-e653e438d137","local_time":"20210223222557","is_ascension_mode":true,"campfire_choices":[{"data":"Body Slam","floor":12,"key":"SMITH"},{"data":"Body Slam","floor":15,"key":"SMITH"},{"data":"Entrench","floor":27,"key":"SMITH"},{"floor":32,"key":"RECALL"}],"circlet_count":0,"master_deck":["Defend_R+1","Defend_R+1","Defend_R+1","Bash+1","SuicideKing","Body Slam+1","Body Slam+1","Entrench+1","Berserk+1","Demon Form+1","Thunderclap+1","Limit Break+1","Metallicize+1","Heavy Blade+1","Metallicize+1","Heavy Blade+1"],"relics":["Burning Blood","testmod-TestBox","HushsDoor","testmod-Charity","TheBible","testmod-RealStoneCalender","testmod-Fortitude","testmod-Maize","testmod-Brilliant","Golden Egg","testmod-Laevatain","testmod-PortableAltar","SatanicBible","Replay:Rubber Ducky","testmod-ArcanaOfDestiny","Replay:Mystery Machine","Replay:Bottled Flurry","Bronze Scales","HowToJump","MerchantsRug","Replay:PocketPolymizer","Tiny House","DeathBook","Membership Card","Replay:Bandana","Happy Flower","Counterbalance","Chameleon Ring","Shuriken","Bottled Lightning","Gremlin Horn","testmod-AssaultLearning","Mango","Nunchaku","Replay:Baseball","Strawberry","testmod-BouquetWithThorns","testmod-FatalChain","Habit","Replay:Multitool"],"acts_visited":["Exordium","TheCity","TheBeyond","TheEnding"],"potions_floor_usage":[1,16,20,41,55,55,55,55,55],"damage_taken":[{"damage":0,"enemies":"2 Louse","floor":1,"turns":1},{"damage":0,"enemies":"Cultist","floor":2,"turns":1},{"damage":0,"enemies":"Jaw Worm","floor":4,"turns":1},{"damage":1,"enemies":"Blue Slaver","floor":6,"turns":2},{"damage":0,"enemies":"2 Fungi Beasts","floor":7,"turns":2},{"damage":0,"enemies":"Lagavulin","floor":8,"turns":4},{"damage":11,"enemies":"Gremlin Nob","floor":10,"turns":3},{"damage":0,"enemies":"3 Louse","floor":11,"turns":1},{"damage":0,"enemies":"Lagavulin","floor":14,"turns":3},{"damage":0,"enemies":"The Guardian","floor":16,"turns":5},{"damage":2,"enemies":"conspire:FuzzyDice","floor":18,"turns":2},{"damage":2,"enemies":"Shell Parasite","floor":19,"turns":2},{"damage":2,"enemies":"Snake Plant","floor":20,"turns":2},{"damage":1,"enemies":"conspire:MimicChest","floor":22,"turns":2},{"damage":0,"enemies":"conspire:Head Lice","floor":23,"turns":1},{"damage":0,"enemies":"Centurion and Healer","floor":24,"turns":1},{"damage":0,"enemies":"Snecko","floor":25,"turns":1},{"damage":0,"enemies":"Slavers","floor":28,"turns":1},{"damage":0,"enemies":"conspire:SneckoGhost","floor":30,"turns":2},{"damage":0,"enemies":"Collector","floor":33,"turns":2},{"damage":0,"enemies":"3 Darklings","floor":35,"turns":1},{"damage":0,"enemies":"Orb Walker","floor":36,"turns":1},{"damage":0,"enemies":"Maw","floor":41,"turns":1},{"damage":0,"enemies":"R_Hoarder","floor":42,"turns":1},{"damage":0,"enemies":"Nemesis","floor":44,"turns":1},{"damage":0,"enemies":"Sphere and 2 Shapes","floor":45,"turns":1},{"damage":0,"enemies":"Writhing Mass","floor":47,"turns":1},{"damage":0,"enemies":"Reptomancer","floor":48,"turns":1},{"damage":0,"enemies":"Time Eater","floor":50,"turns":2},{"damage":0,"enemies":"Shield and Spear","floor":54,"turns":1},{"damage":0,"enemies":"Delirium","floor":55,"turns":9}],"seed_played":"-870814214591032546","potions_obtained":[{"floor":1,"key":"testmod-SpacePotion"},{"floor":7,"key":"Fire Potion"},{"floor":8,"key":"Toxic Potion"},{"floor":8,"key":"Venom Potion"},{"floor":10,"key":"Ancient Potion"},{"floor":14,"key":"Block Potion"},{"floor":18,"key":"Block Potion"},{"floor":20,"key":"SteroidPotion"},{"floor":33,"key":"EssenceOfSteel"},{"floor":36,"key":"EssenceOfSteel"},{"floor":41,"key":"testmod-SpacePotion"},{"floor":41,"key":"Block Potion"},{"floor":42,"key":"Block Potion"},{"floor":48,"key":"CultistPotion"}],"is_trial":false,"path_per_floor":["M","M","?","M","$","M","M","E","T","E","M","R","?","E","R","B",null,"M","M","M","?","?","E","M","M","T","R","E","$","E","?","R","B",null,"M","M","?","?","$","R","M","E","T","E","M","R","M","E","R","B",null,"R","$","E","B",null],"character_chosen":"IRONCLAD","items_purchased":["testmod-RealStoneCalender","SatanicBible","HowToJump","Dexterity Potion","MerchantsRug","DeathBook","Limit Break","Membership Card","Metallicize","Replay:Bandana","Heavy Blade+1","Happy Flower","Counterbalance","Mango","Strawberry","testmod-BouquetWithThorns","testmod-FatalChain","Habit"],"campfire_rested":0,"item_purchase_floors":[5,17,29,29,29,34,34,39,39,39,39,39,40,46,49,52,52,53],"current_hp_per_floor":[86,87,73,82,82,90,91,92,92,90,94,94,94,95,95,101,86,86,86,86,69,77,86,90,90,89,88,88,89,89,89,88,93,84,84,84,83,82,81,80,86,92,92,96,96,109,113,115,121,133,132,131,130,134,164],"gold":151,"neow_bonus":"THREE_ENEMY_KILL","is_daily":false,"chose_seed":false,"campfire_upgraded":3,"win_rate":0.0,"timestamp":1614090357,"path_taken":["M","M","?","?","$","M","M","E","T","E","M","R","?","E","R","BOSS","M","M","?","?","?","E","M","M","T","R","E","$","E","?","R","BOSS","M","M","?","?","$","R","M","E","T","E","M","R","?","E","R","BOSS","R","$","E","BOSS"],"items_purchased_type":["Relic","Relic","Relic","Potion","Relic","Relic","Card","Relic","Card","Relic","Card","Relic","Relic","Relic","Relic","Relic","Relic","Relic"],"build_version":"2020-12-22","purchased_purges":5,"victory":true,"max_hp_per_floor":[86,87,88,89,89,90,91,92,92,93,94,94,94,95,95,101,86,86,86,86,90,90,90,90,90,89,88,88,89,89,89,88,93,84,84,84,83,82,81,80,86,92,92,96,96,109,113,115,121,133,132,131,130,134,164],"card_choices":[{"not_picked":[],"picked":"SuicideKing","floor":0},{"not_picked":["Havoc+1","Intimidate+1"],"picked":"Body Slam","floor":1},{"not_picked":["Warcry","Burning Pact"],"picked":"Body Slam","floor":2},{"not_picked":["ReplayTheSpireMod:Corrosion Curse","Second Wind+1"],"picked":"Entrench","floor":4},{"not_picked":["Twin Strike","Dropkick","Wild Strike"],"picked":"SKIP","floor":6},{"not_picked":["Replay:Undeath\u0027s Touch","Headbutt","Bomb"],"picked":"SKIP","floor":7},{"not_picked":["Replay:Undeath\u0027s Touch","Headbutt"],"picked":"Bomb","floor":7},{"not_picked":["Dark Embrace+1","Flame Barrier","conspire:ExplosiveBarrier"],"picked":"SKIP","floor":8},{"not_picked":["Immolate","Perfected Strike","Warcry"],"picked":"SKIP","floor":8},{"not_picked":["Infernal Blade+1","Shockwave","Juggernaut"],"picked":"SKIP","floor":10},{"not_picked":["Havoc","Hemokinesis","Reckless Charge"],"picked":"SKIP","floor":10},{"not_picked":["Bomb","Perfected Strike","ReplayTheSpireMod:Corrosion Curse"],"picked":"SKIP","floor":11},{"not_picked":["Bomb","Clash"],"picked":"Berserk","floor":14},{"not_picked":["Whirlwind","Dropkick","Burning Pact+1"],"picked":"SKIP","floor":14},{"not_picked":["Juggernaut","conspire:Purge"],"picked":"Demon Form","floor":16},{"not_picked":["Sever Soul","Pommel Strike"],"picked":"Thunderclap+1","floor":18},{"not_picked":["Replay:Undeath\u0027s Touch","Pommel Strike+1","Ghostly Armor"],"picked":"SKIP","floor":19},{"not_picked":["Armaments+1","Havoc+1","Perfected Strike"],"picked":"SKIP","floor":20},{"not_picked":["Iron Wave","Reckless Charge","Berserk"],"picked":"SKIP","floor":23},{"not_picked":["Rage+1","Body Slam","Warcry"],"picked":"SKIP","floor":24},{"not_picked":["Iron Wave","Burning Pact","Wild Strike+1"],"picked":"SKIP","floor":25},{"not_picked":["Warcry+1","Run Through","ReplayTheSpireMod:Strike From Hell+1"],"picked":"SKIP","floor":28},{"not_picked":["Flex","Corruption","Clothesline"],"picked":"SKIP","floor":30},{"not_picked":["Anger+1","Flame Barrier+1","Flex"],"picked":"SKIP","floor":35},{"not_picked":["Life Link+1","Evolve+1","ReplayTheSpireMod:Strike From Hell+1"],"picked":"SKIP","floor":36},{"not_picked":["Bloodletting+1","Second Wind+1","Massacre+1"],"picked":"SKIP","floor":41},{"not_picked":["ReplayTheSpireMod:Corrosion Curse+1","Evolve+1","Armaments"],"picked":"SKIP","floor":42},{"not_picked":["Run Through+1","Dark Embrace+1"],"picked":"Metallicize+1","floor":44},{"not_picked":["Shrug It Off+1","Bloodletting+1","Heavy Blade+1"],"picked":"SKIP","floor":45},{"not_picked":["Iron Wave+1","Run Through+1","Offering"],"picked":"SKIP","floor":47},{"not_picked":["Perfected Strike","Iron Wave","Abandon+1"],"picked":"SKIP","floor":48},{"not_picked":["Headbutt+1","Berserk"],"picked":"Heavy Blade+1","floor":54}],"player_experience":1258482,"relics_obtained":[{"floor":6,"key":"testmod-Fortitude"},{"floor":8,"key":"testmod-Maize"},{"floor":9,"key":"testmod-Brilliant"},{"floor":10,"key":"Omamori"},{"floor":14,"key":"Golden Egg"},{"floor":16,"key":"testmod-Laevatain"},{"floor":18,"key":"Replay:Rubber Ducky"},{"floor":22,"key":"testmod-ArcanaOfDestiny"},{"floor":23,"key":"Replay:Mystery Machine"},{"floor":26,"key":"testmod-OneHitWonder"},{"floor":26,"key":"Replay:Bottled Flurry"},{"floor":28,"key":"Bronze Scales"},{"floor":33,"key":"Replay:PocketPolymizer"},{"floor":41,"key":"Chameleon Ring"},{"floor":42,"key":"Shuriken"},{"floor":43,"key":"Bottled Lightning"},{"floor":43,"key":"Gremlin Horn"},{"floor":44,"key":"testmod-AssaultLearning"},{"floor":47,"key":"Nunchaku"},{"floor":48,"key":"Replay:Baseball"},{"floor":54,"key":"Replay:Multitool"}],"event_choices":[{"cards_removed":["Strike_R"],"damage_healed":0,"gold_gain":0,"player_choice":"Card Removal","damage_taken":0,"max_hp_gain":0,"max_hp_loss":0,"event_name":"Wheel of Change","floor":13,"gold_loss":0},{"damage_healed":0,"gold_gain":0,"player_choice":"Shed Blood","damage_taken":21,"max_hp_gain":5,"max_hp_loss":0,"event_name":"Forgotten Altar","floor":21,"gold_loss":0},{"damage_healed":0,"gold_gain":400,"player_choice":"Sell","damage_taken":0,"max_hp_gain":0,"max_hp_loss":0,"event_name":"恩洛斯的盘子","floor":31,"relics_lost":["NeowsBlessing"],"gold_loss":0},{"damage_healed":0,"gold_gain":0,"player_choice":"Leave","damage_taken":0,"max_hp_gain":0,"max_hp_loss":0,"event_name":"conspire:Investor","floor":37,"gold_loss":0},{"cards_removed":["Defend_R"],"damage_healed":0,"gold_gain":0,"player_choice":"Removed Skill","damage_taken":0,"max_hp_gain":0,"max_hp_loss":0,"event_name":"Falling","floor":38,"gold_loss":0}],"is_beta":false,"boss_relics":[{"not_picked":["testmod-Nine","Astrolabe"],"picked":"testmod-PortableAltar"},{"not_picked":[]},{"not_picked":["Runic Dome","testmod-KeyOfTheVoid"],"picked":"Tiny House"},{"not_picked":[]}],"items_purged_floors":[17,29,34,39,40],"is_endless":false,"potions_floor_spawned":[1,6,8,16,18,20,23,24,28,36,41,44,45,48],"ascension_level":-20}}