{"host":"yajbwjoofeeg2olc","time":1614108691,"event":{"mods":["A Magickal Journey","AchievementEnabler","Aspiration","Bard","BaseMod","Beaked The Cultist","Better Altar","Better Match","Better Note","Better Sensory Stone","Better Skull","Better Third Choice","BetterRewards","CCEM2","Clockwork Mod","Colored Map","Colored Powertips","Conspire","Friendly Minions","GifTheSpireLib","Glutton Mod","Gremlin Mod","GungeonMod","Halation","Hermit","HexUI Lib","Highlight Path","Hubris","Hunter ??","Jedi Mod","Jorbs\u0027s Wanderer Trilogy","Library of Ruina","Mad Scientist","Magineer Mod","Magitek Elite","Marisa????????","Mimic Mod","Minty Spire (QoL Compilation)","Permanent Neow","Replay The Spire","Robot Space Explorer","Shade Mod","Shapeshifter Mod","Shop Mod","Spicy Shops","StSLib","Stuff the Spire","The Administrix","The Alterego","The Animator","The Blackbeard","The Bug Knight","The Construct","The Cursed","The Death Knight","The Disciple","The Exalted","The Forsaken","The Marked","The Mystic","The Necromancer","The Problem Sleuth","The Runesmith","The Servant 0.9.4","The Spell Scribe","The Valiant","The Witch","TheHero","TheVacant"],"gold_per_floor":[116,116,132,132,97,139,139,166,191,231,231,278,278,328,328,348,348],"floor_reached":16,"language":"ENG","playtime":1047,"items_purged":["Glutton:Strike"],"score":116,"play_id":"1a296fca-8b01-4f4a-89d4-d89bb75a9510","local_time":"20210223193131","is_ascension_mode":false,"campfire_choices":[{"data":"Glutton:Mug","floor":7,"key":"SMITH"},{"data":"Glutton:Yearn","floor":11,"key":"SMITH"},{"floor":15,"key":"REST"}],"circlet_count":0,"master_deck":["Glutton:Strike","Glutton:Strike","Glutton:Strike","Glutton:Strike","Glutton:Strike","Glutton:Defend","Glutton:Defend","Glutton:Defend","Glutton:Flail","Glutton:Yearn+1","Glutton:Thrombosis","Glutton:Mug+1","Glutton:FeverVisions","Glutton:KneeJerk","Glutton:StarvationMode","Glutton:GuardStance"],"relics":["Glutton:EternalHunger","CCEMRelics:JestersCrown","CCEMRelics:CocoNut","DemoMod:Bottle","CCEMRelics:GrindingGear","Bromod:ArcaneUltimatum","DemoMod:PoisonVial"],"acts_visited":["Exordium"],"potions_floor_usage":[],"damage_taken":[{"damage":6,"enemies":"conspire:RoseBush","floor":1,"turns":2},{"damage":12,"enemies":"Cultist","floor":3,"turns":4},{"damage":49,"enemies":"Replay:BlueRogue","floor":6,"turns":7},{"damage":12,"enemies":"Small Slimes","floor":10,"turns":3},{"damage":33,"enemies":"Lagavulin","floor":12,"turns":5},{"damage":32,"enemies":"Gremlin Nob","floor":14,"turns":4},{"damage":73,"enemies":"The Guardian","floor":16,"turns":7}],"seed_played":"-7597975201241745562","potions_obtained":[{"floor":6,"key":"DemoMod:LeadSkinPotion"},{"floor":10,"key":"Explosive Potion"},{"floor":12,"key":"EssenceOfSteel"}],"is_trial":false,"path_per_floor":["M","?","M","?","$","E","R","T","T","M","R","E","?","E","R","B"],"character_chosen":"GLUTTON","items_purchased":["Glutton:Yearn","CCEMRelics:JestersCrown","CCEMRelics:CocoNut","Glutton:FeverVisions"],"campfire_rested":1,"item_purchase_floors":[0,0,0,5],"current_hp_per_floor":[119,119,116,121,121,78,78,78,78,66,66,42,42,16,55,0,0],"gold":348,"neow_bonus":"","is_daily":false,"chose_seed":false,"campfire_upgraded":2,"win_rate":0.0,"timestamp":1614108691,"path_taken":["M","?","?","?","?","E","R","?","T","M","R","E","?","E","R","BOSS"],"items_purchased_type":["Card","Relic","Relic","Card"],"build_version":"2020-12-22","purchased_purges":1,"victory":false,"max_hp_per_floor":[125,125,125,130,130,130,130,130,130,130,130,130,130,130,130,130,130],"card_choices":[{"not_picked":["Glutton:Bite","Glutton:Yearn"],"picked":"Glutton:Thrombosis","floor":1},{"not_picked":["Glutton:ObsessiveGreed","Glutton:SelfFlagellate"],"picked":"Glutton:Mug","floor":3},{"not_picked":["Glutton:SelfFlagellate","Glutton:ShareWeakness"],"picked":"Glutton:KneeJerk","floor":6},{"not_picked":["Glutton:BloodyKnuckle","Glutton:Rest"],"picked":"Glutton:StarvationMode","floor":10},{"not_picked":["Glutton:Rest","Glutton:PainMeditation","Glutton:GuardStance"],"picked":"SKIP","floor":12},{"not_picked":["Glutton:Treat","Glutton:EatAlive"],"picked":"Glutton:GuardStance","floor":14}],"player_experience":303257,"relics_obtained":[{"floor":6,"key":"DemoMod:Bottle"},{"floor":9,"key":"CCEMRelics:GrindingGear"},{"floor":12,"key":"Bromod:ArcaneUltimatum"},{"floor":14,"key":"DemoMod:PoisonVial"}],"event_choices":[{"damage_healed":0,"gold_gain":0,"player_choice":"Cursed","damage_taken":0,"max_hp_gain":0,"max_hp_loss":0,"event_name":"Wheel of Change","floor":2,"gold_loss":0,"cards_obtained":["Decay"]},{"damage_healed":0,"gold_gain":0,"player_choice":"Donut","damage_taken":0,"max_hp_gain":5,"max_hp_loss":0,"event_name":"Big Fish","floor":4,"gold_loss":0},{"cards_removed":["Decay"],"damage_healed":0,"gold_gain":0,"player_choice":"Removed Curses","damage_taken":0,"max_hp_gain":0,"max_hp_loss":0,"event_name":"Fountain of Cleansing","floor":13,"gold_loss":0}],"is_beta":false,"boss_relics":[],"items_purged_floors":[0],"is_endless":false,"potions_floor_spawned":[6,10,12],"killed_by":"The Guardian","ascension_level":0}}