{"host":"03jd0k347uuzjnun","time":1614083340,"event":{"mods":["BaseMod","Bestiary","Minty Spire (QoL Compilation)","Permanent Neow","Quick Restart","Random Character Button","Relic Stats"],"gold_per_floor":[17,30,42,42,42,42,68,68,68,83,93,118,118,136,136,213,213,232,250,264,281,281,281,281,281],"floor_reached":24,"language":"ENG","playtime":1858,"items_purged":[],"score":420,"play_id":"d96e318e-8bea-4404-b7fd-8a9326861eab","local_time":"20210223132900","is_ascension_mode":true,"campfire_choices":[{"data":"Double Energy","floor":6.0,"key":"SMITH"},{"floor":8.0,"key":"REST"},{"data":"Aggregate","floor":15.0,"key":"SMITH"},{"floor":23,"key":"REST"}],"circlet_count":0,"master_deck":["AscendersBane","Defend_B","Defend_B+1","Defend_B","Zap","Dualcast","Cold Snap","Cold Snap+1","Double Energy+1","Rebound","Aggregate+1","Go for the Eyes+1","Ball Lightning","Hologram","Echo Form","Coolheaded+1","Lockon+1","Redo+1","Static Discharge","Beam Cell","Coolheaded","Decay"],"relics":["Cracked Core","Pocketwatch","Turnip","Ancient Tea Set","Astrolabe"],"acts_visited":["Exordium","TheCity"],"potions_floor_usage":[24,24],"damage_taken":[{"damage":4.0,"enemies":"Small Slimes","floor":1.0,"turns":4.0},{"damage":0.0,"enemies":"Jaw Worm","floor":2.0,"turns":4.0},{"damage":1.0,"enemies":"2 Louse","floor":3.0,"turns":2.0},{"damage":22.0,"enemies":"3 Sentries","floor":7.0,"turns":11.0},{"damage":2.0,"enemies":"Lots of Slimes","floor":10.0,"turns":3.0},{"damage":1.0,"enemies":"Looter","floor":11.0,"turns":2.0},{"damage":14.0,"enemies":"Lagavulin","floor":12.0,"turns":7.0},{"damage":6.0,"enemies":"Blue Slaver","floor":14.0,"turns":3.0},{"damage":8.0,"enemies":"Hexaghost","floor":16.0,"turns":8.0},{"damage":8.0,"enemies":"Spheric Guardian","floor":18.0,"turns":4.0},{"damage":12.0,"enemies":"3 Byrds","floor":19.0,"turns":6.0},{"damage":24.0,"enemies":"Snake Plant","floor":20.0,"turns":4.0},{"damage":2.0,"enemies":"Centurion and Healer","floor":21.0,"turns":7.0},{"damage":33,"enemies":"Slavers","floor":24,"turns":4}],"seed_played":"-4575977995050209222","potions_obtained":[{"floor":3.0,"key":"Fire Potion"},{"floor":7.0,"key":"CultistPotion"},{"floor":18.0,"key":"SteroidPotion"}],"is_trial":false,"path_per_floor":["M","M","M","?","?","R","E","R","T","M","M","E","?","M","R","B",null,"M","M","M","M","?","R","E"],"character_chosen":"DEFECT","items_purchased":[],"campfire_rested":2,"item_purchase_floors":[],"current_hp_per_floor":[60,60,59,59,38,38,16,37,37,35,34,20,20,14,14,6,55,47,35,11,9,9,30,0,0],"gold":281,"neow_bonus":"REMOVE_TWO","is_daily":false,"chose_seed":false,"campfire_upgraded":2,"win_rate":0.0,"timestamp":1614083340,"path_taken":["M","M","M","?","?","R","E","R","T","M","M","E","?","?","R","BOSS","M","M","M","M","?","R","E"],"items_purchased_type":[],"build_version":"2020-12-22","purchased_purges":0,"victory":false,"max_hp_per_floor":[71,71,71,71,71,71,71,71,71,71,71,71,71,71,71,71,71,71,71,71,71,71,71,71,71],"relic_stats":{"counters":[14,69],"Astrolabe":["Coolheaded","Lockon","Redo"],"Turnip":[13],"obtain_stats":[{"Astrolabe":17,"Turnip":9,"Cracked Core":0,"Ancient Tea Set":12,"Pocketwatch":7},{"Astrolabe":9,"Turnip":4,"Cracked Core":0,"Ancient Tea Set":7,"Pocketwatch":4},{"Astrolabe":44,"Turnip":21,"Cracked Core":0,"Ancient Tea Set":33,"Pocketwatch":21}],"Pocketwatch":[57]},"card_choices":[{"not_picked":["Skim","Hologram"],"picked":"Cold Snap","floor":1.0},{"not_picked":["Hello World","Coolheaded"],"picked":"Cold Snap","floor":2.0},{"not_picked":["Force Field","Steam"],"picked":"Double Energy","floor":3.0},{"not_picked":["Beam Cell","Fusion"],"picked":"Rebound","floor":7.0},{"not_picked":["Scrape","Sweeping Beam"],"picked":"Aggregate","floor":10.0},{"not_picked":["Beam Cell","Steam"],"picked":"Go for the Eyes","floor":11.0},{"not_picked":["Static Discharge","Rip and Tear"],"picked":"Ball Lightning","floor":12.0},{"not_picked":["Conserve Battery","Ball Lightning"],"picked":"Hologram","floor":14.0},{"not_picked":["Core Surge","Multi-Cast"],"picked":"Echo Form","floor":16.0},{"not_picked":["BootSequence","Scrape"],"picked":"Static Discharge","floor":18.0},{"not_picked":["Stack","Sweeping Beam"],"picked":"Beam Cell","floor":19.0},{"not_picked":["Sweeping Beam","Cold Snap+1"],"picked":"Coolheaded","floor":20.0},{"not_picked":["Darkness+1","Go for the Eyes","Cold Snap"],"picked":"SKIP","floor":21.0}],"player_experience":1443254,"relics_obtained":[{"floor":7.0,"key":"Pocketwatch"},{"floor":9.0,"key":"Turnip"},{"floor":12.0,"key":"Ancient Tea Set"}],"event_choices":[{"damage_healed":0.0,"max_hp_gain":0.0,"max_hp_loss":0.0,"gold_gain":0.0,"event_name":"Liars Game","player_choice":"Ignored","floor":4.0,"gold_loss":0.0,"damage_taken":0.0},{"damage_healed":0.0,"max_hp_gain":0.0,"max_hp_loss":0.0,"gold_gain":0.0,"event_name":"Shining Light","player_choice":"Entered Light","floor":5.0,"gold_loss":0.0,"damage_taken":21.0,"cards_upgraded":["Defend_B","Cold Snap"]},{"damage_healed":0.0,"max_hp_gain":0.0,"max_hp_loss":0.0,"gold_gain":0.0,"event_name":"Upgrade Shrine","player_choice":"Upgraded","floor":13.0,"gold_loss":0.0,"damage_taken":0.0,"cards_upgraded":["Go for the Eyes"]},{"damage_healed":0,"gold_gain":0,"player_choice":"Smashed Altar","damage_taken":0,"max_hp_gain":0,"max_hp_loss":0,"event_name":"Forgotten Altar","floor":22,"gold_loss":0,"cards_obtained":["Decay"]}],"is_beta":false,"boss_relics":[{"not_picked":["Ectoplasm","Black Star"],"picked":"Astrolabe"}],"items_purged_floors":[],"is_endless":false,"potions_floor_spawned":[3,7,12,18],"killed_by":"Slavers","ascension_level":20}}