{"host":"xnjcin1g6gswdgtt","time":1614119479,"event":{"mods":["2.2 Compatiblity","Act Like it!","Arknights","Aspiration","Astrologer","BaseMod","Beaked The Cultist","Better Altar","Better Match","Better Note","Better Sensory Stone","Better Skull","Better Third Choice","Better Vampires","BetterRewards","Bossed Relics","Card Forge","CatGirl Mod","ChefMod","Colored Map","Colored Powertips","Conspire","Dota2Spire","Downfall","Duelist Mod","Elementarium","Energized Spire","Friendly Minions","Gold Saver","Gremlin Mod","GungeonMod","Hero for Fun","Highlight Path","Hubris","Jedi Mod","JesterMod","Marisa????????","Marked Mod","Menagerie","Minty Spire (QoL Compilation)","Pale of the Ancients","QueenMod","Quick Restart","Rare Cards Sparkle","Relic Stats","Reliquary","Replay The Spire","Robot Space Explorer","Ruina","Shade Mod","Shapeshifter Mod","Shop Mod","Small Relic Pack","Smile Girya","Spicy Shops","StSLib","The Alterego","The Animator","The Blue Laboratory","The Clintock","The Construct","The Cursed","The Death Knight","The Disciple","The Dragon Tamer","The Forsaken","The Hierophant","The Marked","The Mystic","The Necromancer","The Poker Player","The Runesmith","The Saiyan","The Servant 0.9.4","The Showman","The Wild Card","TheBandit","TheSwordswoman","TheVacant","Trackpad","Yuri Mod","??????REMEMod"],"gold_per_floor":[873,65,81,81,94,129,163,163,187,205,58,27,27,56,56,151,151,166,166,221,257,294,333,352,8,31,71,104,152,152,152,192,48,48,167,167,200,231,231,231,261,314,314,314,314,345,345,420,0,12,12,32,66,104,124,176,176,216,216,16,16,36],"floor_reached":63,"language":"ENG","playtime":11000,"items_purged":[],"score":1682,"play_id":"756f3b0f-00b8-4e42-bc45-4f8171d49201","local_time":"20210223163119","is_ascension_mode":false,"campfire_choices":[{"floor":8,"key":"REST"},{"floor":13,"key":"RECALL"},{"floor":15,"key":"REST"},{"floor":44,"key":"REST"},{"floor":47,"key":"REST"},{"floor":51,"key":"REST"},{"floor":57,"key":"REST"},{"floor":59,"key":"REST"}],"circlet_count":0,"master_deck":["theDuelist:Nameless:Magic:GridRod+1","DeathKnight:Hysteria+1","DeathKnight:UnholyFrenzy+1","DeathKnight:UnholyFrenzy+1","DeathKnight:WraithWalk+1","DeathKnight:WraithWalk+1","DeathKnight:MarkOfBlood+1","DeathKnight:DancingRuneblade+1","DeathKnight:Hysteria+1","DeathKnight:ScourgeStrike+1","DeathKnight:IceboundArmor+1","DeathKnight:DeathStrike+1","DeathKnight:PlagueStrike+1","Elementarium:GildedForm+1","DeathKnight:Hysteria+1","DeathKnight:GargoyleSkin+1","DeathKnight:GargoyleSkin+1","ReplayTheSpireMod:Private Reserves+1","DeathKnight:UnholyFrenzy+1","DeathKnight:BoneShield+1","DeathKnight:UnholyFrenzy+1","DeathKnight:Pestilence+1","DeathKnight:BloodStrike+1","DeathKnight:DeathAndDecay+1"],"relics":["DeathKnight:BrokenRuneblade","Hammer of Thor","Seething Fire","Anvil of the Gods","REME_ComplimentaryCards","theDuelist:BoosterPackPoolRelic","DeathKnight:LanathelsBloodyNail","DeathKnight:Scourgestone","reliquary:FingerTrap","Orrery","DemoMod:GlassGuonStoneRelic","Replay:Towering Pillar of Hats","Dota2Spire:CrimsonGuard","Blue Doll","Durian","Dota2Spire:RefresherOrb","Mirror","jedi:heavyjacket","Dota2Spire:ArmletOfMordiggian","Elementarium:ElementariumTrophy","conspire:SlowCooker","Pen Nib","Bottled Flame","theDuelist:ShopToken","paleoftheancients:Timepiece","paleoftheancients:KeyRelic","Ice Cream","paleoftheancients:BlurryLens","reliquary:PorcupineQuills","paleoftheancients:SoulOfTheVixen","MerchantsRug","aspiration:HummingbirdHeart"],"acts_visited":["Exordium","Elementarium:Elementarium","TheBeyond","paleoftheancients:PaleOfTheAncients"],"potions_floor_usage":[6,24],"damage_taken":[{"damage":0,"enemies":"Small Slimes","floor":1,"turns":3},{"damage":0,"enemies":"Cultist","floor":3,"turns":2},{"damage":2,"enemies":"Jaw Worm","floor":5,"turns":4},{"damage":14,"enemies":"Gremlin Nob","floor":6,"turns":4},{"damage":0,"enemies":"Lagavulin","floor":7,"turns":6},{"damage":0,"enemies":"2 Fungi Beasts","floor":10,"turns":6},{"damage":0,"enemies":"Gremlin Nob","floor":14,"turns":3},{"damage":0,"enemies":"The Guardian","floor":16,"turns":5},{"damage":0,"enemies":"Elementarium:2_ELEMENTALS","floor":18,"turns":2},{"damage":0,"enemies":"Slavers","floor":20,"turns":5},{"damage":0,"enemies":"Elementarium:Cyclone","floor":21,"turns":4},{"damage":0,"enemies":"Elementarium:RubyGolem","floor":22,"turns":4},{"damage":0,"enemies":"Elementarium:3_ELEMENTALS","floor":23,"turns":4},{"damage":0,"enemies":"Elementarium:VOID_CORRUPTION_AND_TAR_GOLEM","floor":24,"turns":5},{"damage":0,"enemies":"Elementarium:STONE_GOLEMS","floor":27,"turns":3},{"damage":0,"enemies":"Elementarium:RubyGolem","floor":28,"turns":3},{"damage":0,"enemies":"Elementarium:FIRE_NOBILITY","floor":29,"turns":8},{"damage":0,"enemies":"Elementarium:3_ELEMENTALS","floor":32,"turns":3},{"damage":7,"enemies":"Elementarium:GoldenDragon","floor":35,"turns":7},{"damage":0,"enemies":"3 Shapes","floor":37,"turns":3},{"damage":0,"enemies":"Orb Walker","floor":38,"turns":4},{"damage":0,"enemies":"Sphere and 2 Shapes","floor":41,"turns":3},{"damage":0,"enemies":"Nemesis","floor":42,"turns":5},{"damage":0,"enemies":"Maw","floor":46,"turns":6},{"damage":0,"enemies":"3 Darklings","floor":50,"turns":2},{"damage":12,"enemies":"Awakened One","floor":52,"turns":7},{"damage":0,"enemies":"Awakened One","floor":53,"turns":7},{"damage":0,"enemies":"Awakened One","floor":54,"turns":9},{"damage":0,"enemies":"paleoftheancients:BASlime1","floor":55,"turns":1},{"damage":0,"enemies":"paleoftheancients:BASlime1","floor":58,"turns":7},{"damage":4,"enemies":"paleoftheancients:N","floor":62,"turns":11}],"seed_played":"-7641899892006896810","potions_obtained":[{"floor":1,"key":"sneckomod:MuddlingPotion"},{"floor":4,"key":"Strength Potion"},{"floor":4,"key":"blueLaboratory:EmptyBottle"},{"floor":6,"key":"jedi:wingpotion"},{"floor":22,"key":"blueLaboratory:FrostheartPotion"},{"floor":23,"key":"Fire Potion"},{"floor":24,"key":"blueLaboratory:FruitPunch"},{"floor":37,"key":"Fire Potion"},{"floor":48,"key":"DeathKnight:PlagueVial"}],"is_trial":false,"path_per_floor":["M","$","M","?","M","E","E","R","T","M","$","$","R","E","R","B",null,"M","?","?","M","M","M","M","$","T","M","M","E","PTL","PTL","M","$","R_BF","B",null,"M","M","T","$","M","E","?","R","T","M","R","?","?","M","R","B","M","M","M","T","R","M","R","$","?","B",null],"character_chosen":"DEATH_KNIGHT","items_purchased":["DeathKnight:LanathelsBloodyNail","DeathKnight:Scourgestone","construct:BoolHorns","reliquary:FingerTrap","DeathKnight:UnholyFrenzy","Orrery","Blue Doll","DeathKnight:DeathStrike","jedi:heavyjacket","DeathKnight:GargoyleSkin","ReplayTheSpireMod:Private Reserves+1","Dota2Spire:ArmletOfMordiggian","MerchantsRug","aspiration:HummingbirdHeart"],"campfire_rested":7,"item_purchase_floors":[2,2,2,2,2,2,11,12,25,25,25,33,60,60],"current_hp_per_floor":[75,75,75,75,73,59,59,75,75,75,75,75,75,80,80,80,80,80,71,71,71,71,71,71,71,71,71,71,71,71,71,71,71,71,69,71,71,71,71,71,71,71,71,71,71,71,71,43,43,53,71,77,77,77,77,77,77,77,77,77,77,75],"gold":36,"neow_bonus":"NOSTALGIA","is_daily":false,"chose_seed":false,"campfire_upgraded":0,"win_rate":0.0,"timestamp":1614119479,"path_taken":["M","$","M","?","M","E","E","R","T","?","?","$","R","E","R","BOSS","M","?","?","M","?","M","?","?","T","M","M","E","PTL","PTL","M","$","R_BF","BOSS","M","M","?","$","M","E","?","R","T","?","R","?","?","M","R","BOSS","M","M","?","T","R","M","R","$","?","BOSS"],"items_purchased_type":["Relic","Relic","Relic","Relic","Card","Relic","Relic","Card","Relic","Card","Card","Relic","Relic","Relic"],"build_version":"2020-12-22","purchased_purges":0,"victory":true,"max_hp_per_floor":[75,75,75,75,75,75,75,75,75,75,75,75,75,80,80,80,80,80,71,71,71,71,71,71,71,71,71,71,71,71,71,71,71,71,71,71,71,71,71,71,71,71,71,71,71,71,71,71,71,71,71,77,77,77,77,77,77,77,77,77,77,77],"relic_stats":{"counters":[31,146],"Pen Nib":[10],"obtain_stats":[{"construct:BoolHorns":2,"Ice Cream":52,"Dota2Spire:ArmletOfMordiggian":33,"Blue Doll":11,"Hammer of Thor":0,"DemoMod:GlassGuonStoneRelic":1,"Dota2Spire:RefresherOrb":17,"theDuelist:BoosterPackPoolRelic":0,"Dota2Spire:CrimsonGuard":7,"trackpad:Compendium":29,"reliquary:FingerTrap":2,"DeathKnight:BrokenRuneblade":0,"DeathKnight:LanathelsBloodyNail":2,"MerchantsRug":60,"paleoftheancients:KeyRelic":52,"Replay:Towering Pillar of Hats":6,"aspiration:Nostalgia":0,"paleoftheancients:BlurryLens":55,"conspire:SlowCooker":36,"Pen Nib":42,"paleoftheancients:SoulOfTheVixen":58,"aspiration:HummingbirdHeart":60,"Seething Fire":0,"reliquary:WeakTea":26,"theDuelist:ShopToken":49,"paleoftheancients:Timepiece":52,"jedi:heavyjacket":25,"Bottled Flame":45,"reliquary:PorcupineQuills":56,"Elementarium:ElementariumTrophy":35,"Anvil of the Gods":0,"DeathKnight:Scourgestone":2,"Orrery":2,"Durian":14,"jedi:command_shop":49,"Mirror":20,"REME_ComplimentaryCards":0},{"construct:BoolHorns":1,"Ice Cream":26,"Dota2Spire:ArmletOfMordiggian":18,"Blue Doll":6,"Hammer of Thor":0,"DemoMod:GlassGuonStoneRelic":1,"Dota2Spire:RefresherOrb":8,"theDuelist:BoosterPackPoolRelic":0,"Dota2Spire:CrimsonGuard":5,"trackpad:Compendium":17,"reliquary:FingerTrap":1,"DeathKnight:BrokenRuneblade":0,"DeathKnight:LanathelsBloodyNail":1,"MerchantsRug":30,"paleoftheancients:KeyRelic":26,"Replay:Towering Pillar of Hats":4,"aspiration:Nostalgia":0,"paleoftheancients:BlurryLens":29,"conspire:SlowCooker":19,"Pen Nib":23,"paleoftheancients:SoulOfTheVixen":30,"aspiration:HummingbirdHeart":30,"Seething Fire":0,"reliquary:WeakTea":14,"theDuelist:ShopToken":24,"paleoftheancients:Timepiece":26,"jedi:heavyjacket":14,"Bottled Flame":23,"reliquary:PorcupineQuills":29,"Elementarium:ElementariumTrophy":19,"Anvil of the Gods":0,"DeathKnight:Scourgestone":1,"Orrery":1,"Durian":7,"jedi:command_shop":24,"Mirror":10,"REME_ComplimentaryCards":0},{"construct:BoolHorns":3,"Ice Cream":111,"Dota2Spire:ArmletOfMordiggian":74,"Blue Doll":25,"Hammer of Thor":0,"DemoMod:GlassGuonStoneRelic":3,"Dota2Spire:RefresherOrb":33,"theDuelist:BoosterPackPoolRelic":0,"Dota2Spire:CrimsonGuard":19,"trackpad:Compendium":71,"reliquary:FingerTrap":3,"DeathKnight:BrokenRuneblade":0,"DeathKnight:LanathelsBloodyNail":3,"MerchantsRug":135,"paleoftheancients:KeyRelic":111,"Replay:Towering Pillar of Hats":13,"aspiration:Nostalgia":0,"paleoftheancients:BlurryLens":128,"conspire:SlowCooker":81,"Pen Nib":96,"paleoftheancients:SoulOfTheVixen":135,"aspiration:HummingbirdHeart":135,"Seething Fire":0,"reliquary:WeakTea":57,"theDuelist:ShopToken":102,"paleoftheancients:Timepiece":111,"jedi:heavyjacket":57,"Bottled Flame":96,"reliquary:PorcupineQuills":128,"Elementarium:ElementariumTrophy":81,"Anvil of the Gods":0,"DeathKnight:Scourgestone":3,"Orrery":3,"Durian":28,"jedi:command_shop":102,"Mirror":40,"REME_ComplimentaryCards":0}]},"card_choices":[{"not_picked":["DeathKnight:Ossuary","DeathKnight:FrostStrike"],"picked":"DeathKnight:Hysteria","floor":1},{"not_picked":["DeathKnight:BloodTap","DeathKnight:UnholyAssault"],"picked":"DeathKnight:ThirstingStrike","floor":2},{"not_picked":["DeathKnight:MindFreeze","DeathKnight:Pestilence"],"picked":"DeathKnight:WraithWalk","floor":2},{"not_picked":["DeathKnight:RaiseAlly","DeathKnight:Parry"],"picked":"DeathKnight:WraithWalk","floor":2},{"not_picked":["DeathKnight:DeathCoil","DeathKnight:DreadStrike"],"picked":"DeathKnight:MarkOfBlood","floor":2},{"not_picked":["DeathKnight:DeathAndDecay","DeathKnight:Ossuary"],"picked":"DeathKnight:DancingRuneblade","floor":2},{"not_picked":["DeathKnight:MutagenicPlague","DeathKnight:UnholyPresence"],"picked":"DeathKnight:Hysteria","floor":3},{"not_picked":["DeathKnight:Culling","DeathKnight:Parry"],"picked":"DeathKnight:ScourgeStrike","floor":5},{"not_picked":["DeathKnight:ThirstingStrike","DeathKnight:DancingRuneblade"],"picked":"DeathKnight:IceboundArmor","floor":6},{"not_picked":["DeathKnight:MutagenicPlague","DeathKnight:PathOfFrost","DeathKnight:BladedArmor"],"picked":"SKIP","floor":7},{"not_picked":["DeathKnight:HartStrike","DeathKnight:BloodEchoes","DeathKnight:IcyTouch"],"picked":"SKIP","floor":10},{"not_picked":["DeathKnight:FrosPresence","DeathKnight:Outbreak"],"picked":"DeathKnight:PlagueStrike","floor":14},{"not_picked":["DeathKnight:BloodPact","DeathKnight:FrosPresence","DeathKnight:DeathGrip"],"picked":"SKIP","floor":18},{"not_picked":["DeathKnight:BloodTap+1","DeathKnight:DeathAndDecay"],"picked":"DeathKnight:DarkSuccor","floor":20},{"not_picked":["DeathKnight:BludPresence","DeathKnight:FrosPresence+1","DeathKnight:RuneShock"],"picked":"SKIP","floor":21},{"not_picked":["DeathKnight:BloodTap","DeathKnight:Runesurge"],"picked":"DeathKnight:Hysteria","floor":22},{"not_picked":["DeathKnight:FrosPresence","DeathKnight:DeathGrip","DeathKnight:Hemostasis"],"picked":"SKIP","floor":23},{"not_picked":["DeathKnight:BladedArmor","DeathKnight:Marrowrend","DeathKnight:DeathGrip+1"],"picked":"SKIP","floor":24},{"not_picked":["DeathKnight:Obliterate","DeathKnight:Parry","DeathKnight:RunicCorruption"],"picked":"SKIP","floor":27},{"not_picked":["DeathKnight:DeathAndDecay+1","DeathKnight:FoulBulwark+1"],"picked":"DeathKnight:UnholyFrenzy","floor":28},{"not_picked":["DeathKnight:ScourgeStrike","DeathKnight:HornOfWinter"],"picked":"DeathKnight:DeathAndDecay+1","floor":29},{"not_picked":["DeathKnight:Marrowrend","DeathKnight:MindFreeze"],"picked":"DeathKnight:HartStrike+1","floor":32},{"not_picked":["DeathKnight:ArmyOfTheDead","DeathKnight:Frostscythe"],"picked":"DeathKnight:SindragosasBreath","floor":35},{"not_picked":["DeathKnight:FrosPresence+1","DeathKnight:HartStrike+1","DeathKnight:Parry+1"],"picked":"SKIP","floor":37},{"not_picked":["DeathKnight:PillarOfFrost","DeathKnight:DreadStrike","DeathKnight:BoneSpear"],"picked":"SKIP","floor":38},{"not_picked":["DeathKnight:PillarOfFrost","DeathKnight:DreadStrike","DeathKnight:BoneSpear"],"picked":"SKIP","floor":38},{"not_picked":["DeathKnight:Rot","DeathKnight:MutagenicPlague","DeathKnight:DeathCoil"],"picked":"SKIP","floor":41},{"not_picked":["DeathKnight:VampiricBlood","DeathKnight:PillarOfFrost"],"picked":"DeathKnight:BoneShield+1","floor":42},{"not_picked":["DeathKnight:Parry","DeathKnight:IcyTouch","DeathKnight:BoneSpear+1"],"picked":"SKIP","floor":46},{"not_picked":["DeathKnight:FrosPresence+1","DeathKnight:HowlingBlast","DeathKnight:IcyTouch+1"],"picked":"SKIP","floor":50},{"not_picked":["DeathKnight:BladedArmor+1","DeathKnight:HornOfWinter+1"],"picked":"DeathKnight:UnholyFrenzy+1","floor":53},{"not_picked":["DeathKnight:DeathCoil","DeathKnight:IceboundArmor"],"picked":"DeathKnight:Pestilence","floor":54},{"not_picked":["DeathKnight:HartStrike","DeathKnight:PathOfFrost+1"],"picked":"DeathKnight:BloodStrike+1","floor":55},{"not_picked":["DeathKnight:MindFreeze","DeathKnight:HornOfWinter+1"],"picked":"DeathKnight:DeathAndDecay+1","floor":58}],"player_experience":229515,"relics_obtained":[{"floor":6,"key":"Replay:Towering Pillar of Hats"},{"floor":7,"key":"Dota2Spire:CrimsonGuard"},{"floor":14,"key":"Durian"},{"floor":20,"key":"Mirror"},{"floor":26,"key":"reliquary:WeakTea"},{"floor":29,"key":"trackpad:Compendium"},{"floor":42,"key":"Pen Nib"},{"floor":45,"key":"Bottled Flame"},{"floor":55,"key":"paleoftheancients:BlurryLens"},{"floor":56,"key":"reliquary:PorcupineQuills"},{"floor":58,"key":"paleoftheancients:SoulOfTheVixen"}],"event_choices":[{"damage_healed":0,"gold_gain":0,"player_choice":"Got Potions","damage_taken":0,"max_hp_gain":0,"max_hp_loss":0,"event_name":"Lab","floor":4,"gold_loss":0},{"damage_healed":0,"gold_gain":0,"player_choice":"Dive in","damage_taken":0,"max_hp_gain":0,"max_hp_loss":9,"event_name":"Elementarium:FountainOfGold","floor":19,"gold_loss":0,"cards_obtained":["Elementarium:GildedForm"]},{"damage_healed":0,"gold_gain":0,"player_choice":"Enter","damage_taken":0,"max_hp_gain":0,"max_hp_loss":0,"event_name":"Elementarium:OtherworldlyPassage","floor":20,"gold_loss":0},{"cards_removed":["DeathKnight:ThirstingStrike"],"damage_healed":0,"gold_gain":0,"player_choice":"Removed Attack","damage_taken":0,"max_hp_gain":0,"max_hp_loss":0,"event_name":"Falling","floor":43,"gold_loss":0}],"is_beta":false,"boss_relics":[{"not_picked":["aspiration:IroncladSkillbook","hubris:HollowSoul"],"picked":"Dota2Spire:RefresherOrb"},{"not_picked":["aspiration:RunicSpoon","aspiration:MarisaSkillbook"],"picked":"conspire:SlowCooker"}],"items_purged_floors":[],"is_endless":false,"potions_floor_spawned":[1,5,6,22,23,24,28,29,35,37,46,50],"ascension_level":0}}