{"host":"981nlwu0905dw1bz","time":1614082394,"event":{"mods":["AchievementEnabler","BaseMod","DeckTracker","Minty Spire (QoL Compilation)","Rare Cards Sparkle","SuperFastMode"],"gold_per_floor":[109,119,119,119,119,154,154,72,150,150,186,186,220,42,42,170,170,190,190,205,205,221,221,221,0,26,26,65,65,98,112,112,232,232,247,247,270,294,137,137,155,195,195,218,258,258,258,258,258,258,258],"floor_reached":50,"language":"KOR","playtime":770,"items_purged":[],"score":878,"play_id":"37c11962-1dfa-49bb-bea3-7c0e15375b62","local_time":"20210223211314","is_ascension_mode":true,"campfire_choices":[{"data":"Carnage","floor":7.0,"key":"SMITH"},{"data":"Wild Strike","floor":10.0,"key":"SMITH"},{"data":"Fire Breathing","floor":12.0,"key":"SMITH"},{"floor":15.0,"key":"REST"},{"data":"Apotheosis","floor":23.0,"key":"SMITH"},{"floor":27.0,"key":"REST"},{"floor":32,"key":"REST"},{"floor":40,"key":"REST"},{"floor":46,"key":"REST"},{"floor":49,"key":"REST"}],"circlet_count":0,"master_deck":["Strike_R","Strike_R","Defend_R","Defend_R","Defend_R","Bash+1","Carnage+1","Ghostly Armor","Wild Strike+1","Fire Breathing+1","Reckless Charge+1","Ghostly Armor+1","Apotheosis+1","Thunderclap+1","Sword Boomerang+1","Immolate+1","Reckless Charge+1","Rupture+1","Reckless Charge+1","Whirlwind+1","Madness","Madness"],"relics":["Burning Blood","NeowsBlessing","PreservedInsect","Golden Idol","Darkstone Periapt","Molten Egg 2","Bottled Flame","Lantern","Astrolabe","Nilry\u0027s Codex","MutagenicStrength","Brimstone","Orichalcum","Boot","Mercury Hourglass","Mark of Pain","Regal Pillow","Bronze Scales","Pantograph","Toy Ornithopter"],"acts_visited":["Exordium","TheCity","TheBeyond"],"potions_floor_usage":[33,45,45,50],"damage_taken":[{"damage":0.0,"enemies":"Jaw Worm","floor":1.0,"turns":1.0},{"damage":0.0,"enemies":"Small Slimes","floor":2.0,"turns":1.0},{"damage":0.0,"enemies":"3 Sentries","floor":6.0,"turns":2.0},{"damage":0.0,"enemies":"Gremlin Nob","floor":11.0,"turns":3.0},{"damage":25.0,"enemies":"Lagavulin","floor":13.0,"turns":4.0},{"damage":21.0,"enemies":"The Guardian","floor":16.0,"turns":8.0},{"damage":2.0,"enemies":"Shell Parasite","floor":18.0,"turns":2.0},{"damage":7.0,"enemies":"3 Byrds","floor":20.0,"turns":3.0},{"damage":16.0,"enemies":"Snecko","floor":22.0,"turns":4.0},{"damage":0.0,"enemies":"Gremlin Leader","floor":28.0,"turns":5.0},{"damage":27,"enemies":"Book of Stabbing","floor":30,"turns":3},{"damage":10,"enemies":"3 Cultists","floor":31,"turns":3},{"damage":35,"enemies":"Collector","floor":33,"turns":5},{"damage":7,"enemies":"Orb Walker","floor":35,"turns":2},{"damage":0,"enemies":"3 Shapes","floor":37,"turns":3},{"damage":35,"enemies":"Spire Growth","floor":38,"turns":4},{"damage":0,"enemies":"Sphere and 2 Shapes","floor":41,"turns":1},{"damage":43,"enemies":"Giant Head","floor":42,"turns":6},{"damage":1,"enemies":"Maw","floor":44,"turns":4},{"damage":21,"enemies":"Reptomancer","floor":45,"turns":3},{"damage":145,"enemies":"Donu and Deca","floor":50,"turns":5}],"seed_played":"-1087129244677445302","potions_obtained":[{"floor":2.0,"key":"Block Potion"},{"floor":11.0,"key":"Strength Potion"},{"floor":13.0,"key":"ElixirPotion"},{"floor":20.0,"key":"Fruit Juice"},{"floor":22.0,"key":"LiquidBronze"},{"floor":35,"key":"DistilledChaos"},{"floor":45,"key":"FairyPotion"}],"is_trial":false,"path_per_floor":["M","M","?","?","?","E","R","$","T","R","E","R","E","$","R","B",null,"M","?","M","?","M","R","?","$","T","R","E","?","E","M","R","B",null,"M","?","M","M","$","R","M","E","T","M","E","R","?","?","R","B"],"character_chosen":"IRONCLAD","items_purchased":["Wild Strike","Fire Breathing","Apotheosis","Brimstone","Reckless Charge+1","Regal Pillow"],"campfire_rested":6,"item_purchase_floors":[8,8,14,25,25,39],"current_hp_per_floor":[78,80,80,73,53,59,59,59,59,59,65,65,46,46,70,55,74,78,62,61,61,56,56,56,56,56,81,85,85,64,60,85,56,78,77,77,83,54,54,85,85,48,48,53,38,78,67,67,85,0,0],"gold":258,"neow_bonus":"THREE_ENEMY_KILL","is_daily":false,"chose_seed":false,"campfire_upgraded":4,"win_rate":0.0,"timestamp":1614082394,"path_taken":["M","M","?","?","?","E","R","$","T","R","E","R","E","?","R","BOSS","M","?","M","?","M","R","?","$","T","R","E","?","E","M","R","BOSS","M","?","M","?","$","R","M","E","T","M","E","R","?","?","R","BOSS"],"items_purchased_type":["Card","Card","Card","Relic","Card","Relic"],"build_version":"2020-12-22","purchased_purges":0,"victory":false,"max_hp_per_floor":[80,80,80,80,80,80,80,80,80,80,80,80,80,80,80,80,80,80,80,80,80,85,85,85,85,85,85,85,85,85,85,85,85,85,85,85,85,85,85,85,85,85,85,85,85,85,85,85,85,85,85],"card_choices":[{"not_picked":["Clash","Flex"],"picked":"Carnage","floor":1.0},{"not_picked":["Bloodletting","Reckless Charge","Shockwave"],"picked":"SKIP","floor":2.0},{"not_picked":["Sever Soul","Double Tap"],"picked":"Ghostly Armor","floor":6.0},{"not_picked":["Perfected Strike+1","Twin Strike+1"],"picked":"Reckless Charge+1","floor":11.0},{"not_picked":["Whirlwind+1","Thunderclap+1"],"picked":"Ghostly Armor","floor":13.0},{"not_picked":["Shockwave+1","Headbutt+1"],"picked":"Reckless Charge+1","floor":18.0},{"not_picked":["Perfected Strike+1","Clothesline+1"],"picked":"Rupture+1","floor":20.0},{"not_picked":["Shrug It Off+1","Body Slam+1","Searing Blow+1"],"picked":"SKIP","floor":22.0},{"not_picked":["Seeing Red","Burning Pact","Rampage+1"],"picked":"SKIP","floor":28.0},{"not_picked":["Iron Wave+1","Flex","Hemokinesis+1"],"picked":"SKIP","floor":30},{"not_picked":["True Grit+1","Sword Boomerang+1"],"picked":"Whirlwind+1","floor":31},{"not_picked":["Iron Wave+1","Armaments","Thunderclap+1"],"picked":"SKIP","floor":35},{"not_picked":["Clash+1","Warcry","Dropkick+1"],"picked":"SKIP","floor":37},{"not_picked":["Searing Blow+1","Reckless Charge+1","Pummel+1"],"picked":"SKIP","floor":38},{"not_picked":["Rage","Clothesline+1","Hemokinesis+1"],"picked":"SKIP","floor":41},{"not_picked":["Cleave+1","Feed+1","Sword Boomerang+1"],"picked":"SKIP","floor":42},{"not_picked":["Bloodletting","Hemokinesis+1","Reckless Charge+1"],"picked":"SKIP","floor":44},{"not_picked":["Warcry","Pommel Strike+1","True Grit"],"picked":"SKIP","floor":45}],"player_experience":568929,"relics_obtained":[{"floor":6.0,"key":"Darkstone Periapt"},{"floor":9.0,"key":"Molten Egg 2"},{"floor":11.0,"key":"Bottled Flame"},{"floor":13.0,"key":"Lantern"},{"floor":19.0,"key":"Nilry\u0027s Codex"},{"floor":26.0,"key":"Orichalcum"},{"floor":28.0,"key":"Boot"},{"floor":30,"key":"Mercury Hourglass"},{"floor":42,"key":"Bronze Scales"},{"floor":43,"key":"Pantograph"},{"floor":45,"key":"Toy Ornithopter"}],"event_choices":[{"damage_healed":0.0,"max_hp_gain":0.0,"max_hp_loss":0.0,"gold_gain":0.0,"event_name":"Shining Light","player_choice":"Ignored","floor":3.0,"gold_loss":0.0,"damage_taken":0.0},{"damage_healed":0.0,"max_hp_gain":0.0,"max_hp_loss":0.0,"gold_gain":0.0,"event_name":"Scrap Ooze","player_choice":"Success","floor":4.0,"gold_loss":0.0,"damage_taken":7.0,"relics_obtained":["PreservedInsect"]},{"damage_healed":0.0,"max_hp_gain":0.0,"max_hp_loss":0.0,"gold_gain":0.0,"event_name":"Golden Idol","player_choice":"Take Damage","floor":5.0,"gold_loss":0.0,"damage_taken":20.0,"relics_obtained":["Golden Idol"]},{"damage_healed":0.0,"max_hp_gain":0.0,"max_hp_loss":0.0,"gold_gain":0.0,"event_name":"Cursed Tome","player_choice":"Obtained Book","floor":19.0,"gold_loss":0.0,"damage_taken":16.0},{"damage_healed":0.0,"max_hp_gain":0.0,"max_hp_loss":0.0,"gold_gain":0.0,"event_name":"Beggar","player_choice":"Ignored","floor":21.0,"gold_loss":0.0,"damage_taken":0.0},{"damage_healed":0.0,"max_hp_gain":0.0,"max_hp_loss":0.0,"gold_gain":0.0,"event_name":"Drug Dealer","player_choice":"Inject Mutagens","floor":24.0,"gold_loss":0.0,"damage_taken":0.0,"relics_obtained":["MutagenicStrength"]},{"damage_healed":0,"gold_gain":0,"player_choice":"Forge","damage_taken":0,"max_hp_gain":0,"max_hp_loss":0,"event_name":"Accursed Blacksmith","floor":29,"gold_loss":0,"cards_upgraded":["Bash"]},{"damage_healed":0,"gold_gain":0,"player_choice":"Upgraded","damage_taken":0,"max_hp_gain":0,"max_hp_loss":0,"event_name":"Upgrade Shrine","floor":36,"gold_loss":0,"cards_upgraded":["Ghostly Armor"]},{"damage_healed":0,"gold_gain":0,"player_choice":"Embrace Madness","damage_taken":11,"max_hp_gain":0,"max_hp_loss":0,"event_name":"Winding Halls","floor":47,"gold_loss":0,"cards_obtained":["Madness","Madness"]},{"cards_removed":["Defend_R"],"damage_healed":0,"gold_gain":0,"player_choice":"Removed Skill","damage_taken":0,"max_hp_gain":0,"max_hp_loss":0,"event_name":"Falling","floor":48,"gold_loss":0}],"is_beta":false,"boss_relics":[{"not_picked":["Pandora\u0027s Box","Velvet Choker"],"picked":"Astrolabe"},{"not_picked":["Philosopher\u0027s Stone","Runic Pyramid"],"picked":"Mark of Pain"}],"items_purged_floors":[],"is_endless":false,"potions_floor_spawned":[2,11,13,16,18,20,22,31,35,41,44,45],"killed_by":"Donu and Deca","ascension_level":8}}