{"host":"juo1mu1of3wqwv1b","time":1614117251,"event":{"mods":["AchievementEnabler","BaseMod","BetterRewards","Colored Powertips","Custom Start","Downfall","Hermit","Infinite Spire","Koishi","Marisa????????","Minty Spire (QoL Compilation)","Replay The Spire","StSLib","The Administrix","The Construct","The Cursed","The Disciple","The Hierophant","The Servant 0.9.4"],"gold_per_floor":[114,114,13,13,24,56,75,105,129,129,129,129,165,27,27,157,157,196,71,71,122,186,186,255,302,326,326,5,5,43,120,120,243,243,289,63,63,108,108,120,120],"floor_reached":40,"language":"ENG","playtime":2203,"items_purged":["Strike_S","Strike_S","Defend_S","KidneyShot"],"score":583,"play_id":"79e3aec6-168d-400a-8ce4-29a893fa1cc3","local_time":"20210224005411","is_ascension_mode":true,"campfire_choices":[{"data":"Starlight","floor":10,"key":"SMITH"},{"data":"Ricochet","floor":12,"key":"SMITH"},{"data":"Defend_S","floor":15,"key":"PURGE"},{"data":"SurpressingFire","floor":23,"key":"SMITH"},{"data":"FlawlessForm","floor":27,"key":"SMITH"},{"data":"SurpressingFire","floor":29,"key":"SMITH"},{"data":"Potential","floor":32,"key":"SMITH"}],"circlet_count":0,"master_deck":["Exchange","BottledTime","Alleviate","Starlight+1","BottledTime","SurpressingFire+1","Sunlight","Barrier+1","Moondial+1","Foresight+1","Moondial+1","BestPractice+1","ShatteredReality","FlawlessForm+1","Moondial+1","TimeWarp","SurpressingFire+1","Potential+1","DualDimension+1","Luminosity","Contraction+1","Madness","Madness"],"relics":["Uniform","NeowsBlessing","Blood Vial","Replay:Bandana","Orichalcum","Astrolabe","Omamori","Replay:Mystery Machine","Kunai","Nunchaku","Replay:Grab Bag","Coffee Dripper","MysterySword","Empty Cage"],"acts_visited":["Exordium","TheCity","TheBeyond"],"potions_floor_usage":[21,31,31],"damage_taken":[{"damage":0,"enemies":"Jaw Worm","floor":1,"turns":1},{"damage":0,"enemies":"Small Slimes","floor":5,"turns":1},{"damage":0,"enemies":"Gremlin Nob","floor":6,"turns":1},{"damage":0,"enemies":"Cultist","floor":7,"turns":3},{"damage":37,"enemies":"3 Sentries","floor":8,"turns":11},{"damage":0,"enemies":"Exordium Wildlife","floor":13,"turns":2},{"damage":0,"enemies":"Fading Forest","floor":16,"turns":11},{"damage":6,"enemies":"Chosen","floor":18,"turns":4},{"damage":0,"enemies":"3 Byrds","floor":21,"turns":2},{"damage":8,"enemies":"Cultist and Chosen","floor":22,"turns":5},{"damage":14,"enemies":"Slavers","floor":24,"turns":4},{"damage":0,"enemies":"3 Cultists","floor":25,"turns":2},{"damage":0,"enemies":"Snecko","floor":30,"turns":7},{"damage":3,"enemies":"Gremlin Leader","floor":31,"turns":3},{"damage":17,"enemies":"Collector","floor":33,"turns":8},{"damage":0,"enemies":"Orb Walker","floor":35,"turns":3},{"damage":35,"enemies":"3 Shapes","floor":38,"turns":3},{"damage":24,"enemies":"Nightmare","floor":40,"turns":3}],"seed_played":"6386972691157849217","potions_obtained":[{"floor":1,"key":"Dexterity Potion"},{"floor":5,"key":"LiquidMemories"},{"floor":7,"key":"sneckomod:MuddlingPotion"},{"floor":13,"key":"AttackPotion"},{"floor":18,"key":"ColorlessPotion"},{"floor":22,"key":"champ:CounterPotion"},{"floor":30,"key":"Block Potion"},{"floor":33,"key":"AttackPotion"},{"floor":35,"key":"hexamod:SoulburnPotion"}],"is_trial":false,"path_per_floor":["M","?","$","?","M","E","M","E","T","R","?","R","M","$","R","B",null,"M","$","?","M","M","R","E","M","T","R","$","R","M","E","R","B",null,"M","$","?","M","?","NM"],"character_chosen":"THE_SERVANT","items_purchased":["Ricochet","SurpressingFire","TimeWarp","Kunai","SurpressingFire","Luminosity"],"campfire_rested":0,"item_purchase_floors":[3,14,28,28,28,36],"current_hp_per_floor":[65,65,65,58,58,58,60,25,25,25,25,25,27,27,27,37,65,59,59,59,61,55,55,43,45,45,45,45,45,47,46,46,31,65,65,65,65,30,22,0,0],"gold":120,"neow_bonus":"THREE_ENEMY_KILL","is_daily":false,"chose_seed":false,"campfire_upgraded":6,"win_rate":0.0,"timestamp":1614117251,"path_taken":["M","?","$","?","M","E","M","E","T","R","?","R","M","$","R","BOSS","M","?","?","M","?","R","E","M","T","R","?","R","M","E","R","BOSS","M","$","?","?","?","NM"],"items_purchased_type":["Card","Card","Card","Relic","Card","Card"],"build_version":"2020-12-22","purchased_purges":4,"victory":false,"max_hp_per_floor":[65,65,65,65,65,65,65,65,65,65,65,65,65,65,65,65,65,65,65,65,65,65,65,65,65,65,65,65,65,65,65,65,65,65,65,65,65,65,65,65,65],"card_choices":[{"not_picked":["Replace","Unruled"],"picked":"GearUp","floor":1},{"not_picked":["Deadline","Rewind","Unruled"],"picked":"SKIP","floor":5},{"not_picked":["Misdirection","Alleviate"],"picked":"BottledTime","floor":6},{"not_picked":["Spin","Starlight"],"picked":"Alleviate","floor":7},{"not_picked":["Misdirection","Reset"],"picked":"Starlight","floor":8},{"not_picked":["Gouge","Ricochet"],"picked":"BottledTime","floor":13},{"not_picked":["Dilation","FloweringNight"],"picked":"Sunlight","floor":16},{"not_picked":["InstantArmor","Foresight","Spin"],"picked":"SKIP","floor":18},{"not_picked":["Reset","Foresight+1"],"picked":"BestPractice","floor":21},{"not_picked":["Rewind","FastForward"],"picked":"ShatteredReality","floor":22},{"not_picked":["Deadline","ReturningBlade"],"picked":"FlawlessForm","floor":24},{"not_picked":["Defy","Ricochet+1"],"picked":"Moondial+1","floor":25},{"not_picked":["ShiftingGears","Deadline","Desolation"],"picked":"SKIP","floor":30},{"not_picked":["BottledTime","StarChef+1"],"picked":"Potential","floor":31},{"not_picked":["Replace+1","ShatteredReality"],"picked":"DualDimension+1","floor":35},{"not_picked":["ShatteredReality","TimeWarp+1"],"picked":"Contraction+1","floor":38}],"player_experience":263066,"relics_obtained":[{"floor":6,"key":"Blood Vial"},{"floor":8,"key":"Replay:Bandana"},{"floor":9,"key":"Orichalcum"},{"floor":24,"key":"Omamori"},{"floor":26,"key":"Replay:Mystery Machine"},{"floor":31,"key":"Nunchaku"}],"event_choices":[{"cards_removed":["Defend_S"],"damage_healed":0,"gold_gain":0,"player_choice":"Card Removal","damage_taken":7,"max_hp_gain":0,"max_hp_loss":0,"event_name":"Golden Wing","floor":4,"gold_loss":0},{"damage_healed":0,"gold_gain":0,"player_choice":"Bought 0 Potions","damage_taken":0,"max_hp_gain":0,"max_hp_loss":0,"event_name":"The Woman in Blue","floor":11,"gold_loss":0},{"damage_healed":0,"gold_gain":0,"player_choice":"Copied","damage_taken":0,"max_hp_gain":0,"max_hp_loss":0,"event_name":"Duplicator","floor":20,"gold_loss":0,"cards_obtained":["Moondial"]},{"damage_healed":0,"gold_gain":0,"player_choice":"Upgraded","damage_taken":0,"max_hp_gain":0,"max_hp_loss":0,"event_name":"Upgrade Shrine","floor":37,"gold_loss":0,"cards_upgraded":["BestPractice"]},{"damage_healed":0,"gold_gain":0,"player_choice":"Embrace Madness","damage_taken":8,"max_hp_gain":0,"max_hp_loss":0,"event_name":"Winding Halls","floor":39,"gold_loss":0,"cards_obtained":["Madness","Madness"]}],"is_beta":false,"boss_relics":[{"not_picked":["Replay:Ancient Bell","Pandora\u0027s Box"],"picked":"Astrolabe"},{"not_picked":["Replay:Bronze Core","ReplayTheSpireMod:SealedPack"],"picked":"Replay:Grab Bag"},{"not_picked":["Abe\u0027s Treasure","bronze:MakeshiftBattery"],"picked":"Coffee Dripper"},{"not_picked":["Philosopher\u0027s Stone","Replay:Wanted Poster"],"picked":"MysterySword"},{"not_picked":["Kintsugi","Calling Bell"],"picked":"Empty Cage"}],"items_purged_floors":[3,14,19,36],"is_endless":false,"potions_floor_spawned":[1,5,7,8,13,18,22,30,33,35],"killed_by":"Nightmare","ascension_level":3}}