{"host":"8is2j71l4wmybkoi","time":1614095832,"event":{"mods":["AchievementEnabler","BaseMod","Colored Map","DeckTracker","Minty Spire (QoL Compilation)","Rare Cards Sparkle","Relic Stats","StSLib","SuperFastMode"],"gold_per_floor":[111,261,40,54,19,19,51,65,65,87,87,87,122,142,142,219,219,238,153,173,173,24,55,67,92,92,119,135,146,146,165,165,242,242,257,276,291,305,320,352,363,388,388,388,128,144,162,197,197,197,197,197,72,98,98],"floor_reached":56,"language":"KOR","playtime":3394,"items_purged":["Doubt","Defend_G","Defend_G"],"score":2444,"play_id":"93697124-680a-4868-98f5-89470e0228a7","local_time":"20210224005712","is_ascension_mode":true,"campfire_choices":[{"data":"Dash","floor":6,"key":"SMITH"},{"data":"Neutralize","floor":11,"key":"SMITH"},{"data":"Wraith Form v2","floor":15,"key":"SMITH"},{"data":"Concentrate","floor":32,"key":"SMITH"},{"data":"Wraith Form v2","floor":44,"key":"SMITH"},{"floor":49,"key":"RECALL"},{"data":"Well Laid Plans","floor":52,"key":"SMITH"}],"circlet_count":0,"master_deck":["AscendersBane","Defend_G","Defend_G","Survivor","Neutralize+1","Quick Slash","Eviscerate","Dash+1","Dagger Throw","Deflect","Wraith Form v2+1","Crippling Poison","After Image","Dash","Bite","Bite","Bite","Bite","Bite","Concentrate+1","Backflip","PiercingWail","Noxious Fumes+1","Night Terror","Blur","Wraith Form v2+1","Outmaneuver+1","Noxious Fumes+1","Acrobatics","Crippling Poison","Well Laid Plans+1","Well Laid Plans","Night Terror","Envenom","Predator"],"relics":["Ring of the Snake","Gremlin Horn","Pear","Odd Mushroom","Ornamental Fan","Lizard Tail","Snecko Eye","Calipers","PreservedInsect","Blood Vial","Incense Burner","TungstenRod","Strawberry","SlaversCollar","Orichalcum","Darkstone Periapt","Gambling Chip","Boot"],"acts_visited":["Exordium","TheCity","TheBeyond","TheEnding"],"potions_floor_usage":[7,13,16,25,55,55],"damage_taken":[{"damage":3,"enemies":"Jaw Worm","floor":1,"turns":5},{"damage":1,"enemies":"2 Louse","floor":4,"turns":3},{"damage":8,"enemies":"3 Sentries","floor":7,"turns":9},{"damage":1,"enemies":"Small Slimes","floor":8,"turns":2},{"damage":11,"enemies":"The Mushroom Lair","floor":10,"turns":4},{"damage":6,"enemies":"Lagavulin","floor":13,"turns":5},{"damage":0,"enemies":"Exordium Wildlife","floor":14,"turns":2},{"damage":47,"enemies":"Slime Boss","floor":16,"turns":15},{"damage":4,"enemies":"Shell Parasite","floor":18,"turns":6},{"damage":13,"enemies":"Spheric Guardian","floor":20,"turns":4},{"damage":45,"enemies":"Book of Stabbing","floor":23,"turns":8},{"damage":0,"enemies":"3 Cultists","floor":24,"turns":5},{"damage":14,"enemies":"Slavers","floor":25,"turns":3},{"damage":30,"enemies":"Book of Stabbing","floor":27,"turns":8},{"damage":8,"enemies":"Cultist and Chosen","floor":28,"turns":7},{"damage":0,"enemies":"Snecko","floor":29,"turns":7},{"damage":0,"enemies":"3 Cultists","floor":31,"turns":5},{"damage":0,"enemies":"Collector","floor":33,"turns":12},{"damage":0,"enemies":"3 Shapes","floor":35,"turns":6},{"damage":0,"enemies":"3 Darklings","floor":36,"turns":9},{"damage":0,"enemies":"Transient","floor":37,"turns":5},{"damage":0,"enemies":"Spire Growth","floor":38,"turns":6},{"damage":0,"enemies":"Jaw Worm Horde","floor":39,"turns":7},{"damage":0,"enemies":"Giant Head","floor":40,"turns":10},{"damage":0,"enemies":"Maw","floor":41,"turns":8},{"damage":0,"enemies":"Nemesis","floor":42,"turns":9},{"damage":0,"enemies":"4 Shapes","floor":46,"turns":6},{"damage":6,"enemies":"Writhing Mass","floor":47,"turns":9},{"damage":0,"enemies":"Reptomancer","floor":48,"turns":7},{"damage":4,"enemies":"Donu and Deca","floor":50,"turns":10},{"damage":0,"enemies":"Shield and Spear","floor":54,"turns":8},{"damage":0,"enemies":"The Heart","floor":55,"turns":12}],"seed_played":"6812356254406549579","potions_obtained":[{"floor":4,"key":"EssenceOfSteel"},{"floor":10,"key":"ColorlessPotion"},{"floor":13,"key":"AttackPotion"},{"floor":16,"key":"Explosive Potion"},{"floor":25,"key":"BlessingOfTheForge"},{"floor":27,"key":"LiquidMemories"},{"floor":33,"key":"Energy Potion"},{"floor":39,"key":"GhostInAJar"}],"is_trial":false,"path_per_floor":["M","?","$","M","?","R","E","M","T","?","R","?","E","M","R","B",null,"M","?","M","?","$","E","M","E","T","E","M","M","?","M","R","B",null,"M","M","M","M","M","E","M","E","T","R","$","M","M","E","R","B",null,"R","$","E","B",null],"character_chosen":"THE_SILENT","items_purchased":["Eviscerate","Backstab","PreservedInsect","Night Terror"],"campfire_rested":0,"item_purchase_floors":[3,3,22,45],"current_hp_per_floor":[41,41,41,40,56,56,48,47,57,46,46,46,40,40,40,31,65,61,61,48,48,48,15,29,23,23,16,24,32,60,60,60,60,60,60,60,60,60,60,60,60,60,60,60,60,60,60,60,60,60,60,60,60,60,60],"gold":98,"neow_bonus":"REMOVE_TWO","is_daily":false,"chose_seed":false,"campfire_upgraded":6,"win_rate":0.0,"timestamp":1614095832,"path_taken":["M","?","$","M","?","R","E","M","T","?","R","?","E","M","R","BOSS","M","?","M","?","?","E","M","E","T","E","M","M","?","M","R","BOSS","M","M","M","M","?","E","M","E","T","R","$","M","M","E","R","BOSS","R","$","E","BOSS"],"items_purchased_type":["Card","Card","Relic","Card"],"build_version":"2020-12-22","purchased_purges":3,"victory":true,"max_hp_per_floor":[66,66,66,66,66,66,66,66,76,76,76,76,76,76,76,76,76,76,76,76,53,53,53,53,53,53,60,60,60,60,60,60,60,60,60,60,60,60,60,60,60,60,60,60,60,60,60,60,60,60,60,60,60,60,60],"relic_stats":{"Darkstone Periapt":0,"Gremlin Horn":[34,34],"counters":[32,222],"PreservedInsect":444,"Orichalcum":[60],"Boot":[4],"Blood Vial":10,"Lizard Tail":38,"Ornamental Fan":[232],"Gambling Chip":[10],"Snecko Eye":[352,339,352,330],"obtain_stats":[{"Darkstone Periapt":42,"Pear":9,"Calipers":19,"Gremlin Horn":7,"PreservedInsect":22,"Incense Burner":25,"Odd Mushroom":10,"Orichalcum":40,"Boot":54,"Blood Vial":23,"SlaversCollar":34,"Lizard Tail":13,"Ornamental Fan":12,"Strawberry":27,"Gambling Chip":48,"Snecko Eye":17,"TungstenRod":26,"Ring of the Snake":0},{"Darkstone Periapt":26,"Pear":4,"Calipers":9,"Gremlin Horn":3,"PreservedInsect":10,"Incense Burner":13,"Odd Mushroom":5,"Orichalcum":24,"Boot":31,"Blood Vial":11,"SlaversCollar":18,"Lizard Tail":6,"Ornamental Fan":5,"Strawberry":14,"Gambling Chip":29,"Snecko Eye":8,"TungstenRod":13,"Ring of the Snake":0},{"Darkstone Periapt":170,"Pear":19,"Calipers":51,"Gremlin Horn":17,"PreservedInsect":55,"Incense Burner":71,"Odd Mushroom":23,"Orichalcum":153,"Boot":210,"Blood Vial":63,"SlaversCollar":110,"Lizard Tail":28,"Ornamental Fan":23,"Strawberry":79,"Gambling Chip":192,"Snecko Eye":45,"TungstenRod":71,"Ring of the Snake":0}],"TungstenRod":50,"Ring of the Snake":[64]},"card_choices":[{"not_picked":["PiercingWail","Poisoned Stab"],"picked":"Quick Slash","floor":1},{"not_picked":["Dagger Throw","Noxious Fumes"],"picked":"Dash","floor":4},{"not_picked":["Blade Dance","Riddle With Holes"],"picked":"Dagger Throw","floor":7},{"not_picked":["Terror","All Out Attack","Infinite Blades"],"picked":"SKIP","floor":8},{"not_picked":["Distraction","Leg Sweep"],"picked":"Deflect","floor":10},{"not_picked":["Predator","Finisher"],"picked":"Wraith Form v2","floor":13},{"not_picked":["Slice","Footwork"],"picked":"Crippling Poison","floor":14},{"not_picked":["Tools of the Trade","A Thousand Cuts"],"picked":"After Image","floor":16},{"not_picked":["Underhanded Strike","Poisoned Stab+1"],"picked":"Dash","floor":18},{"not_picked":["Masterful Stab","Underhanded Strike","Dagger Spray"],"picked":"SKIP","floor":20},{"not_picked":["Masterful Stab","Underhanded Strike","Dagger Spray"],"picked":"SKIP","floor":20},{"not_picked":["PiercingWail","Dodge and Roll"],"picked":"Concentrate","floor":23},{"not_picked":["Cloak And Dagger","Blade Dance"],"picked":"Backflip","floor":24},{"not_picked":["Deadly Poison+1","Dagger Spray"],"picked":"PiercingWail","floor":25},{"not_picked":["All Out Attack+1","Caltrops","Dagger Throw+1"],"picked":"SKIP","floor":27},{"not_picked":["Concentrate+1","Outmaneuver"],"picked":"Noxious Fumes+1","floor":28},{"not_picked":["PiercingWail","Poisoned Stab"],"picked":"Night Terror","floor":29},{"not_picked":["Skewer","Backstab"],"picked":"Blur","floor":31},{"not_picked":["Adrenaline","Tools of the Trade"],"picked":"Wraith Form v2","floor":33},{"not_picked":["Backflip+1","Expertise+1"],"picked":"Outmaneuver+1","floor":35},{"not_picked":["Underhanded Strike","Quick Slash"],"picked":"Noxious Fumes+1","floor":36},{"not_picked":["Blade Dance","Sucker Punch","Backflip"],"picked":"SKIP","floor":37},{"not_picked":["Blade Dance","Escape Plan","Dodge and Roll"],"picked":"SKIP","floor":38},{"not_picked":["Expertise","Slice"],"picked":"Acrobatics","floor":39},{"not_picked":["Riddle With Holes","Blade Dance"],"picked":"Crippling Poison","floor":40},{"not_picked":["Infinite Blades+1","Bane+1"],"picked":"Well Laid Plans","floor":41},{"not_picked":["Crippling Poison","Flying Knee"],"picked":"Well Laid Plans","floor":42},{"not_picked":["Dagger Spray","Crippling Poison"],"picked":"Envenom","floor":46},{"not_picked":["Cloak And Dagger","Quick Slash","Dagger Spray+1"],"picked":"SKIP","floor":47},{"not_picked":["Underhanded Strike","Distraction"],"picked":"Predator","floor":48},{"not_picked":["Concentrate","Endless Agony","PiercingWail"],"picked":"SKIP","floor":54}],"player_experience":1332491,"relics_obtained":[{"floor":7,"key":"Gremlin Horn"},{"floor":9,"key":"Pear"},{"floor":10,"key":"Odd Mushroom"},{"floor":13,"key":"Lizard Tail"},{"floor":23,"key":"Blood Vial"},{"floor":25,"key":"Incense Burner"},{"floor":26,"key":"TungstenRod"},{"floor":27,"key":"Strawberry"},{"floor":40,"key":"Orichalcum"},{"floor":42,"key":"Darkstone Periapt"},{"floor":48,"key":"Gambling Chip"},{"floor":54,"key":"Boot"}],"event_choices":[{"damage_healed":0,"gold_gain":150,"player_choice":"AGREE","damage_taken":0,"max_hp_gain":0,"max_hp_loss":0,"event_name":"Liars Game","floor":2,"gold_loss":0,"cards_obtained":["Doubt"]},{"damage_healed":16,"gold_gain":0,"player_choice":"Healed","damage_taken":0,"max_hp_gain":0,"max_hp_loss":0,"event_name":"The Cleric","floor":5,"gold_loss":35},{"damage_healed":0,"gold_gain":0,"player_choice":"Fought Mushrooms","damage_taken":0,"max_hp_gain":0,"max_hp_loss":0,"event_name":"Mushrooms","floor":10,"gold_loss":0},{"damage_healed":0,"gold_gain":0,"player_choice":"Searched \u00271\u0027 times","damage_taken":0,"relics_obtained":["Ornamental Fan"],"max_hp_gain":0,"max_hp_loss":0,"event_name":"Dead Adventurer","floor":12,"gold_loss":0},{"damage_healed":0,"gold_gain":0,"player_choice":"Obtained Relic","damage_taken":0,"relics_obtained":["Calipers"],"max_hp_gain":0,"max_hp_loss":0,"event_name":"Addict","floor":19,"gold_loss":85},{"damage_healed":0,"gold_gain":0,"player_choice":"Became a vampire","damage_taken":0,"max_hp_gain":0,"max_hp_loss":23,"event_name":"Vampires","floor":21,"gold_loss":0,"cards_obtained":["Bite","Bite","Bite","Bite","Bite"]},{"cards_removed":["Backstab"],"damage_healed":28,"gold_gain":0,"player_choice":"Offered Uncommon","damage_taken":0,"max_hp_gain":0,"max_hp_loss":0,"event_name":"Bonfire Elementals","floor":30,"gold_loss":0}],"is_beta":false,"boss_relics":[{"not_picked":["Runic Pyramid","Coffee Dripper"],"picked":"Snecko Eye"},{"not_picked":["SacredBark","Black Star"],"picked":"SlaversCollar"}],"items_purged_floors":[3,45,53],"is_endless":false,"potions_floor_spawned":[4,10,13,16,25,27,29,33,36,39,40,41,47,48,54],"ascension_level":15}}