{"host":"40e4adzyl212zebh","time":1614089418,"event":{"mods":["Act Like it!","BaseMod","Colored Map","Colored Powertips","DeckTracker","Gensokyo","Minty Spire (QoL Compilation)","Quick Restart","Random Character Button","Relic Stats","StSLib"],"gold_per_floor":[119,119,24,24,43,43,43,43,43,373,373,608,608,626,626,724,724,737,175,175,186,186,186,519,519,519,546,229,0,28,41,41,41,41],"floor_reached":33,"language":"JPN","playtime":2773,"items_purged":["Strike_P"],"score":424,"play_id":"8b59ee83-a876-4637-919b-5a579af27056","local_time":"20210223231018","is_ascension_mode":true,"campfire_choices":[{"data":"Vigilance","floor":6,"key":"SMITH"},{"floor":8,"key":"REST"},{"data":"Gensokyo:CrescentMoonSlash","floor":11,"key":"SMITH"},{"data":"BattleHymn","floor":13,"key":"SMITH"},{"data":"MentalFortress","floor":15,"key":"SMITH"},{"data":"Adaptation","floor":23,"key":"SMITH"},{"floor":25,"key":"REST"},{"data":"Blasphemy","floor":32,"key":"SMITH"}],"circlet_count":0,"master_deck":["Strike_P+1","Strike_P+1","Strike_P+1","Defend_P","Defend_P+1","Defend_P+1","Defend_P","Vigilance+1","Clumsy","Vengeance","Gensokyo:CrescentMoonSlash+1","EmptyFist+1","BattleHymn+1","MentalFortress+1","Blasphemy+1","Adaptation+1","Gensokyo:LockedMedkit","Gensokyo:ReactiveArmor","Beam Cell+1","Gensokyo:MorningStar+1","Gensokyo:MorningMist","Corpse Explosion","FearNoEvil+1","Finesse","ConjureBlade"],"relics":["PureWater","Ice Cream","Gensokyo:Justice","Happy Flower","Molten Egg 2","Ancient Tea Set","Question Card","Dream Catcher","SlaversCollar","OrangePellets","PrismaticShard","Blood Vial","Gensokyo:RedStar","Omamori","Bottled Lightning","The Courier","Nunchaku","Whetstone","Eternal Feather","Ginger","Frozen Egg 2"],"acts_visited":["Exordium","Gensokyo:Gensokyo"],"potions_floor_usage":[18,21],"damage_taken":[{"damage":6,"enemies":"Gensokyo:2_Kodama","floor":1,"turns":5},{"damage":22,"enemies":"Gensokyo:Gryphon","floor":5,"turns":8},{"damage":0,"enemies":"Gensokyo:Mamizou","floor":10,"turns":11},{"damage":12,"enemies":"Gensokyo:Aya","floor":12,"turns":6},{"damage":0,"enemies":"Gensokyo:3_Fairies","floor":14,"turns":2},{"damage":11,"enemies":"Gensokyo:Yukari","floor":16,"turns":8},{"damage":4,"enemies":"Gensokyo:CosmicMonolith","floor":18,"turns":3},{"damage":20,"enemies":"Gensokyo:2_Gloops","floor":21,"turns":8},{"damage":22,"enemies":"Gensokyo:Reisen","floor":24,"turns":6},{"damage":25,"enemies":"Gensokyo:Koishi","floor":27,"turns":6},{"damage":10,"enemies":"Gensokyo:Reisen","floor":30,"turns":4},{"damage":9,"enemies":"Gensokyo:Monolith_and_Dog","floor":31,"turns":3},{"damage":27,"enemies":"Gensokyo:Kaguya","floor":33,"turns":3}],"seed_played":"-4639030379991837930","potions_obtained":[{"floor":5,"key":"Energy Potion"},{"floor":12,"key":"Explosive Potion"},{"floor":16,"key":"Block Potion"},{"floor":18,"key":"DuplicationPotion"},{"floor":24,"key":"StancePotion"},{"floor":31,"key":"BottledMiracle"}],"is_trial":false,"path_per_floor":["M","?","COS","?","M","R","?","R","T","E","R","E","R","M","R","B",null,"M","COS","?","M","?","R","E","R","T","E","$","?","E","M","R","B"],"character_chosen":"WATCHER","items_purchased":["FearNoEvil+1","Eternal Feather"],"campfire_rested":2,"item_purchase_floors":[28,28],"current_hp_per_floor":[66,66,66,66,44,44,34,55,55,55,55,43,43,43,43,32,72,68,68,67,47,47,47,27,47,47,24,24,24,16,9,24,0,0],"gold":41,"neow_bonus":"ONE_RARE_RELIC","is_daily":false,"chose_seed":false,"campfire_upgraded":6,"win_rate":0.0,"timestamp":1614089418,"path_taken":["M","?","COS","?","M","R","?","R","T","E","R","E","R","?","R","BOSS","M","COS","?","M","?","R","E","R","T","E","$","?","E","M","R","BOSS"],"items_purchased_type":["Card","Relic"],"build_version":"2020-12-22","purchased_purges":1,"victory":false,"max_hp_per_floor":[72,72,72,72,72,72,72,72,72,72,72,72,72,72,72,72,72,72,72,67,67,67,67,67,67,67,67,67,67,67,67,67,34,34],"relic_stats":{"Blood Vial":10,"OrangePellets":[5],"Dream Catcher":1,"Nunchaku":[2],"Happy Flower":[22],"counters":[13,73],"Eternal Feather":15,"Whetstone":["Strike_P","Strike_P"],"Ginger":[1],"Question Card":10,"obtain_stats":[{"Ice Cream":0,"Happy Flower":4,"Eternal Feather":28,"The Courier":26,"Omamori":24,"Gensokyo:Justice":2,"Whetstone":27,"Ginger":30,"Frozen Egg 2":30,"Ancient Tea Set":10,"Question Card":10,"PrismaticShard":19,"Gensokyo:RedStar":22,"Blood Vial":20,"SlaversCollar":17,"OrangePellets":19,"Frozen Eye":27,"Dream Catcher":12,"Nunchaku":27,"Molten Egg 2":9,"Bottled Lightning":24,"PureWater":0},{"Ice Cream":0,"Happy Flower":1,"Eternal Feather":10,"The Courier":9,"Omamori":9,"Gensokyo:Justice":1,"Whetstone":10,"Ginger":11,"Frozen Egg 2":11,"Ancient Tea Set":3,"Question Card":3,"PrismaticShard":7,"Gensokyo:RedStar":8,"Blood Vial":7,"SlaversCollar":6,"OrangePellets":7,"Frozen Eye":9,"Dream Catcher":4,"Nunchaku":10,"Molten Egg 2":2,"Bottled Lightning":9,"PureWater":0},{"Ice Cream":0,"Happy Flower":5,"Eternal Feather":63,"The Courier":57,"Omamori":52,"Gensokyo:Justice":5,"Whetstone":63,"Ginger":65,"Frozen Egg 2":67,"Ancient Tea Set":14,"Question Card":24,"PrismaticShard":43,"Gensokyo:RedStar":51,"Blood Vial":43,"SlaversCollar":40,"OrangePellets":43,"Frozen Eye":57,"Dream Catcher":30,"Nunchaku":62,"Molten Egg 2":13,"Bottled Lightning":57,"PureWater":0}]},"card_choices":[{"not_picked":["Prostrate","ClearTheMind"],"picked":"Perseverance","floor":1},{"not_picked":["SandsOfTime","Pray"],"picked":"Vengeance","floor":5},{"not_picked":["JustLucky+1","Crescendo"],"picked":"EmptyFist+1","floor":10},{"not_picked":["JustLucky+1","Nirvana","ForeignInfluence"],"picked":"BattleHymn","floor":12},{"not_picked":["WreathOfFlame","Evaluate","PathToVictory"],"picked":"MentalFortress","floor":14},{"not_picked":["Brilliance+1","Wish","SpiritShield"],"picked":"Blasphemy","floor":16},{"not_picked":["Evaluate","SashWhip+1","EmptyFist+1"],"picked":"Adaptation","floor":18},{"not_picked":["Poisoned Stab+1","Dagger Throw+1","Collect"],"picked":"Beam Cell+1","floor":21},{"not_picked":["PathToVictory","Crescendo","FlyingSleeves+1"],"picked":"Gensokyo:MorningStar+1","floor":24},{"not_picked":["FlyingSleeves+1","Madness","Armaments"],"picked":"Gensokyo:MorningMist","floor":25},{"not_picked":["Tactician","Acrobatics","Fusion+1"],"picked":"Corpse Explosion","floor":27},{"not_picked":["Backflip+1","Bane+1","ThirdEye"],"picked":"Finesse","floor":30},{"not_picked":["Cloak And Dagger","Stack+1","Gensokyo:BrilliantDragonBullet+1"],"picked":"ConjureBlade","floor":31}],"player_experience":610922,"relics_obtained":[{"floor":9,"key":"Molten Egg 2"},{"floor":10,"key":"Question Card"},{"floor":12,"key":"Dream Catcher"},{"floor":24,"key":"Bottled Lightning"},{"floor":26,"key":"The Courier"},{"floor":27,"key":"Whetstone"},{"floor":30,"key":"Frozen Egg 2"}],"event_choices":[],"is_beta":false,"boss_relics":[{"not_picked":["Ectoplasm","Busted Crown"],"picked":"SlaversCollar"}],"items_purged_floors":[28],"is_endless":false,"potions_floor_spawned":[5,12,16,18,24,31],"killed_by":"Gensokyo:Kaguya","ascension_level":3}}