{"host":"jyt72nbfoih0mxuq","time":1614117959,"event":{"mods":["BaseMod","Minty Spire (QoL Compilation)","Relic Stats"],"gold_per_floor":[112,37,55,55,73,73,108,121,121,53,70,81,81,152,152,253,253,266,277,277,295,312,312,329,204,254,271,287,287,300,300,300,405,405,417,417,292,311,42,42,62,62,89,89,101,116,116,127,127,127,127],"floor_reached":50,"language":"ENG","playtime":2249,"items_purged":["Regret","Strike_B","Strike_B","Defend_B"],"score":630,"play_id":"dcacf308-f13a-4dcf-a5ee-b270fd3e4d71","local_time":"20210223230559","is_ascension_mode":true,"campfire_choices":[{"data":"Rip and Tear","floor":6,"key":"SMITH"},{"floor":13,"key":"REST"},{"floor":15,"key":"REST"},{"floor":23,"key":"REST"},{"floor":29,"key":"REST"},{"floor":32,"key":"RECALL"},{"floor":40,"key":"REST"},{"floor":44,"key":"REST"},{"floor":49,"key":"REST"}],"circlet_count":0,"master_deck":["Defend_B","Defend_B","Zap","Dualcast","Rip and Tear+1","Ball Lightning","Self Repair","Thunder Strike","Streamline","Tempest","Leap","Defragment+1","Defragment","Coolheaded","Electrodynamics","Chaos+1","Conserve Battery","Core Surge","Glacier","Conserve Battery","Lockon","Double Energy","Amplify","Self Repair","Defragment","Force Field"],"relics":["Cracked Core","Boot","Oddly Smooth Stone","Cables","Fusion Hammer","Happy Flower","Inserter","Pantograph"],"acts_visited":["Exordium","TheCity","TheBeyond"],"potions_floor_usage":[7,18,28,30,46,50,50],"damage_taken":[{"damage":12,"enemies":"Jaw Worm","floor":1,"turns":2},{"damage":0,"enemies":"Cultist","floor":3,"turns":2},{"damage":0,"enemies":"2 Louse","floor":5,"turns":2},{"damage":39,"enemies":"Lagavulin","floor":7,"turns":4},{"damage":16,"enemies":"Blue Slaver","floor":8,"turns":3},{"damage":10,"enemies":"Exordium Thugs","floor":11,"turns":4},{"damage":10,"enemies":"3 Louse","floor":12,"turns":4},{"damage":28,"enemies":"Hexaghost","floor":16,"turns":7},{"damage":0,"enemies":"3 Byrds","floor":18,"turns":2},{"damage":25,"enemies":"2 Thieves","floor":19,"turns":3},{"damage":13,"enemies":"Cultist and Chosen","floor":21,"turns":4},{"damage":28,"enemies":"Snake Plant","floor":22,"turns":3},{"damage":8,"enemies":"Centurion and Healer","floor":24,"turns":5},{"damage":0,"enemies":"3 Cultists","floor":27,"turns":3},{"damage":6,"enemies":"Sentry and Sphere","floor":28,"turns":3},{"damage":17,"enemies":"Shelled Parasite and Fungi","floor":30,"turns":4},{"damage":59,"enemies":"Champ","floor":33,"turns":10},{"damage":29,"enemies":"3 Darklings","floor":35,"turns":3},{"damage":26,"enemies":"3 Shapes","floor":38,"turns":3},{"damage":21,"enemies":"Spire Growth","floor":41,"turns":5},{"damage":25,"enemies":"Sphere and 2 Shapes","floor":45,"turns":4},{"damage":13,"enemies":"Transient","floor":46,"turns":5},{"damage":12,"enemies":"Spire Growth","floor":48,"turns":5},{"damage":80,"enemies":"Awakened One","floor":50,"turns":5}],"seed_played":"-3614848529414492836","potions_obtained":[{"floor":1,"key":"DistilledChaos"},{"floor":8,"key":"LiquidBronze"},{"floor":11,"key":"CultistPotion"},{"floor":16,"key":"DistilledChaos"},{"floor":22,"key":"FocusPotion"},{"floor":27,"key":"Fruit Juice"},{"floor":28,"key":"EssenceOfSteel"},{"floor":45,"key":"GamblersBrew"},{"floor":48,"key":"LiquidMemories"}],"is_trial":false,"path_per_floor":["M","$","M","?","M","R","E","M","T","$","M","M","R","T","R","B",null,"M","M","?","M","M","R","M","$","T","M","M","R","M","?","R","B",null,"M","?","$","M","$","R","M","$","T","R","M","M","$","M","R","B"],"character_chosen":"DEFECT","items_purchased":["Defragment","Conserve Battery","Defragment","Force Field"],"campfire_rested":7,"item_purchase_floors":[10,25,39,39],"current_hp_per_floor":[56,56,56,56,63,63,31,22,22,22,19,16,38,38,60,39,66,66,41,41,35,14,36,35,35,35,42,48,72,62,62,62,10,63,41,41,41,22,22,46,39,39,39,63,52,53,53,62,80,0,0],"gold":127,"neow_bonus":"TRANSFORM_TWO_CARDS","is_daily":false,"chose_seed":false,"campfire_upgraded":1,"win_rate":0.0,"timestamp":1614117959,"path_taken":["M","$","M","?","M","R","E","?","T","?","M","?","R","?","R","BOSS","M","M","?","M","M","R","?","$","T","M","?","R","?","?","R","BOSS","M","?","?","M","$","R","M","$","T","R","M","M","$","M","R","BOSS"],"items_purchased_type":["Card","Card","Card","Card"],"build_version":"2020-12-22","purchased_purges":4,"victory":false,"max_hp_per_floor":[75,75,75,75,75,75,75,75,75,75,75,75,75,75,75,75,75,75,75,75,75,75,75,75,75,75,75,80,80,80,80,80,80,80,80,80,80,80,80,80,80,80,80,80,80,80,80,80,80,80,80],"relic_stats":{"Inserter":[15],"Happy Flower":[16],"counters":[24,95],"Pantograph":0,"Boot":[15],"obtain_stats":[{"Inserter":34,"Happy Flower":26,"Pantograph":36,"Oddly Smooth Stone":9,"Fusion Hammer":17,"Cracked Core":0,"Boot":7,"Cables":14},{"Inserter":17,"Happy Flower":13,"Pantograph":18,"Oddly Smooth Stone":5,"Fusion Hammer":8,"Cracked Core":0,"Boot":4,"Cables":7},{"Inserter":65,"Happy Flower":45,"Pantograph":68,"Oddly Smooth Stone":13,"Fusion Hammer":28,"Cracked Core":0,"Boot":10,"Cables":21}],"Cables":[65,51,11,0,3]},"card_choices":[{"not_picked":["Gash","BootSequence"],"picked":"Ball Lightning","floor":1},{"not_picked":["Beam Cell","Capacitor"],"picked":"Self Repair","floor":3},{"not_picked":["Genetic Algorithm","Go for the Eyes"],"picked":"Streamline","floor":5},{"not_picked":["Compile Driver","Streamline"],"picked":"Tempest","floor":7},{"not_picked":["Force Field","Cold Snap"],"picked":"Leap","floor":8},{"not_picked":["Steam","Steam Power"],"picked":"Defragment","floor":11},{"not_picked":["Hologram","White Noise"],"picked":"Coolheaded","floor":12},{"not_picked":["Fission","Reboot"],"picked":"Electrodynamics","floor":16},{"not_picked":["Streamline+1","Gash","Melter"],"picked":"SKIP","floor":18},{"not_picked":["Gash+1","Steam Power+1"],"picked":"Chaos+1","floor":19},{"not_picked":["Skim","Aggregate+1"],"picked":"Conserve Battery","floor":21},{"not_picked":["Hologram","Go for the Eyes"],"picked":"Core Surge","floor":22},{"not_picked":["Capacitor","Leap"],"picked":"Glacier","floor":24},{"not_picked":["Static Discharge","Gash"],"picked":"Lockon","floor":27},{"not_picked":["Reinforced Body","Stack+1","Cold Snap"],"picked":"SKIP","floor":28},{"not_picked":["Ball Lightning+1","Tempest"],"picked":"Double Energy","floor":30},{"not_picked":["Core Surge","Creative AI"],"picked":"Amplify","floor":33},{"not_picked":["Recycle+1","Steam+1","Sweeping Beam+1"],"picked":"SKIP","floor":35},{"not_picked":["Sweeping Beam","Consume"],"picked":"Self Repair","floor":38},{"not_picked":["Turbo+1","Streamline","Ball Lightning+1"],"picked":"SKIP","floor":41},{"not_picked":["Redo","Beam Cell+1","Reprogram+1"],"picked":"SKIP","floor":45},{"not_picked":["Sweeping Beam","Chill+1","Conserve Battery"],"picked":"SKIP","floor":46},{"not_picked":["Scrape+1","Barrage","Turbo+1"],"picked":"SKIP","floor":48}],"player_experience":230615,"relics_obtained":[{"floor":7,"key":"Boot"},{"floor":9,"key":"Oddly Smooth Stone"},{"floor":14,"key":"Cables"},{"floor":26,"key":"Happy Flower"},{"floor":36,"key":"Pantograph"}],"event_choices":[{"damage_healed":0,"gold_gain":0,"cards_transformed":["Stack"],"player_choice":"Transformed","damage_taken":0,"max_hp_gain":0,"max_hp_loss":0,"event_name":"Transmorgrifier","floor":4,"gold_loss":0,"cards_obtained":["Thunder Strike"]},{"damage_healed":0,"gold_gain":0,"player_choice":"Forge","damage_taken":0,"max_hp_gain":0,"max_hp_loss":0,"event_name":"Accursed Blacksmith","floor":20,"gold_loss":0,"cards_upgraded":["Defragment"]},{"cards_removed":["Strike_B"],"damage_healed":0,"gold_gain":0,"player_choice":"Elegance","damage_taken":0,"max_hp_gain":0,"max_hp_loss":0,"event_name":"Back to Basics","floor":31,"gold_loss":0},{"damage_healed":0,"gold_gain":0,"player_choice":"Relic","damage_taken":0,"max_hp_gain":0,"max_hp_loss":0,"event_name":"Wheel of Change","floor":36,"gold_loss":0}],"is_beta":false,"boss_relics":[{"not_picked":["Nuclear Battery","FrozenCore"],"picked":"Fusion Hammer"},{"not_picked":["SacredBark","Busted Crown"],"picked":"Inserter"}],"items_purged_floors":[2,25,37,39],"is_endless":false,"potions_floor_spawned":[1,8,11,16,22,27,28,45,48],"killed_by":"Awakened One","ascension_level":8}}