{"host":"f7jml7vkwn3tj7tu","time":1614114853,"event":{"mods":["BaseMod","Block Reminder","Minty Spire (QoL Compilation)","Relic Stats","Slay-I"],"gold_per_floor":[117,128,128,147,72,97,24,24,24],"floor_reached":8,"language":"ENG","playtime":313,"items_purged":["Strike_B"],"score":64,"play_id":"4614fcfc-f602-4768-99c5-e6c30822a175","local_time":"20210223161413","is_ascension_mode":true,"campfire_choices":[],"circlet_count":0,"master_deck":["Strike_B","Strike_B","Defend_B","Defend_B","Defend_B","Defend_B","Zap","Dualcast","Biased Cognition","Loop","Blizzard","Hologram","Core Surge","Chill","Panacea"],"relics":["Cracked Core","The Courier"],"acts_visited":["Exordium"],"potions_floor_usage":[6],"damage_taken":[{"damage":13,"enemies":"Small Slimes","floor":1,"turns":3},{"damage":0,"enemies":"2 Louse","floor":2,"turns":3},{"damage":1,"enemies":"Cultist","floor":4,"turns":3},{"damage":44,"enemies":"3 Sentries","floor":6,"turns":9},{"damage":22,"enemies":"Lagavulin","floor":8,"turns":3}],"seed_played":"62689598400750804","potions_obtained":[{"floor":1,"key":"Swift Potion"},{"floor":4,"key":"SkillPotion"}],"is_trial":false,"path_per_floor":["M","M","?","M","$","E","$","E"],"character_chosen":"DEFECT","items_purchased":["Panacea"],"campfire_rested":0,"item_purchase_floors":[7],"current_hp_per_floor":[62,62,62,61,61,17,17,0,0],"gold":24,"neow_bonus":"ONE_RANDOM_RARE_CARD","is_daily":false,"chose_seed":false,"campfire_upgraded":0,"win_rate":0.0,"timestamp":1614114853,"path_taken":["M","M","?","M","$","E","$","E"],"items_purchased_type":["Card"],"build_version":"2020-12-22","purchased_purges":1,"victory":false,"max_hp_per_floor":[75,75,75,75,75,75,75,75,75],"relic_stats":{"counters":[5,21],"obtain_stats":[{"The Courier":6,"Cracked Core":0},{"The Courier":4,"Cracked Core":0},{"The Courier":18,"Cracked Core":0}]},"card_choices":[{"not_picked":["Darkness","Sweeping Beam"],"picked":"Loop","floor":1},{"not_picked":["Streamline","Barrage"],"picked":"Blizzard","floor":2},{"not_picked":["Redo","Leap"],"picked":"Core Surge","floor":4},{"not_picked":["Consume","Streamline"],"picked":"Chill","floor":6}],"player_experience":628894,"relics_obtained":[{"floor":6,"key":"The Courier"}],"event_choices":[{"damage_healed":0,"gold_gain":0,"cards_transformed":["Strike_B"],"player_choice":"Change","damage_taken":0,"max_hp_gain":0,"max_hp_loss":0,"event_name":"Living Wall","floor":3,"gold_loss":0,"cards_obtained":["Hologram"]}],"is_beta":false,"boss_relics":[],"items_purged_floors":[5],"is_endless":false,"potions_floor_spawned":[1,4],"killed_by":"Lagavulin","ascension_level":3}}