{"host":"en4narc5947t7k9n","time":1614072420,"event":{"mods":["AchievementEnabler","BaseMod","Colored Map","Minty Spire (QoL Compilation)","SuperFastMode"],"gold_per_floor":[212,222,232,202,11,22,22,41,119,145,110,110,128,138,138,240,240,253,15,15,31,43,43,63,63,87,87,186,216,235,248,248,248,248],"floor_reached":33,"language":"KOR","playtime":1562,"items_purged":[],"score":271,"play_id":"8331ec18-ef59-410f-937c-4757ebab7dd1","local_time":"20210223182700","is_ascension_mode":false,"campfire_choices":[{"floor":12,"key":"RECALL"},{"data":"Adrenaline","floor":15,"key":"SMITH"},{"data":"Infinite Blades","floor":23,"key":"SMITH"},{"data":"Flash of Steel","floor":25,"key":"SMITH"},{"data":"Catalyst","floor":27,"key":"SMITH"},{"floor":32,"key":"REST"}],"circlet_count":0,"master_deck":["Strike_G","Strike_G","Strike_G","Strike_G","Strike_G","Defend_G","Defend_G","Defend_G","Defend_G","Defend_G","Survivor","Neutralize","Outmaneuver","Acrobatics","Endless Agony","Poisoned Stab","Infinite Blades+1","Flying Knee","Deadly Poison","Adrenaline+1","PiercingWail","Dash","Unload","Poisoned Stab+1","Flash of Steel+1","Leg Sweep","Deflect","Catalyst+1","Expertise","Terror+1","Cloak And Dagger"],"relics":["Ring of the Snake","Bronze Scales","StoneCalendar","WristBlade","Sling","Regal Pillow","Toy Ornithopter","Orichalcum"],"acts_visited":["Exordium","TheCity"],"potions_floor_usage":[4,10,29,31,31,31],"damage_taken":[{"damage":0,"enemies":"Cultist","floor":1,"turns":3},{"damage":2,"enemies":"2 Louse","floor":2,"turns":4},{"damage":5,"enemies":"Jaw Worm","floor":3,"turns":6},{"damage":2,"enemies":"Looter","floor":4,"turns":4},{"damage":18,"enemies":"Exordium Thugs","floor":6,"turns":5},{"damage":10,"enemies":"Large Slime","floor":8,"turns":6},{"damage":27,"enemies":"3 Sentries","floor":10,"turns":8},{"damage":5,"enemies":"Looter","floor":13,"turns":3},{"damage":5,"enemies":"2 Fungi Beasts","floor":14,"turns":3},{"damage":23,"enemies":"The Guardian","floor":16,"turns":10},{"damage":4,"enemies":"Spheric Guardian","floor":18,"turns":4},{"damage":0,"enemies":"3 Byrds","floor":21,"turns":3},{"damage":10,"enemies":"Cultist and Chosen","floor":22,"turns":5},{"damage":15,"enemies":"Snake Plant","floor":24,"turns":3},{"damage":17,"enemies":"Slavers","floor":29,"turns":5},{"damage":14,"enemies":"Centurion and Healer","floor":30,"turns":5},{"damage":0,"enemies":"Snecko","floor":31,"turns":3},{"damage":66,"enemies":"Champ","floor":33,"turns":8}],"seed_played":"-3885226689723326235","potions_obtained":[{"floor":1,"key":"BlessingOfTheForge"},{"floor":2,"key":"PowerPotion"},{"floor":13,"key":"FairyPotion"},{"floor":16,"key":"AttackPotion"},{"floor":18,"key":"SneckoOil"},{"floor":29,"key":"CunningPotion"},{"floor":30,"key":"CultistPotion"},{"floor":31,"key":"SneckoOil"}],"is_trial":false,"path_per_floor":["M","M","M","M","$","M","$","M","T","E","?","R","M","M","R","B",null,"M","$","?","M","M","R","M","R","T","R","?","E","M","M","R","B"],"character_chosen":"THE_SILENT","items_purchased":["Bronze Scales","Infinite Blades","Flash of Steel","Sling"],"campfire_rested":1,"item_purchase_floors":[5,5,19,19],"current_hp_per_floor":[70,68,63,61,61,43,43,33,33,6,23,23,18,13,13,14,70,66,66,66,66,56,56,41,41,41,41,41,29,15,30,66,0,0],"gold":248,"neow_bonus":"HUNDRED_GOLD","is_daily":false,"chose_seed":false,"campfire_upgraded":4,"win_rate":0.0,"timestamp":1614072420,"path_taken":["M","M","M","M","$","M","?","M","T","E","?","R","M","M","R","BOSS","M","$","?","M","M","R","M","R","T","R","?","E","?","M","R","BOSS"],"items_purchased_type":["Relic","Card","Card","Relic"],"build_version":"2020-12-22","purchased_purges":0,"victory":false,"max_hp_per_floor":[70,70,70,70,70,70,70,70,70,70,70,70,70,70,70,70,70,70,70,70,70,70,70,70,70,70,70,70,70,70,70,70,70,70],"card_choices":[{"not_picked":["Skewer","Eviscerate"],"picked":"Outmaneuver","floor":1},{"not_picked":["Dagger Spray","Outmaneuver"],"picked":"Acrobatics","floor":2},{"not_picked":["Quick Slash","Acrobatics"],"picked":"Endless Agony","floor":3},{"not_picked":["Well Laid Plans","Footwork"],"picked":"Poisoned Stab","floor":4},{"not_picked":["Riddle With Holes","Expertise"],"picked":"Flying Knee","floor":6},{"not_picked":["Underhanded Strike","Prepared"],"picked":"Deadly Poison","floor":8},{"not_picked":["Distraction","Quick Slash"],"picked":"Adrenaline","floor":10},{"not_picked":["Outmaneuver","Dodge and Roll"],"picked":"PiercingWail","floor":13},{"not_picked":["Acrobatics","PiercingWail"],"picked":"Dash","floor":14},{"not_picked":["Tools of the Trade","Burst"],"picked":"Unload","floor":16},{"not_picked":["Dagger Spray+1","Calculated Gamble"],"picked":"Poisoned Stab+1","floor":18},{"not_picked":["Dagger Spray+1","Quick Slash"],"picked":"Leg Sweep","floor":21},{"not_picked":["Well Laid Plans+1","Outmaneuver"],"picked":"Deflect","floor":22},{"not_picked":["Acrobatics","Dodge and Roll+1"],"picked":"Catalyst","floor":24},{"not_picked":["Catalyst","Predator"],"picked":"Expertise","floor":29},{"not_picked":["Calculated Gamble","Slice"],"picked":"Terror+1","floor":30},{"not_picked":["Prepared","Acrobatics"],"picked":"Cloak And Dagger","floor":31}],"player_experience":177427,"relics_obtained":[{"floor":10,"key":"StoneCalendar"},{"floor":26,"key":"Toy Ornithopter"},{"floor":29,"key":"Orichalcum"}],"event_choices":[{"damage_healed":17,"gold_gain":0,"player_choice":"Healed","damage_taken":0,"max_hp_gain":0,"max_hp_loss":0,"event_name":"The Cleric","floor":11,"gold_loss":35},{"damage_healed":0,"gold_gain":0,"player_choice":"Opened","damage_taken":0,"relics_obtained":["Regal Pillow"],"max_hp_gain":0,"max_hp_loss":0,"event_name":"The Mausoleum","floor":20,"gold_loss":0},{"damage_healed":0,"gold_gain":99,"player_choice":"Stole From Cult","damage_taken":0,"max_hp_gain":0,"max_hp_loss":0,"event_name":"Nest","floor":28,"gold_loss":0}],"is_beta":false,"boss_relics":[{"not_picked":["Pandora\u0027s Box","Busted Crown"],"picked":"WristBlade"}],"items_purged_floors":[],"is_endless":false,"potions_floor_spawned":[1,2,13,16,18,29,30,31],"killed_by":"Champ","ascension_level":0}}