{"host":"zmzacdglms6ret13","time":1614052041,"event":{"mods":["Act Like it!","BaseMod","Colored Map","Decade(王小明)","Downfall","Energized Spire","Highlight Path","Marisa（F雨　魔理沙）","Minty Spire (QoL Compilation)","MostiFishMod","Pale of the Ancients","Quick Restart","Replay The Spire","RumiaBox-露米娅的神秘盒子","SOS（斯巴达之子）","StSLib","Td1madao Mod","The Construct","The Cursed","The IronCluck","The Servant 0.9.4","Waifu the Spire","Warlord Emblem"],"gold_per_floor":[112,112,112,130,130,130,157,172,172,190,225,237,237,237],"floor_reached":13,"language":"ZHS","playtime":288,"items_purged":["Strike_B","Strike_B"],"score":142,"play_id":"3825c446-5bdd-4ffe-a76a-fec4b0fdaef5","local_time":"20210223114721","is_ascension_mode":true,"campfire_choices":[{"data":"Zap","floor":6.0,"key":"SMITH"}],"circlet_count":0,"master_deck":["Strike_B","Strike_B","Defend_B","Defend_B","Defend_B","Defend_B","Zap+1","Cold Snap","Melter+1","Heatsinks","Creative AI","Capacitor","MostiFishMod:Impulse","Self Repair","MostiFishMod:MusicBox"],"relics":["Cracked Core","DaveBox","DiscerningMonocle","NeowsBlessing","SynthV:TestCard","FossilizedHelix","Letter Opener","Ying","Gremlin Food","Replay:Bottled Snecko","MawBank","Bottled Tornado","Vajra","Orrery"],"acts_visited":["Exordium"],"potions_floor_usage":[11,11,11],"damage_taken":[{"damage":0.0,"enemies":"Jaw Worm","floor":1.0,"turns":1.0},{"damage":0.0,"enemies":"Small Slimes","floor":4.0,"turns":1.0},{"damage":0.0,"enemies":"Lagavulin","floor":7.0,"turns":1.0},{"damage":6.0,"enemies":"2 Louse","floor":8.0,"turns":2.0},{"damage":0.0,"enemies":"2 Fungi Beasts","floor":10.0,"turns":3.0},{"damage":15,"enemies":"Gremlin Nob","floor":11,"turns":5},{"damage":0,"enemies":"3 Sentries","floor":13,"turns":1}],"seed_played":"8004580296917659731","potions_obtained":[{"floor":1.0,"key":"AttackPotion"},{"floor":11,"key":"Energy Potion"}],"is_trial":false,"path_per_floor":["M","?","$","M","?","R","E","M","T","M","E","$","E"],"character_chosen":"DEFECT","items_purchased":["FossilizedHelix","Letter Opener","Ying","Cold Snap","Strength Potion","LifebloodPotion","Creative AI","Bottled Tornado","Vajra","Orrery","MostiFishMod:MusicBox"],"campfire_rested":0,"item_purchase_floors":[3,3,3,3,3,3,12,12,12,12,12],"current_hp_per_floor":[75,75,75,75,75,75,75,69,69,69,54,54,54,54],"gold":237,"neow_bonus":"THREE_ENEMY_KILL","is_daily":false,"chose_seed":false,"campfire_upgraded":1,"win_rate":0.0,"timestamp":1614052041,"path_taken":["M","?","$","M","?","R","E","M","T","M","E","$","E"],"items_purchased_type":["Relic","Relic","Relic","Card","Potion","Potion","Card","Relic","Relic","Relic","Card"],"build_version":"2020-12-22","purchased_purges":2,"victory":false,"max_hp_per_floor":[75,75,75,75,75,75,75,75,75,75,75,75,75,75],"card_choices":[{"not_picked":["Static Discharge","ReplayTheSpireMod:Reroute Power","Hologram"],"picked":"SKIP","floor":1.0},{"not_picked":["FTL","Sweeping Beam","Go for the Eyes","BasicCrystalCard","Leap"],"picked":"SKIP","floor":4.0},{"not_picked":["MostiFishMod:StrandedSiren","Aggregate","Panic Button","MostiFishMod:DawningShadow"],"picked":"Heatsinks","floor":7.0},{"not_picked":["ReplayTheSpireMod:Repulse","Redo","Beam Cell","Compile Driver","Cold Snap"],"picked":"SKIP","floor":8.0},{"not_picked":["Rebound","Auto Shields","Steam","Chill","Leap"],"picked":"SKIP","floor":10.0},{"not_picked":["Panic Button","Go for the Eyes","Rebound","ReplayTheSpireMod:Omega Cannon","ReplaySort"],"picked":"SKIP","floor":11},{"not_picked":["MostiFishMod:LinkProtocol","Ball Lightning","Cold Snap","Beam Cell"],"picked":"Capacitor","floor":12},{"not_picked":["Streamline","Scrape","MostiFishMod:DeathFromBelow","Redo"],"picked":"MostiFishMod:Impulse","floor":12},{"not_picked":["ReplayGash","Tempest","BasicCrystalCard","Crystallizer"],"picked":"Self Repair","floor":12}],"player_experience":385930,"relics_obtained":[{"floor":1.0,"key":"SynthV:TestCard"},{"floor":7.0,"key":"Gremlin Food"},{"floor":9.0,"key":"Replay:Bottled Snecko"},{"floor":11,"key":"MawBank"}],"event_choices":[],"is_beta":false,"boss_relics":[],"items_purged_floors":[3,12],"is_endless":false,"potions_floor_spawned":[1,4,7,11],"killed_by":"3 Sentries","ascension_level":4}}