{"host":"9slw7l0ws16384qq","time":1614110501,"event":{"mods":["A Penny For Your Troubles","BaseMod","Colored Map","Downfall","Evolution","Hubris","Minty Spire (QoL Compilation)","Replay The Spire","StS++","StSLib"],"gold_per_floor":[99,118,118,28,28,59,138,164,164,175,204,204,223,272,285,390,390,290,310,321,332,217,217,240,240,159,159,159,159,177,193,203,303,303,303,317,74,74,94,128,128,145,145,174,174,188,188,188,208,208,208,208],"floor_reached":50,"language":"FRA","playtime":1784,"items_purged":["bronze:Strike","bronze:Defend"],"score":815,"play_id":"df29c85e-63b4-4d93-ae08-d06bf00413c9","local_time":"20210223210141","is_ascension_mode":true,"campfire_choices":[{"data":"bronze:Strike","floor":1.0,"key":"PURGE"},{"data":"bronze:RecursiveStrike","floor":9.0,"key":"SMITH"},{"data":"bronze:Terminator","floor":12.0,"key":"SMITH"},{"data":"bronze:Mutator","floor":18.0,"key":"SMITH"},{"data":"bronze:OilSpill","floor":23.0,"key":"SMITH"},{"data":"bronze:Defend","floor":29.0,"key":"SMITH"},{"data":"bronze:DarkDash","floor":35.0,"key":"SMITH"},{"floor":45.0,"key":"REST"},{"floor":47.0,"key":"REST"}],"circlet_count":0,"master_deck":["bronze:DazingPulse+1","bronze:OilSpill+1","bronze:OilSpill+1","bronze:Defend+1","bronze:Defend","bronze:Defend","bronze:Replicate","bronze:Goto+1","bronze:RecursiveStrike+1","bronze:Terminator+1","bronze:OilSpill+1","bronze:Mutator+1","bronze:DarkDash+1","bronze:Shield+1","expansioncontent:InvincibleStrength","Parasite"],"relics":["bronze:BronzeCore","EVO:Axolotl","Bronze Scales","hubris:TinFlute","Blue Candle","Nunchaku","Sozu","downfall:HeartBlessingBlue","hubris:ToyBattleship","Guide Book","Garlic","StSpp:WoodenPendulum","SlaversCollar","Pear","Blue Doll","Regal Pillow","Boot","bronze:BottledCode"],"acts_visited":["Exordium","TheCity","TheBeyond"],"potions_floor_usage":[],"damage_taken":[{"damage":0.0,"enemies":"Cultist","floor":2.0,"turns":2.0},{"damage":0.0,"enemies":"downfall:FleeingMerchant","floor":4.0,"turns":4.0},{"damage":0.0,"enemies":"Gremlin Nob","floor":6.0,"turns":2.0},{"damage":15.0,"enemies":"Replay:BlueRogue","floor":8.0,"turns":4.0},{"damage":7.0,"enemies":"Small Slimes","floor":10.0,"turns":2.0},{"damage":2.0,"enemies":"Gremlin Nob","floor":11.0,"turns":3.0},{"damage":0.0,"enemies":"Jaw Worm","floor":13.0,"turns":2.0},{"damage":0.0,"enemies":"3 Louse","floor":15.0,"turns":2.0},{"damage":7.0,"enemies":"WA_ARCHETYPE_RETAIN","floor":16.0,"turns":4.0},{"damage":0.0,"enemies":"Spheric Guardian","floor":19.0,"turns":3.0},{"damage":0.0,"enemies":"Shell Parasite","floor":20.0,"turns":2.0},{"damage":6.0,"enemies":"Centurion and Healer","floor":21.0,"turns":4.0},{"damage":5.0,"enemies":"downfall:FleeingMerchant","floor":22.0,"turns":4.0},{"damage":0.0,"enemies":"downfall:FleeingMerchant","floor":26.0,"turns":1.0},{"damage":0.0,"enemies":"Snake Plant","floor":30.0,"turns":2.0},{"damage":9.0,"enemies":"Snecko","floor":31.0,"turns":3.0},{"damage":2.0,"enemies":"Centurion and Healer","floor":32.0,"turns":3.0},{"damage":35.0,"enemies":"IC_MUSHROOM_ARCHETYPE","floor":33.0,"turns":5.0},{"damage":0.0,"enemies":"3 Shapes","floor":36.0,"turns":2.0},{"damage":0.0,"enemies":"Orb Walker","floor":39.0,"turns":2.0},{"damage":28.0,"enemies":"R_Hoarder","floor":40.0,"turns":5.0},{"damage":27.0,"enemies":"Sphere and 2 Shapes","floor":42.0,"turns":4.0},{"damage":8.0,"enemies":"Reptomancer","floor":44.0,"turns":6.0},{"damage":15.0,"enemies":"Transient","floor":46.0,"turns":5.0},{"damage":20.0,"enemies":"Writhing Mass","floor":49.0,"turns":4.0},{"damage":62,"enemies":"DF_ARCHETYPE_ORBS","floor":50,"turns":6}],"seed_played":"-35189666501492426","potions_obtained":[{"floor":2.0,"key":"Swift Potion"},{"floor":8.0,"key":"Adrenaline Potion"},{"floor":11.0,"key":"Energy Potion"},{"floor":13.0,"key":"Toxic Potion"}],"is_trial":false,"path_per_floor":["R_BF","M","?","$","?","E","T","E","R","M","E","R","M","T","M","B",null,"R","M","M","M","$","R","T","?","$","?","T","R","M","M","M","B",null,"R","M","$","?","M","E","T","M","?","E","R","M","R","?","M","B"],"character_chosen":"THE_AUTOMATON","items_purchased":["Guide Book","Garlic","Pear"],"campfire_rested":2,"item_purchase_floors":[26,26,37],"current_hp_per_floor":[45,45,45,45,45,45,45,30,30,23,21,21,21,21,21,14,56,66,66,66,60,55,55,55,55,55,55,55,55,55,46,44,9,62,62,62,72,72,72,44,44,17,17,9,51,36,78,78,58,0,0,0],"gold":208,"neow_bonus":"THREE_RARE_CARDS","is_daily":false,"chose_seed":false,"campfire_upgraded":6,"win_rate":0.0,"timestamp":1614110501,"path_taken":["R_BF","M","?","$","?","E","T","E","R","?","E","R","M","?","M","BOSS","R","M","M","M","$","R","T","?","$","?","?","R","M","M","M","BOSS","R","M","$","?","M","E","T","?","?","E","R","M","R","?","M","BOSS"],"items_purchased_type":["Relic","Relic","Relic"],"build_version":"2020-12-22","purchased_purges":2,"victory":false,"max_hp_per_floor":[70,70,70,70,70,70,70,70,70,70,70,70,70,70,70,70,70,80,80,80,80,80,80,80,80,80,80,80,80,80,80,80,80,80,80,80,90,90,90,90,90,90,90,90,90,90,90,80,80,80,80,80],"card_choices":[{"not_picked":["bronze:Assembly","bronze:AlphaBuild"],"picked":"bronze:RecursiveStrike","floor":0.0},{"not_picked":["bronze:Shield","bronze:Iterate"],"picked":"bronze:Terminator","floor":2.0},{"not_picked":["bronze:ChosenStrike","bronze:WildBeam"],"picked":"bronze:OilSpill","floor":4.0},{"not_picked":["bronze:InfiniteBeams","bronze:DelayedSlice","bronze:Boost"],"picked":"SKIP","floor":6.0},{"not_picked":["bronze:Iterate","bronze:BugBarrage","bronze:NullPointer"],"picked":"SKIP","floor":8.0},{"not_picked":["bronze:Deprecate","bronze:Constructor"],"picked":"bronze:Mutator","floor":10.0},{"not_picked":["bronze:Branch","bronze:DelayedGuard","bronze:Constructor"],"picked":"SKIP","floor":11.0},{"not_picked":["bronze:Overheat","bronze:BitShift","bronze:Flail"],"picked":"SKIP","floor":13.0},{"not_picked":["bronze:DelayedGuard","bronze:Repair","bronze:OilSpill"],"picked":"SKIP","floor":15.0},{"not_picked":["bronze:OilSpill","bronze:Turbo","bronze:Shell+1"],"picked":"SKIP","floor":19.0},{"not_picked":["bronze:OilSpill","bronze:FineTuning","bronze:Separator"],"picked":"SKIP","floor":20.0},{"not_picked":["bronze:Repulsor","bronze:BitShift","bronze:Shell"],"picked":"SKIP","floor":21.0},{"not_picked":["bronze:CloningBeam+1","bronze:ForLoop","bronze:Backtrace+1"],"picked":"SKIP","floor":22.0},{"not_picked":["bronze:Repair","bronze:Turbo","bronze:CloningBeam"],"picked":"SKIP","floor":26.0},{"not_picked":["bronze:BitShift+1","bronze:CutThrough","bronze:WhirlingStrike","bronze:ItsAFeature","bronze:Library"],"picked":"SKIP","floor":30.0},{"not_picked":["bronze:Invalidate","bronze:DelayedGuard+1","bronze:BronzeArmor+1","bronze:Backtrace","bronze:DarkDash"],"picked":"SKIP","floor":31.0},{"not_picked":["bronze:Invalidate","bronze:DelayedGuard+1","bronze:BronzeArmor+1","bronze:Backtrace","bronze:DarkDash"],"picked":"SKIP","floor":31.0},{"not_picked":["bronze:Invalidate","bronze:DelayedGuard+1","bronze:BronzeArmor+1","bronze:Backtrace"],"picked":"bronze:DarkDash","floor":31.0},{"not_picked":["bronze:Overheat+1","bronze:NullPointer+1","bronze:Separator","bronze:Turbo","bronze:Branch"],"picked":"SKIP","floor":32.0},{"not_picked":["bronze:Shell","bronze:Separator","bronze:BronzeArmor+1","bronze:CutThrough","bronze:Boost+1"],"picked":"SKIP","floor":36.0},{"not_picked":["bronze:Deprecate","bronze:Backtrace+1","bronze:BuggyMess","bronze:Invalidate+1","bronze:DelayedSlice"],"picked":"SKIP","floor":39.0},{"not_picked":["bronze:Philosophize","bronze:Repulsor","bronze:Branch+1","bronze:FineTuning+1","bronze:Repair"],"picked":"SKIP","floor":40.0},{"not_picked":["bronze:ChildClass","bronze:BitShift+1","bronze:CutThrough","bronze:WhirlingStrike+1"],"picked":"bronze:Shield+1","floor":42.0},{"not_picked":["expansioncontent:Hexaburn","expansioncontent:YouAreMine"],"picked":"expansioncontent:InvincibleStrength","floor":43.0},{"not_picked":["bronze:ForceShield","bronze:BronzeArmor+1","bronze:Refactor+1","bronze:Return","bronze:Flail+1"],"picked":"SKIP","floor":44.0},{"not_picked":["bronze:BugBarrage","bronze:BitShift+1","bronze:Safeguard","bronze:BuggyMess+1","bronze:AlphaBuild"],"picked":"SKIP","floor":46.0},{"not_picked":["bronze:WildBeam","bronze:Safeguard+1","bronze:BuggyMess","bronze:DelayedSlice+1","bronze:Invalidate+1"],"picked":"SKIP","floor":49.0}],"player_experience":1730189,"relics_obtained":[{"floor":6.0,"key":"Bronze Scales"},{"floor":7.0,"key":"hubris:TinFlute"},{"floor":8.0,"key":"Blue Candle"},{"floor":11.0,"key":"Nunchaku"},{"floor":24.0,"key":"hubris:ToyBattleship"},{"floor":28.0,"key":"StSpp:WoodenPendulum"},{"floor":40.0,"key":"Blue Doll"},{"floor":41.0,"key":"Regal Pillow"},{"floor":44.0,"key":"Boot"}],"event_choices":[{"damage_healed":0.0,"max_hp_gain":0.0,"max_hp_loss":0.0,"gold_gain":0.0,"event_name":"Scrap Ooze","player_choice":"Fled","floor":3.0,"gold_loss":0.0,"damage_taken":0.0},{"damage_healed":0.0,"max_hp_gain":0.0,"max_hp_loss":0.0,"gold_gain":0.0,"event_name":"Ghosts","player_choice":"Ignored","floor":25.0,"gold_loss":0.0,"damage_taken":0.0}],"is_beta":false,"boss_relics":[{"not_picked":["Runic Dome","StSpp:Magatama"],"picked":"Sozu"},{"not_picked":["Ring of Chaos","Replay:Drink Me"],"picked":"SlaversCollar"}],"items_purged_floors":[4,22],"is_endless":false,"potions_floor_spawned":[2,8,11,13,15,20,30,36,39,46],"killed_by":"DF_ARCHETYPE_ORBS","ascension_level":9}}