{"host":"1bzbl1adcbkdzqlf","time":1614109082,"event":{"mods":["BaseMod","Minty Spire (QoL Compilation)","Slay the Relics Exporter"],"gold_per_floor":[112,112,37,62,137,170,170,203,203,231,8,36,36,52,52,52,52],"floor_reached":16,"language":"ENG","playtime":1031,"items_purged":["Strike_R","Strike_R"],"score":339,"play_id":"6a70b584-2276-4c7e-a0f5-04b131be8dcd","local_time":"20210223133802","is_ascension_mode":true,"campfire_choices":[{"data":"Armaments","floor":7,"key":"SMITH"},{"data":"1","floor":15,"key":"LIFT"}],"circlet_count":0,"master_deck":["AscendersBane","Strike_R","Strike_R","Strike_R","Defend_R","Defend_R","Defend_R","Defend_R","Bash","Battle Trance","Armaments+1","Thunderclap","Twin Strike","Spot Weakness","Cleave","Shockwave"],"relics":["Burning Blood","NeowsBlessing","Magic Flower","Tiny Chest","Peace Pipe","Prayer Wheel","Girya","Smiling Mask","Membership Card","Lantern"],"acts_visited":["Exordium"],"potions_floor_usage":[10,12,16],"damage_taken":[{"damage":0,"enemies":"2 Louse","floor":1,"turns":1},{"damage":0,"enemies":"Lagavulin","floor":6,"turns":1},{"damage":0,"enemies":"3 Sentries","floor":8,"turns":1},{"damage":22,"enemies":"Lagavulin","floor":10,"turns":8},{"damage":8,"enemies":"Gremlin Nob","floor":12,"turns":3},{"damage":12,"enemies":"Jaw Worm","floor":14,"turns":2},{"damage":59,"enemies":"Slime Boss","floor":16,"turns":8}],"seed_played":"-5716875448630936838","potions_obtained":[{"floor":1,"key":"Strength Potion"},{"floor":10,"key":"SteroidPotion"},{"floor":12,"key":"Fruit Juice"}],"is_trial":false,"path_per_floor":["M","?","$","T","?","E","R","E","T","E","$","E","$","M","R","B"],"character_chosen":"IRONCLAD","items_purchased":["Membership Card"],"campfire_rested":0,"item_purchase_floors":[11],"current_hp_per_floor":[74,56,56,56,45,54,54,63,63,50,50,51,51,48,48,0,0],"gold":52,"neow_bonus":"THREE_ENEMY_KILL","is_daily":false,"chose_seed":false,"campfire_upgraded":1,"win_rate":0.0,"timestamp":1614109082,"path_taken":["M","?","?","?","?","E","R","E","T","E","?","E","$","M","R","BOSS"],"items_purchased_type":["Relic"],"build_version":"2020-12-22","purchased_purges":2,"victory":false,"max_hp_per_floor":[75,75,75,75,75,75,75,75,75,75,75,75,75,75,75,80,80],"card_choices":[{"not_picked":["Infernal Blade","Clash"],"picked":"Battle Trance","floor":1},{"not_picked":["Hemokinesis","Combust"],"picked":"Armaments","floor":6},{"not_picked":["Fire Breathing","Perfected Strike"],"picked":"Thunderclap","floor":8},{"not_picked":["Warcry","Perfected Strike"],"picked":"Twin Strike","floor":10},{"not_picked":["Reckless Charge","Dual Wield"],"picked":"Spot Weakness","floor":12},{"not_picked":["Twin Strike","Reckless Charge"],"picked":"Cleave","floor":14},{"not_picked":["Spot Weakness","Battle Trance"],"picked":"Shockwave","floor":14}],"player_experience":513727,"relics_obtained":[{"floor":4,"key":"Tiny Chest"},{"floor":6,"key":"Peace Pipe"},{"floor":8,"key":"Prayer Wheel"},{"floor":9,"key":"Girya"},{"floor":10,"key":"Smiling Mask"},{"floor":12,"key":"Lantern"}],"event_choices":[{"damage_healed":0,"gold_gain":0,"player_choice":"Success","damage_taken":18,"relics_obtained":["Magic Flower"],"max_hp_gain":0,"max_hp_loss":0,"event_name":"Scrap Ooze","floor":2,"gold_loss":0},{"damage_healed":0,"gold_gain":75,"player_choice":"Gather Gold","damage_taken":11,"max_hp_gain":0,"max_hp_loss":0,"event_name":"World of Goop","floor":5,"gold_loss":0}],"is_beta":false,"boss_relics":[],"items_purged_floors":[3,11],"is_endless":false,"potions_floor_spawned":[1,10,12],"killed_by":"Slime Boss","ascension_level":19}}