{"host":"crkd492s78mxo8eu","time":1614053804,"event":{"mods":["BaseMod","Colored Powertips","Hubris","Marisa????????","Minty Spire (QoL Compilation)","Rare Cards Sparkle","Replay The Spire","StSLib","The Cursed","The Mystic","The Servant 0.9.4"],"gold_per_floor":[114,114,114,39,51,51,80,80,105,105,105,122,138,59,59,156,156,173,26,45,45,59,59,74,108,108,126,126,141,157,175,175,274,274,289,90,0,0,0,0,32,32,58,72,82,82,82,102,102,102],"floor_reached":51,"language":"ENG","playtime":2956,"items_purged":["Strike_R","Strike_R","Strike_R"],"score":647,"play_id":"ab82768a-c0b7-47d9-83a9-7fafe18b2a00","local_time":"20210222231644","is_ascension_mode":false,"campfire_choices":[{"data":"ReplayReversal","floor":6,"key":"SMITH"},{"data":"Bash","floor":8,"key":"SMITH"},{"data":"Warcry","floor":8,"key":"SMITH"},{"data":"Defend_R","floor":10,"key":"SMITH"},{"data":"Defend_R","floor":10,"key":"SMITH"},{"floor":15,"key":"REST"},{"data":"Barricade","floor":23,"key":"SMITH"},{"data":"Metallicize","floor":23,"key":"SMITH"},{"data":"Entrench","floor":28,"key":"SMITH"},{"data":"Demon Form","floor":28,"key":"SMITH"},{"floor":32,"key":"REST"},{"data":"Limit Break","floor":40,"key":"SMITH"},{"data":"Heavy Blade","floor":40,"key":"SMITH"},{"data":"Shrug It Off","floor":49,"key":"SMITH"},{"data":"Defend_R","floor":49,"key":"SMITH"}],"circlet_count":0,"master_deck":["Strike_R","Defend_R","Defend_R+1","Defend_R+1","Defend_R+1","Bash+1","ReplayReversal+1","Warcry+1","Barricade+1","Spot Weakness+1","Metallicize+1","Demon Form+1","Entrench+1","hubris:ReadiedAction","Heavy Blade+1","Body Slam+1","True Grit+1","Battle Trance+1","Limit Break+1","Feel No Pain+1","Shrug It Off+1","Second Wind+1"],"relics":["Burning Blood","ReplayFunnel","hubris:Icosahedron","Replay:Arrowhead","Gremlin Food","Mark of Pain","Mirror","Frozen Egg 2","Coffee Dripper","Red Mask","hubris:Towel","Vajra","hubris:ChampionShield"],"acts_visited":["Exordium","TheCity","TheBeyond"],"potions_floor_usage":[7,22,27,30,48,50],"damage_taken":[{"damage":6,"enemies":"Jaw Worm","floor":1,"turns":3},{"damage":2,"enemies":"Small Slimes","floor":5,"turns":6},{"damage":28,"enemies":"3 Sentries","floor":7,"turns":11},{"damage":30,"enemies":"Cultist","floor":12,"turns":7},{"damage":28,"enemies":"Exordium Thugs","floor":13,"turns":6},{"damage":36,"enemies":"Hexaghost","floor":16,"turns":16},{"damage":64,"enemies":"3 Byrds","floor":18,"turns":7},{"damage":2,"enemies":"Chosen","floor":20,"turns":6},{"damage":13,"enemies":"Centurion and Healer","floor":22,"turns":8},{"damage":7,"enemies":"Chosen and Byrds","floor":24,"turns":10},{"damage":5,"enemies":"Replay:Snechameleon","floor":25,"turns":8},{"damage":7,"enemies":"Shelled Parasite and Fungi","floor":27,"turns":6},{"damage":21,"enemies":"Centurion and Healer","floor":29,"turns":9},{"damage":30,"enemies":"3 Cultists","floor":30,"turns":6},{"damage":18,"enemies":"Snecko","floor":31,"turns":6},{"damage":38,"enemies":"Collector","floor":33,"turns":8},{"damage":14,"enemies":"Orb Walker","floor":35,"turns":3},{"damage":56,"enemies":"Reptomancer","floor":41,"turns":7},{"damage":0,"enemies":"3 Shapes","floor":44,"turns":7},{"damage":0,"enemies":"Sphere and 2 Shapes","floor":45,"turns":6},{"damage":3,"enemies":"Jaw Worm Horde","floor":48,"turns":6},{"damage":21,"enemies":"Replay:Hell Engine","floor":50,"turns":8}],"seed_played":"-8028895674514482383","potions_obtained":[{"floor":1,"key":"Energy Potion"},{"floor":18,"key":"Weak Potion"},{"floor":25,"key":"Fire Potion"},{"floor":29,"key":"AttackPotion"},{"floor":35,"key":"SteroidPotion"},{"floor":41,"key":"Elixir"},{"floor":44,"key":"PowerPotion"}],"is_trial":false,"path_per_floor":["M","?","?","$","M","R","E","R","T","R","?","M","M","$","R","B",null,"M","$","M","?","M","R","M","E","T","M","R","M","M","M","R","B",null,"M","$","?","?","?","R","E","$","T","M","M","?","?","M","R","B",null],"character_chosen":"IRONCLAD","items_purchased":["Metallicize","hubris:ReadiedAction","Feel No Pain+1"],"campfire_rested":2,"item_purchase_floors":[14,19,36],"current_hp_per_floor":[88,76,76,76,80,80,70,70,70,70,70,46,24,24,50,20,88,30,30,34,88,81,81,80,81,81,80,80,65,41,29,55,23,88,80,80,80,80,80,80,30,30,30,36,42,42,73,73,73,58],"gold":102,"neow_bonus":"TEN_PERCENT_HP_BONUS","is_daily":false,"chose_seed":false,"campfire_upgraded":13,"win_rate":0.0,"timestamp":1614053804,"path_taken":["M","?","?","$","M","R","E","R","T","R","?","?","M","?","R","BOSS","M","$","?","?","M","R","M","E","T","M","R","M","M","M","R","BOSS","M","$","?","?","?","R","E","$","T","M","M","?","?","M","R","BOSS"],"items_purchased_type":["Card","Card","Card"],"build_version":"2020-12-22","purchased_purges":3,"victory":true,"max_hp_per_floor":[88,88,88,88,88,88,88,88,88,88,88,88,88,88,88,88,88,88,88,88,88,88,88,88,88,88,88,88,88,88,88,88,88,88,88,88,88,84,84,84,84,84,84,84,84,84,73,73,73,73],"card_choices":[{"not_picked":["Twin Strike","hubris:SharpeningStone"],"picked":"ReplayReversal","floor":1},{"not_picked":["Twin Strike","Iron Wave","Perfected Strike"],"picked":"SKIP","floor":5},{"not_picked":["Reckless Charge","Carnage"],"picked":"Warcry","floor":7},{"not_picked":["True Grit","ReplayTheSpireMod:Strike From Hell","Pummel"],"picked":"SKIP","floor":12},{"not_picked":["Thunderclap","Pommel Strike","hubris:SharpeningStone"],"picked":"SKIP","floor":13},{"not_picked":["Berserk","Feed"],"picked":"Demon Form","floor":16},{"not_picked":["Whirlwind","Perfected Strike"],"picked":"Entrench","floor":18},{"not_picked":["Wild Strike","ReplayTheSpireMod:LeadingStrike"],"picked":"Heavy Blade","floor":20},{"not_picked":["Perfected Strike+1","Heavy Blade","Feel No Pain"],"picked":"SKIP","floor":22},{"not_picked":["Anger","Headbutt","Pommel Strike+1"],"picked":"SKIP","floor":24},{"not_picked":["Armaments","True Grit"],"picked":"Body Slam+1","floor":25},{"not_picked":["Havoc","Thunderclap","Dark Embrace+1"],"picked":"SKIP","floor":27},{"not_picked":["Run Through+1","Clothesline","Pommel Strike"],"picked":"SKIP","floor":29},{"not_picked":["Offering","Thunderclap"],"picked":"True Grit+1","floor":30},{"not_picked":["Warcry+1","Evolve+1"],"picked":"Battle Trance+1","floor":31},{"not_picked":["Exhume","Corruption+1"],"picked":"Limit Break","floor":33},{"not_picked":["Pommel Strike","Entrench","ReplayTheSpireMod:Strike From Hell"],"picked":"SKIP","floor":35},{"not_picked":["Clash","Run Through+1"],"picked":"Shrug It Off","floor":41},{"not_picked":["Abandon","Perfected Strike"],"picked":"Second Wind+1","floor":44},{"not_picked":["ReplayTheSpireMod:Muscle Training","Iron Wave","True Grit"],"picked":"SKIP","floor":45},{"not_picked":["Anger+1","Life Link+1","Sever Soul+1"],"picked":"SKIP","floor":48}],"player_experience":123862,"relics_obtained":[{"floor":7,"key":"Replay:Arrowhead"},{"floor":9,"key":"Gremlin Food"},{"floor":25,"key":"Mirror"},{"floor":26,"key":"Frozen Egg 2"},{"floor":41,"key":"Vajra"},{"floor":43,"key":"hubris:ChampionShield"}],"event_choices":[{"damage_healed":0,"gold_gain":0,"player_choice":"Success","damage_taken":12,"relics_obtained":["ReplayFunnel"],"max_hp_gain":0,"max_hp_loss":0,"event_name":"Scrap Ooze","floor":2,"gold_loss":0},{"damage_healed":0,"gold_gain":0,"player_choice":"2 cards matched","damage_taken":0,"max_hp_gain":0,"max_hp_loss":0,"event_name":"Match and Keep!","floor":11,"gold_loss":0,"cards_obtained":["Barricade","Spot Weakness"]},{"damage_healed":54,"gold_gain":0,"player_choice":"Full Heal","damage_taken":0,"max_hp_gain":0,"max_hp_loss":0,"event_name":"Wheel of Change","floor":21,"gold_loss":0},{"damage_healed":0,"gold_gain":0,"player_choice":"Paid","damage_taken":0,"relics_obtained":["Red Mask"],"max_hp_gain":0,"max_hp_loss":0,"event_name":"Tomb of Lord Red Mask","floor":37,"gold_loss":90},{"damage_healed":0,"gold_gain":0,"player_choice":"Max HP","damage_taken":0,"max_hp_gain":0,"max_hp_loss":4,"event_name":"Winding Halls","floor":38,"gold_loss":0},{"cards_removed":["Strike_R"],"damage_healed":0,"gold_gain":0,"player_choice":"Removed Attack","damage_taken":0,"max_hp_gain":0,"max_hp_loss":0,"event_name":"Falling","floor":46,"gold_loss":0},{"damage_healed":73,"gold_gain":0,"player_choice":"Heal","damage_taken":0,"max_hp_gain":0,"max_hp_loss":11,"event_name":"The Moai Head","floor":47,"gold_loss":0}],"is_beta":false,"boss_relics":[{"not_picked":["Calling Bell","Ectoplasm"],"picked":"Mark of Pain"},{"not_picked":["Fusion Hammer","Tiny House"],"picked":"Coffee Dripper"}],"items_purged_floors":[4,19,36],"is_endless":false,"potions_floor_spawned":[1,18,25,29,35,41,44],"ascension_level":0}}