{"host":"og6lam4kt3nibbw0","time":1614101450,"event":{"mods":["AchievementEnabler","BaseMod","Colored Map","DeckTracker","Highlight Path","Keyboard Shortcuts","Minty Spire (QoL Compilation)","Permanent Neow","Quick Restart","StSLib","SuperFastMode"],"gold_per_floor":[116,31,31,31,106,137,137,152,176,190,61,91,106,122,122,194,194,209,227,152,176,176,211,211,240,240,270,270,270,270,290,290,365,365,382,407,407,407,57,57,85,85,162,384,400,426,426,437,437,437,437,437],"floor_reached":51,"language":"KOR","playtime":2471,"items_purged":["Defend_B","Defend_B"],"score":1494,"play_id":"4784321b-e92c-48a3-9bc4-89680e7eb711","local_time":"20210224023050","is_ascension_mode":true,"campfire_choices":[{"data":"Static Discharge","floor":7.0,"key":"SMITH"},{"floor":15.0,"key":"REST"},{"floor":24.0,"key":"REST"},{"floor":30.0,"key":"REST"},{"floor":32.0,"key":"REST"},{"data":"Defragment","floor":40.0,"key":"SMITH"},{"data":"Defragment","floor":42.0,"key":"SMITH"},{"data":"Coolheaded","floor":47.0,"key":"SMITH"},{"floor":49,"key":"REST"}],"circlet_count":0,"master_deck":["AscendersBane","Strike_B","Defend_B","Zap","Dualcast","Coolheaded+1","Static Discharge+1","Compile Driver","Conserve Battery","Defragment+1","Coolheaded","Leap","Ball Lightning","Chill","Thunder Strike","Defragment+1","Capacitor","Amplify","Barrage+1","FTL","Glacier+1","Parasite"],"relics":["Cracked Core","NeowsBlessing","Calipers","StrikeDummy","Orichalcum","Emotion Chip","Busted Crown","Juzu Bracelet","Lizard Tail","Lantern","Centennial Puzzle","Red Mask","Inserter","Dead Branch","Lee\u0027s Waffle","Thread and Needle","Art of War"],"acts_visited":["Exordium","TheCity","TheBeyond"],"potions_floor_usage":[51,51],"damage_taken":[{"damage":0.0,"enemies":"Small Slimes","floor":1.0,"turns":1.0},{"damage":0.0,"enemies":"Lagavulin","floor":6.0,"turns":1.0},{"damage":0.0,"enemies":"2 Louse","floor":8.0,"turns":1.0},{"damage":5.0,"enemies":"Jaw Worm","floor":10.0,"turns":4.0},{"damage":15.0,"enemies":"3 Sentries","floor":12.0,"turns":5.0},{"damage":3.0,"enemies":"Large Slime","floor":13.0,"turns":7.0},{"damage":4.0,"enemies":"Exordium Thugs","floor":14.0,"turns":5.0},{"damage":3.0,"enemies":"Hexaghost","floor":16.0,"turns":9.0},{"damage":7.0,"enemies":"Spheric Guardian","floor":18.0,"turns":4.0},{"damage":16.0,"enemies":"3 Byrds","floor":19.0,"turns":6.0},{"damage":20.0,"enemies":"Slavers","floor":23.0,"turns":4.0},{"damage":29.0,"enemies":"Book of Stabbing","floor":25.0,"turns":5.0},{"damage":3.0,"enemies":"Masked Bandits","floor":27.0,"turns":3.0},{"damage":21.0,"enemies":"Cultist and Chosen","floor":31.0,"turns":4.0},{"damage":41.0,"enemies":"Collector","floor":33.0,"turns":10.0},{"damage":11.0,"enemies":"3 Darklings","floor":35.0,"turns":4.0},{"damage":22.0,"enemies":"Mind Bloom Boss Battle","floor":36.0,"turns":4.0},{"damage":26.0,"enemies":"Giant Head","floor":41.0,"turns":8.0},{"damage":16.0,"enemies":"3 Shapes","floor":45.0,"turns":2.0},{"damage":0.0,"enemies":"Nemesis","floor":46.0,"turns":8.0},{"damage":0,"enemies":"Writhing Mass","floor":48,"turns":8},{"damage":7,"enemies":"Time Eater","floor":50,"turns":13},{"damage":62,"enemies":"Awakened One","floor":51,"turns":8}],"seed_played":"3595864850837056187","potions_obtained":[{"floor":6.0,"key":"LiquidBronze"},{"floor":8.0,"key":"Fruit Juice"},{"floor":13.0,"key":"PotionOfCapacity"},{"floor":14.0,"key":"BlessingOfTheForge"},{"floor":18.0,"key":"SpeedPotion"},{"floor":19.0,"key":"DuplicationPotion"},{"floor":23.0,"key":"BlessingOfTheForge"},{"floor":41.0,"key":"GamblersBrew"},{"floor":46.0,"key":"Fire Potion"},{"floor":48,"key":"FearPotion"}],"is_trial":false,"path_per_floor":["M","$","?","?","?","E","R","M","T","M","$","E","M","M","R","B",null,"M","M","?","T","?","E","R","E","T","?","?","?","R","M","R","B",null,"M","?","?","?","$","R","E","R","T","?","M","E","R","M","R","B","B"],"character_chosen":"DEFECT","items_purchased":["Static Discharge","Coolheaded","Lee\u0027s Waffle","FTL"],"campfire_rested":5,"item_purchase_floors":[2,11,39,39],"current_hp_per_floor":[64,64,38,38,27,27,27,27,27,27,27,12,9,5,27,24,63,56,40,40,40,40,20,42,13,13,10,10,10,32,11,33,31,65,54,32,32,32,83,83,57,57,57,57,41,41,41,41,65,58,0,0],"gold":437,"neow_bonus":"THREE_ENEMY_KILL","is_daily":false,"chose_seed":false,"campfire_upgraded":4,"win_rate":0.0,"timestamp":1614101450,"path_taken":["M","$","?","?","?","E","R","M","T","M","?","E","M","M","R","BOSS","M","M","?","?","?","E","R","E","T","?","?","?","R","M","R","BOSS","M","?","?","?","$","R","E","R","T","?","M","E","R","M","R","BOSS","BOSS"],"items_purchased_type":["Card","Card","Relic","Card"],"build_version":"2020-12-22","purchased_purges":2,"victory":false,"max_hp_per_floor":[71,71,71,71,71,71,71,71,71,76,76,76,76,76,76,76,76,76,76,76,76,76,76,76,76,76,76,76,76,76,76,76,76,76,76,76,76,76,83,83,83,83,83,83,83,83,83,83,83,83,83,83],"card_choices":[{"not_picked":["Melter","Beam Cell"],"picked":"Coolheaded","floor":1.0},{"not_picked":["Fusion","Go for the Eyes"],"picked":"Compile Driver","floor":6.0},{"not_picked":["Streamline","Chaos"],"picked":"Conserve Battery","floor":8.0},{"not_picked":["Beam Cell","Coolheaded"],"picked":"Defragment","floor":10.0},{"not_picked":["Fission","Cold Snap"],"picked":"Leap","floor":12.0},{"not_picked":["Barrage","Rebound"],"picked":"Ball Lightning","floor":13.0},{"not_picked":["Hologram","Go for the Eyes"],"picked":"Chill","floor":14.0},{"not_picked":["All For One","Echo Form"],"picked":"Thunder Strike","floor":16.0},{"not_picked":["Force Field"],"picked":"SKIP","floor":18.0},{"not_picked":["Turbo+1"],"picked":"SKIP","floor":19.0},{"not_picked":["Beam Cell+1"],"picked":"SKIP","floor":23.0},{"not_picked":["Ball Lightning"],"picked":"SKIP","floor":25.0},{"not_picked":[],"picked":"Capacitor","floor":31.0},{"not_picked":[],"picked":"Amplify","floor":33.0},{"not_picked":[],"picked":"Barrage+1","floor":35.0},{"not_picked":["Rip and Tear"],"picked":"SKIP","floor":41.0},{"not_picked":[],"picked":"Glacier+1","floor":45.0},{"not_picked":["Cold Snap"],"picked":"SKIP","floor":46.0},{"not_picked":["Coolheaded"],"picked":"SKIP","floor":48}],"player_experience":998986,"relics_obtained":[{"floor":6.0,"key":"StrikeDummy"},{"floor":9.0,"key":"Orichalcum"},{"floor":12.0,"key":"Emotion Chip"},{"floor":21.0,"key":"Juzu Bracelet"},{"floor":23.0,"key":"Lizard Tail"},{"floor":25.0,"key":"Lantern"},{"floor":26.0,"key":"Centennial Puzzle"},{"floor":27.0,"key":"Red Mask"},{"floor":36.0,"key":"Dead Branch"},{"floor":41.0,"key":"Thread and Needle"},{"floor":46.0,"key":"Art of War"}],"event_choices":[{"damage_healed":0.0,"max_hp_gain":0.0,"max_hp_loss":0.0,"gold_gain":0.0,"event_name":"Scrap Ooze","player_choice":"Success","floor":3.0,"gold_loss":0.0,"damage_taken":26.0,"relics_obtained":["Calipers"]},{"cards_removed":["Strike_B"],"damage_healed":0.0,"max_hp_gain":0.0,"max_hp_loss":0.0,"gold_gain":0.0,"event_name":"Living Wall","player_choice":"Forget","floor":4.0,"gold_loss":0.0,"damage_taken":0.0},{"damage_healed":0.0,"max_hp_gain":0.0,"max_hp_loss":0.0,"gold_gain":75.0,"event_name":"World of Goop","player_choice":"Gather Gold","floor":5.0,"gold_loss":0.0,"damage_taken":11.0},{"cards_removed":["Strike_B"],"damage_healed":0.0,"max_hp_gain":0.0,"max_hp_loss":0.0,"gold_gain":0.0,"event_name":"Beggar","player_choice":"Gave Gold","floor":20.0,"gold_loss":75.0,"damage_taken":0.0},{"damage_healed":0.0,"max_hp_gain":0.0,"max_hp_loss":0.0,"gold_gain":0.0,"event_name":"Ghosts","player_choice":"Ignored","floor":22.0,"gold_loss":0.0,"damage_taken":0.0},{"damage_healed":0.0,"max_hp_gain":0.0,"max_hp_loss":0.0,"gold_gain":0.0,"event_name":"Masked Bandits","player_choice":"Fought Bandits","floor":27.0,"gold_loss":0.0,"damage_taken":0.0},{"cards_removed":["Strike_B"],"damage_healed":0.0,"max_hp_gain":0.0,"max_hp_loss":0.0,"gold_gain":0.0,"event_name":"Purifier","player_choice":"Purged","floor":28.0,"gold_loss":0.0,"damage_taken":0.0},{"damage_healed":0.0,"max_hp_gain":0.0,"max_hp_loss":0.0,"gold_gain":0.0,"event_name":"Duplicator","player_choice":"Copied","floor":29.0,"gold_loss":0.0,"damage_taken":0.0,"cards_obtained":["Defragment"]},{"damage_healed":0.0,"max_hp_gain":0.0,"max_hp_loss":0.0,"gold_gain":0.0,"event_name":"MindBloom","player_choice":"Fight","floor":36.0,"gold_loss":0.0,"damage_taken":0.0},{"damage_healed":0.0,"max_hp_gain":0.0,"max_hp_loss":0.0,"gold_gain":0.0,"event_name":"Mysterious Sphere","player_choice":"Ignored","floor":37.0,"gold_loss":0.0,"damage_taken":0.0},{"cards_removed":["Defend_B"],"damage_healed":0.0,"max_hp_gain":0.0,"max_hp_loss":0.0,"gold_gain":0.0,"event_name":"Purifier","player_choice":"Purged","floor":38.0,"gold_loss":0.0,"damage_taken":0.0},{"damage_healed":0.0,"max_hp_gain":0.0,"max_hp_loss":0.0,"gold_gain":222.0,"event_name":"Tomb of Lord Red Mask","player_choice":"Wore Mask","floor":44.0,"gold_loss":0.0,"damage_taken":0.0}],"is_beta":false,"boss_relics":[{"not_picked":["Black Star","Runic Pyramid"],"picked":"Busted Crown"},{"not_picked":["Velvet Choker","Coffee Dripper"],"picked":"Inserter"}],"items_purged_floors":[11,39],"is_endless":false,"potions_floor_spawned":[6,8,13,14,18,19,23,41,46,48],"killed_by":"Awakened One","ascension_level":20}}