{"host":"yaxsefyig1et0yi2","time":1614064915,"event":{"mods":["Aspiration","BaseMod","BetterRewards","Colored Powertips","Conspire","Displayed Cursed Tome","Downfall","Halation","Hubris","Infinite Spire","Jorbs\u0027s Wanderer Trilogy","Minty Spire (QoL Compilation)","Quick Restart","RatMod","Replay The Spire","Reworked Bosses","Spikes Relics","StSLib","The Jungle","The Marked"],"gold_per_floor":[109,126,126,126,154,166,203,215,277,302,314,342,354,382,394,507,519,549,561,586,598,624,664,676,700,758,770,782,794,806,806],"floor_reached":30,"language":"ENG","playtime":1369,"items_purged":[],"score":250,"play_id":"21dfca8d-bac4-4684-9564-680edc249c4c","local_time":"20210223022155","is_ascension_mode":false,"campfire_choices":[{"data":"theMarked:StartUp","floor":6,"key":"SMITH"},{"data":"theMarked:TwofoldDefense","floor":11,"key":"SMITH"},{"data":"theMarked:ContemptForTheProud","floor":13,"key":"SMITH"},{"data":"theMarked:GodGivenPower","floor":15,"key":"SMITH"},{"data":"theMarked:GodGivenPower","floor":24,"key":"SMITH"},{"data":"theMarked:DispelDoubt","floor":28,"key":"SMITH"}],"circlet_count":0,"master_deck":["theMarked:Strike","theMarked:Strike","theMarked:Strike+1","theMarked:Strike","theMarked:Strike+1","theMarked:Defend","theMarked:Defend+1","theMarked:Defend","theMarked:Defend","theMarked:SoldierOfQuellstein+1","theMarked:StartUp+1","theMarked:ShockingTouch","CurseOfTheBell","CurseOfTheBell","theMarked:GodGivenPower+1","theMarked:TwofoldDefense+1","theMarked:ContemptForTheProud+1","theMarked:GodGivenPower+1","theMarked:DispelDoubt+1","theMarked:AttractMetal","Impatience","theMarked:TakeOffHeels+1","hubris:NaturalOne","theMarked:Improvise"],"relics":["theMarked:ArtifactOfAir","hubris:Icosahedron","downfall:ExtraCursedBell","MawBank","Gremlin Horn","halation:VictoryRuler","Ancient Tea Set","Whetstone","halation:MonkeysPaw","hubris:BlackHole","War Paint","RollingBoulder","MutagenicStrength"],"acts_visited":["Exordium","TheCity"],"potions_floor_usage":[16,16,23],"damage_taken":[{"damage":0,"enemies":"Cultist","floor":1,"turns":3},{"damage":0,"enemies":"2 Louse","floor":2,"turns":2},{"damage":0,"enemies":"Small Slimes","floor":5,"turns":2},{"damage":8,"enemies":"3 Sentries","floor":7,"turns":6},{"damage":10,"enemies":"Looter","floor":10,"turns":3},{"damage":0,"enemies":"3 Louse","floor":12,"turns":3},{"damage":3,"enemies":"Lots of Slimes","floor":14,"turns":2},{"damage":31,"enemies":"The Guardian","floor":16,"turns":9},{"damage":31,"enemies":"Chosen","floor":18,"turns":6},{"damage":21,"enemies":"Shell Parasite","floor":20,"turns":5},{"damage":2,"enemies":"Centurion and Healer","floor":22,"turns":3},{"damage":17,"enemies":"Slavers","floor":23,"turns":3},{"damage":0,"enemies":"Snecko","floor":25,"turns":3},{"damage":0,"enemies":"Snake Plant","floor":30,"turns":1}],"seed_played":"4083637768162025216","potions_obtained":[{"floor":1,"key":"champ:CounterPotion"},{"floor":5,"key":"theMarked:ChargePotion"},{"floor":14,"key":"Explosive Potion"},{"floor":20,"key":"Block Potion"}],"is_trial":false,"path_per_floor":["M","M","?","?","M","R","E","?","T","M","R","M","R","M","R","B",null,"M","?","M","?","M","E","R","M","T","$","R","?","M"],"character_chosen":"THE_DEFAULT","items_purchased":[],"campfire_rested":0,"item_purchase_floors":[],"current_hp_per_floor":[72,72,72,72,72,72,64,64,64,54,54,54,54,51,51,20,72,41,41,20,20,18,1,1,1,1,1,1,1,1,1],"gold":806,"neow_bonus":"RANDOM_EVENT","is_daily":false,"chose_seed":false,"campfire_upgraded":6,"win_rate":0.0,"timestamp":1614064915,"path_taken":["M","M","?","?","M","R","E","?","T","M","R","M","R","M","R","BOSS","M","?","M","?","?","E","R","M","T","$","R","?","M"],"items_purchased_type":[],"build_version":"2020-12-22","purchased_purges":0,"victory":false,"max_hp_per_floor":[72,72,72,72,72,72,72,72,72,72,72,72,72,72,72,72,72,72,72,72,72,72,72,72,72,72,72,72,72,72,72],"card_choices":[{"not_picked":["theMarked:KeepCalmAndFight","theMarked:Determination"],"picked":"theMarked:StartUp","floor":1},{"not_picked":["theMarked:ElectricStrings","theMarked:MysticalArsenal"],"picked":"theMarked:ShockingTouch","floor":2},{"not_picked":["theMarked:TwofoldDefense","theMarked:TakeCover"],"picked":"theMarked:GodGivenPower","floor":5},{"not_picked":["theMarked:TakeCover","theMarked:ElectricStrings"],"picked":"theMarked:TwofoldDefense","floor":7},{"not_picked":["theMarked:WastefulAttack","theMarked:Polarize"],"picked":"theMarked:ContemptForTheProud","floor":10},{"not_picked":["theMarked:ResourceFulStrike","theMarked:SelfDefenseTraining"],"picked":"theMarked:GodGivenPower","floor":12},{"not_picked":["theMarked:TakeCover","theMarked:Indomitable","theMarked:Pokerface"],"picked":"SKIP","floor":14},{"not_picked":["theMarked:UnarmedFury","theMarked:ThrowWeapon"],"picked":"theMarked:DispelDoubt","floor":16},{"not_picked":["theMarked:TwofoldDefense+1","theMarked:Parkour"],"picked":"theMarked:AttractMetal","floor":18},{"not_picked":["theMarked:Parkour","theMarked:Aftermath","theMarked:SwordAndMagic"],"picked":"SKIP","floor":20},{"not_picked":["theMarked:WardOff","theMarked:Polarize","theMarked:ThrowWeapon"],"picked":"SKIP","floor":22},{"not_picked":["theMarked:Determination","theMarked:AttractMetal","theMarked:EmpowerWeapon+1"],"picked":"SKIP","floor":23},{"not_picked":["theMarked:Parkour","theMarked:CreepingChasm"],"picked":"theMarked:Improvise","floor":25}],"player_experience":271434,"relics_obtained":[{"floor":4,"key":"MawBank"},{"floor":4,"key":"Gremlin Horn"},{"floor":4,"key":"halation:VictoryRuler"},{"floor":7,"key":"Ancient Tea Set"},{"floor":9,"key":"Whetstone"},{"floor":23,"key":"War Paint"},{"floor":26,"key":"RollingBoulder"}],"event_choices":[{"damage_healed":0,"gold_gain":0,"player_choice":"Grow","damage_taken":0,"max_hp_gain":0,"max_hp_loss":0,"event_name":"Living Wall","floor":0,"gold_loss":0,"cards_upgraded":["theMarked:SoldierOfQuellstein"]},{"damage_healed":0,"gold_gain":0,"player_choice":"2 cards matched","damage_taken":0,"max_hp_gain":0,"max_hp_loss":0,"event_name":"Match and Keep!","floor":21,"gold_loss":0,"cards_obtained":["Impatience","theMarked:TakeOffHeels"]},{"damage_healed":0,"gold_gain":0,"player_choice":"Inject Mutagens","damage_taken":0,"relics_obtained":["MutagenicStrength"],"max_hp_gain":0,"max_hp_loss":0,"event_name":"Drug Dealer","floor":29,"gold_loss":0}],"is_beta":false,"boss_relics":[{"not_picked":["halation:PlatinumPhoenix","CosmicIsotope"],"picked":"halation:MonkeysPaw"}],"items_purged_floors":[],"is_endless":false,"potions_floor_spawned":[1,5,14,20],"killed_by":"Snake Plant","ascension_level":0}}