{"host":"lnfs5t5iydkm2lft","time":1614053994,"event":{"mods":["AchievementEnabler","Act Like it!","Aspiration","BaseMod","Bestiary","Better Third Choice","BetterRewards","Colored Powertips","Dark Map","Downfall","Hermit","Hubris","Infinite Spire","Marisa????????","Marked Mod","Minty Spire (QoL Compilation)","Quick Restart","Reliquary","Replay The Spire","StSLib","The Runesmith","everything is the same but u backflip on backflip"],"gold_per_floor":[109,129,37,37,37,66,66,97,97,115,115,126,126,159,159,263,263,281,281,2,2,2,18,50,81,93,138,138],"floor_reached":27,"language":"ENG","playtime":1152,"items_purged":["Defend_P"],"score":447,"play_id":"8d681a99-1eda-4be6-aeff-d22e1bf0f465","local_time":"20210222221954","is_ascension_mode":true,"campfire_choices":[{"data":"Eruption","floor":7,"key":"SMITH"},{"data":"LessonLearned","floor":15,"key":"SMITH"}],"circlet_count":0,"master_deck":["ReplayTheSpireMod:Black Plague+1","Defend_P","Defend_P","Defend_P+1","Eruption+1","Vigilance+1","ConjureBlade","ClearTheMind","ThirdEye","Replay:Sssssssssshield+1","Crescendo","TalkToTheHand","LessonLearned+1","LessonLearned","Bite","Bite","Bite","Bite","Bite+1"],"relics":["PureWater","reliquary:IridiumChain","Chameleon Ring","Yang","CaptainsWheel","aspiration:DSix","reliquary:Solitaire","reliquary:WeakTea","Red Mask","MawBank","hubris:SlimyHat"],"acts_visited":["Exordium","TheCity"],"potions_floor_usage":[6,14,16,24,24,25,27],"damage_taken":[{"damage":1,"enemies":"Small Slimes","floor":1,"turns":4},{"damage":0,"enemies":"Cultist","floor":2,"turns":2},{"damage":15,"enemies":"3 Sentries","floor":6,"turns":9},{"damage":0,"enemies":"Replay:BlueRogue","floor":8,"turns":3},{"damage":0,"enemies":"Jaw Worm","floor":10,"turns":3},{"damage":1,"enemies":"Red Slaver","floor":12,"turns":4},{"damage":16,"enemies":"Gremlin Nob","floor":14,"turns":3},{"damage":0,"enemies":"Slime Boss","floor":16,"turns":3},{"damage":2,"enemies":"Shell Parasite","floor":18,"turns":7},{"damage":0,"enemies":"Spheric Guardian","floor":23,"turns":5},{"damage":0,"enemies":"Masked Bandits","floor":24,"turns":4},{"damage":31,"enemies":"Slavers","floor":25,"turns":5},{"damage":34,"enemies":"Nightmare","floor":27,"turns":8}],"seed_played":"8847858924038986221","potions_obtained":[{"floor":1,"key":"DuplicationPotion"},{"floor":8,"key":"LiquidMemories"},{"floor":12,"key":"CultistPotion"},{"floor":13,"key":"CultistPotion"},{"floor":16,"key":"Adrenaline Potion"},{"floor":25,"key":"Doom Potion"},{"floor":26,"key":"Venom Potion"},{"floor":26,"key":"LiquidBronze"}],"is_trial":false,"path_per_floor":["M","M","$","?","$","E","R","E","T","M","T","M","R","E","R","B",null,"M","?","$","PTL","PTL","M","?","E","R","NM"],"character_chosen":"WATCHER","items_purchased":["Replay:Sssssssssshield","reliquary:WeakTea","AttackPotion"],"campfire_rested":0,"item_purchase_floors":[3,20,20],"current_hp_per_floor":[71,71,71,71,71,56,56,56,56,56,56,55,55,39,39,39,72,70,50,50,50,50,50,50,27,27,6,6],"gold":138,"neow_bonus":"ONE_RANDOM_RARE_CARD","is_daily":false,"chose_seed":false,"campfire_upgraded":2,"win_rate":0.0,"timestamp":1614053994,"path_taken":["M","M","$","?","?","E","R","E","T","M","?","?","R","E","R","BOSS","M","?","$","PTL","PTL","M","?","E","R","NM"],"items_purchased_type":["Card","Relic","Potion"],"build_version":"2020-12-22","purchased_purges":1,"victory":false,"max_hp_per_floor":[72,72,72,72,72,72,72,72,72,72,72,72,72,72,72,72,72,72,50,50,50,50,50,50,50,50,50,50],"card_choices":[{"not_picked":["Conclude","WaveOfTheHand"],"picked":"ClearTheMind","floor":1},{"not_picked":["EmptyBody","Nirvana"],"picked":"ThirdEye","floor":2},{"not_picked":["Worship","Tantrum","CutThroughFate"],"picked":"SKIP","floor":6},{"not_picked":["ClearTheMind","Replay:Battleflow"],"picked":"Crescendo","floor":8},{"not_picked":["EmptyBody","Halt"],"picked":"TalkToTheHand","floor":10},{"not_picked":["EmptyBody","Evaluate","CarveReality"],"picked":"SKIP","floor":12},{"not_picked":["EmptyFist","Halt"],"picked":"LessonLearned","floor":14},{"not_picked":["Replay:LoomingThreat","Brilliance"],"picked":"LessonLearned","floor":16},{"not_picked":["Prostrate","FollowUp","Evaluate"],"picked":"SKIP","floor":18},{"not_picked":["ClearTheMind+1","SandsOfTime","SashWhip"],"picked":"SKIP","floor":23},{"not_picked":["EmptyBody","Replay:Hum","ThirdEye"],"picked":"SKIP","floor":25}],"player_experience":422970,"relics_obtained":[{"floor":6,"key":"reliquary:IridiumChain"},{"floor":8,"key":"Chameleon Ring"},{"floor":9,"key":"Yang"},{"floor":11,"key":"CaptainsWheel"},{"floor":14,"key":"aspiration:DSix"},{"floor":24,"key":"Red Mask"},{"floor":25,"key":"MawBank"},{"floor":27,"key":"hubris:SlimyHat"}],"event_choices":[{"damage_healed":0,"gold_gain":0,"player_choice":"Forge","damage_taken":0,"max_hp_gain":0,"max_hp_loss":0,"event_name":"Accursed Blacksmith","floor":4,"gold_loss":0,"cards_upgraded":["Replay:Sssssssssshield"]},{"damage_healed":0,"gold_gain":0,"player_choice":"Became a vampire","damage_taken":0,"max_hp_gain":0,"max_hp_loss":22,"event_name":"Vampires","floor":19,"gold_loss":0,"cards_obtained":["Bite","Bite","Bite","Bite","Bite"]},{"damage_healed":0,"gold_gain":0,"player_choice":"Fought Bandits","damage_taken":0,"max_hp_gain":0,"max_hp_loss":0,"event_name":"Masked Bandits","floor":24,"gold_loss":0}],"is_beta":false,"boss_relics":[{"not_picked":["hubris:Backtick","Kintsugi"],"picked":"reliquary:Solitaire"}],"items_purged_floors":[20],"is_endless":false,"potions_floor_spawned":[1,8,12,16,23,25],"killed_by":"Nightmare","ascension_level":3}}