{"host":"oehe2dxjvdgux73m","time":1614086998,"event":{"mods":["AchievementEnabler","BaseMod","Colored Map","Colored Powertips","DeckTracker","Keyboard Shortcuts","Minty Spire (QoL Compilation)","Permanent Neow","Quick Restart","StSLib","SuperFastMode"],"gold_per_floor":[118,128,16,91,101,101,132,132,132,132,147,147,173,189,189,263,263,241,156,156,52,72,72,102,102,153,153,172,205,205,205,205],"floor_reached":31,"language":"KOR","playtime":924,"items_purged":["Strike_G"],"score":712,"play_id":"2ef64b3f-ffab-40fe-a3ac-d8bc1bb2f6b5","local_time":"20210223222958","is_ascension_mode":true,"campfire_choices":[{"data":"Cloak And Dagger","floor":6.0,"key":"SMITH"},{"floor":8.0,"key":"REST"},{"data":"Crippling Poison","floor":10.0,"key":"SMITH"},{"data":"Wraith Form v2","floor":15.0,"key":"SMITH"},{"data":"Footwork","floor":23.0,"key":"SMITH"},{"data":"Venomology","floor":27.0,"key":"SMITH"}],"circlet_count":0,"master_deck":["AscendersBane","Strike_G","Strike_G","Defend_G","Defend_G","Defend_G","Defend_G","Survivor","Neutralize+1","Crippling Poison+1","Terror+1","Dagger Spray","Cloak And Dagger+1","Footwork+1","Dagger Spray","Wraith Form v2+1","Tactician+1","Calculated Gamble+1","Blade Dance","Cloak And Dagger","Blade Dance+1","Venomology+1","Tactician+1","Ghostly","Ghostly","Ghostly"],"relics":["Ring of the Snake","Dead Branch","CaptainsWheel","Bottled Tornado","Runic Pyramid","Eternal Feather","WingedGreaves","Blood Vial","War Paint"],"acts_visited":["Exordium","TheCity"],"potions_floor_usage":[],"damage_taken":[{"damage":5.0,"enemies":"2 Louse","floor":1.0,"turns":3.0},{"damage":3.0,"enemies":"Cultist","floor":2.0,"turns":4.0},{"damage":1.0,"enemies":"Small Slimes","floor":5.0,"turns":3.0},{"damage":12.0,"enemies":"Lagavulin","floor":7.0,"turns":6.0},{"damage":1.0,"enemies":"Looter","floor":11.0,"turns":3.0},{"damage":6.0,"enemies":"3 Sentries","floor":13.0,"turns":6.0},{"damage":0.0,"enemies":"Exordium Thugs","floor":14.0,"turns":3.0},{"damage":0.0,"enemies":"Slime Boss","floor":16.0,"turns":4.0},{"damage":2.0,"enemies":"2 Thieves","floor":18.0,"turns":4.0},{"damage":1.0,"enemies":"Spheric Guardian","floor":22.0,"turns":4.0},{"damage":3.0,"enemies":"Slavers","floor":24.0,"turns":3.0},{"damage":14.0,"enemies":"Snake Plant","floor":28.0,"turns":5.0},{"damage":7.0,"enemies":"Gremlin Leader","floor":29.0,"turns":3.0},{"damage":37,"enemies":"Book of Stabbing","floor":31,"turns":5}],"seed_played":"7958515892043907236","potions_obtained":[{"floor":1.0,"key":"FearPotion"},{"floor":11.0,"key":"Strength Potion"},{"floor":14.0,"key":"Strength Potion"},{"floor":18.0,"key":"SkillPotion"},{"floor":22.0,"key":"DistilledChaos"}],"is_trial":false,"path_per_floor":["M","M","$","?","M","R","E","R","T","R","M","?","E","M","R","B",null,"M","?","?","$","M","R","E","?","T","R","M","E","?","E"],"character_chosen":"THE_SILENT","items_purchased":["Dagger Spray","SteroidPotion","Cloak And Dagger"],"campfire_rested":1,"item_purchase_floors":[3,3,21],"current_hp_per_floor":[39,36,36,25,24,24,12,31,31,31,30,30,24,24,24,24,56,54,54,54,54,53,65,62,62,62,66,52,47,33,0,0],"gold":205,"neow_bonus":"REMOVE_TWO","is_daily":false,"chose_seed":false,"campfire_upgraded":5,"win_rate":0.0,"timestamp":1614086998,"path_taken":["M","M","$","?","M","R","E","R","T","R","M","?","E","M","R","BOSS","M","?","?","$","M","R","E","?","T","R","?","E","?","E"],"items_purchased_type":["Card","Potion","Card"],"build_version":"2020-12-22","purchased_purges":1,"victory":false,"max_hp_per_floor":[66,66,66,66,66,66,66,66,66,66,66,66,66,66,66,66,66,66,66,66,66,66,66,66,66,66,66,66,66,33,33,33],"card_choices":[{"not_picked":["Heel Hook","Outmaneuver"],"picked":"Crippling Poison","floor":1.0},{"not_picked":["Riddle With Holes","Distraction"],"picked":"Terror","floor":2.0},{"not_picked":["Reflex","Heel Hook"],"picked":"Cloak And Dagger","floor":5.0},{"not_picked":["Crippling Poison","Slice"],"picked":"Footwork","floor":7.0},{"not_picked":["Deadly Poison","Dagger Spray","Skewer"],"picked":"SKIP","floor":11.0},{"not_picked":["Sucker Punch","Quick Slash"],"picked":"Wraith Form v2","floor":13.0},{"not_picked":["Choke","Underhanded Strike"],"picked":"Tactician","floor":14.0},{"not_picked":["Underhanded Strike","Dodge and Roll"],"picked":"Calculated Gamble+1","floor":18.0},{"not_picked":["Distraction","Slice"],"picked":"Blade Dance+1","floor":22.0},{"not_picked":["Backflip","Underhanded Strike"],"picked":"Venomology","floor":24.0},{"not_picked":["Blade Dance+1","Eviscerate","Flying Knee"],"picked":"SKIP","floor":28.0},{"not_picked":["PiercingWail","Dagger Spray"],"picked":"Tactician+1","floor":29.0}],"player_experience":494493,"relics_obtained":[{"floor":7.0,"key":"Dead Branch"},{"floor":9.0,"key":"CaptainsWheel"},{"floor":13.0,"key":"Bottled Tornado"},{"floor":24.0,"key":"WingedGreaves"},{"floor":26.0,"key":"Blood Vial"},{"floor":29.0,"key":"War Paint"}],"event_choices":[{"damage_healed":0.0,"max_hp_gain":0.0,"max_hp_loss":0.0,"gold_gain":75.0,"event_name":"World of Goop","player_choice":"Gather Gold","floor":4.0,"gold_loss":0.0,"damage_taken":11.0},{"damage_healed":0.0,"max_hp_gain":0.0,"max_hp_loss":0.0,"gold_gain":0.0,"cards_transformed":["Strike_G"],"event_name":"Transmorgrifier","player_choice":"Transformed","floor":12.0,"gold_loss":0.0,"damage_taken":0.0,"cards_obtained":["Dagger Spray"]},{"damage_healed":0.0,"max_hp_gain":0.0,"max_hp_loss":0.0,"gold_gain":0.0,"event_name":"Addict","player_choice":"Obtained Relic","floor":19.0,"gold_loss":85.0,"damage_taken":0.0,"relics_obtained":["Eternal Feather"]},{"damage_healed":0.0,"max_hp_gain":0.0,"max_hp_loss":0.0,"gold_gain":0.0,"event_name":"The Library","player_choice":"Read","floor":20.0,"gold_loss":0.0,"damage_taken":0.0,"cards_obtained":["Blade Dance"]},{"damage_healed":0.0,"max_hp_gain":0.0,"max_hp_loss":0.0,"gold_gain":0.0,"event_name":"Upgrade Shrine","player_choice":"Upgraded","floor":25.0,"gold_loss":0.0,"damage_taken":0.0,"cards_upgraded":["Neutralize"]},{"damage_healed":0.0,"max_hp_gain":0.0,"max_hp_loss":33.0,"gold_gain":0.0,"event_name":"Ghosts","player_choice":"Became a Ghost","floor":30.0,"gold_loss":0.0,"damage_taken":0.0,"cards_obtained":["Ghostly","Ghostly","Ghostly"]}],"is_beta":false,"boss_relics":[{"not_picked":["HoveringKite","Fusion Hammer"],"picked":"Runic Pyramid"}],"items_purged_floors":[21],"is_endless":false,"potions_floor_spawned":[1,11,14,18,22],"killed_by":"Book of Stabbing","ascension_level":20}}