{"host":"Vegetablebread","time":1614103366,"event":{"mods":["BaseMod","Bestiary","Minty Spire (QoL Compilation)","Relic Stats","Slay the Relics Exporter","StSLib"],"gold_per_floor":[112,126,176,196,129,129,154,154,154,79,95,115,115,143,143,143,143],"floor_reached":16,"language":"ENG","playtime":247,"items_purged":[],"score":220,"play_id":"97f2a747-8696-4e36-9163-02ff3a6fedc2","local_time":"20210223100246","is_ascension_mode":true,"campfire_choices":[{"data":"Whirlwind","floor":6,"key":"SMITH"},{"data":"Clothesline","floor":8,"key":"SMITH"},{"data":"Rampage","floor":13,"key":"SMITH"},{"data":"Dropkick","floor":15,"key":"SMITH"}],"circlet_count":0,"master_deck":["AscendersBane","Strike_R","Strike_R","Strike_R","Strike_R","Strike_R","Defend_R","Defend_R","Defend_R","Defend_R","Bash","Combust","Whirlwind+1","Clothesline+1","Sword Boomerang","Reaper","Dropkick+1","Rampage+1","Blood for Blood"],"relics":["Burning Blood","NeowsBlessing","Pantograph","Bag of Marbles","Omamori"],"acts_visited":["Exordium"],"potions_floor_usage":[14,14],"damage_taken":[{"damage":0,"enemies":"Small Slimes","floor":1,"turns":1},{"damage":0,"enemies":"Cultist","floor":2,"turns":1},{"damage":0,"enemies":"2 Louse","floor":4,"turns":1},{"damage":32,"enemies":"3 Sentries","floor":7,"turns":4},{"damage":25,"enemies":"Exordium Thugs","floor":11,"turns":5},{"damage":2,"enemies":"Large Slime","floor":12,"turns":4},{"damage":26,"enemies":"Lagavulin","floor":14,"turns":5},{"damage":0,"enemies":"Hexaghost","floor":16,"turns":1}],"seed_played":"-6600748365198482498","potions_obtained":[{"floor":4,"key":"Dexterity Potion"},{"floor":11,"key":"SteroidPotion"},{"floor":14,"key":"PowerPotion"}],"is_trial":false,"path_per_floor":["M","M","?","M","?","R","E","R","T","$","M","M","R","E","R","B"],"character_chosen":"IRONCLAD","items_purchased":["Reaper"],"campfire_rested":0,"item_purchase_floors":[10],"current_hp_per_floor":[74,75,75,75,75,75,49,49,49,49,33,43,43,23,23,23,23],"gold":143,"neow_bonus":"THREE_ENEMY_KILL","is_daily":false,"chose_seed":false,"campfire_upgraded":4,"win_rate":0.0,"timestamp":1614103366,"path_taken":["M","M","?","?","?","R","E","R","T","?","M","M","R","E","R","BOSS"],"items_purchased_type":["Card"],"build_version":"2020-12-18","purchased_purges":0,"victory":false,"max_hp_per_floor":[75,75,75,75,75,75,75,75,75,75,75,75,75,75,75,75,75],"relic_stats":{"counters":[8,21],"Pantograph":0,"obtain_stats":[{"NeowsBlessing":0,"Pantograph":7,"Bag of Marbles":9,"Omamori":14,"Burning Blood":0},{"NeowsBlessing":0,"Pantograph":4,"Bag of Marbles":4,"Omamori":7,"Burning Blood":0},{"NeowsBlessing":0,"Pantograph":7,"Bag of Marbles":7,"Omamori":21,"Burning Blood":0}],"Burning Blood":31},"card_choices":[{"not_picked":["Body Slam","Disarm"],"picked":"Combust","floor":1},{"not_picked":["Uppercut","Heavy Blade"],"picked":"Whirlwind","floor":2},{"not_picked":["Clash","Rampage"],"picked":"Clothesline","floor":4},{"not_picked":["Fire Breathing","Clash"],"picked":"Sword Boomerang","floor":7},{"not_picked":["Sentinel","Berserk"],"picked":"Dropkick","floor":11},{"not_picked":["Feel No Pain","Warcry"],"picked":"Rampage","floor":12},{"not_picked":["Shrug It Off","Armaments"],"picked":"Blood for Blood","floor":14}],"player_experience":10594185,"relics_obtained":[{"floor":7,"key":"Pantograph"},{"floor":9,"key":"Bag of Marbles"},{"floor":14,"key":"Omamori"}],"event_choices":[{"damage_healed":0,"gold_gain":50,"player_choice":"Pray","damage_taken":0,"max_hp_gain":0,"max_hp_loss":0,"event_name":"Golden Shrine","floor":3,"gold_loss":0},{"damage_healed":0,"gold_gain":0,"player_choice":"Left Gold","damage_taken":0,"max_hp_gain":0,"max_hp_loss":0,"event_name":"World of Goop","floor":5,"gold_loss":67}],"is_beta":true,"boss_relics":[],"items_purged_floors":[],"is_endless":false,"potions_floor_spawned":[4,11,14],"killed_by":"Hexaghost","ascension_level":20}}