{"host":"okln270zkafj6dck","time":1614112394,"event":{"mods":["BaseMod","Minty Spire (QoL Compilation)","Permanent Neow","Quick Restart","Relic Stats","StSLib","SuperFastMode","UnlockEverythingMod"],"gold_per_floor":[119,132,132,142,156,156,184,200,200,225,13,45,63,81,81,155,155,166,81,81,6,23,23,42,75,75,75,103,50,85,101,101,176,176,193,93,0,11,31,57,67,67,67,94,94,107,141,152,152,152,152,152,152,12,39,39],"floor_reached":57,"language":"ENG","playtime":2237,"items_purged":["Strike_G","Strike_G"],"score":2798,"play_id":"a4ba492a-88a4-4359-a331-793f0e97849d","local_time":"20210223123314","is_ascension_mode":true,"campfire_choices":[{"data":"Dagger Spray","floor":6.0,"key":"SMITH"},{"data":"Apotheosis","floor":15.0,"key":"SMITH"},{"floor":23.0,"key":"REST"},{"floor":32.0,"key":"REST"},{"floor":42.0,"key":"RECALL"},{"floor":45.0,"key":"REST"},{"floor":49.0,"key":"REST"},{"floor":53,"key":"REST"}],"circlet_count":0,"master_deck":["AscendersBane","Strike_G","Strike_G","Defend_G","Defend_G","Defend_G","Defend_G+1","Defend_G","Survivor","Neutralize","Flying Knee","Dagger Spray+1","Cloak And Dagger","Flechettes","Apotheosis+1","PiercingWail","Burst","Accuracy","Crippling Poison","Cloak And Dagger","Venomology+1","Blade Dance","Phantasmal Killer","Accuracy","Leg Sweep+1","Calculated Gamble","Accuracy","Cloak And Dagger","Deflect+1","Footwork","Deflect+1","Terror+1"],"relics":["Runic Pyramid","Matryoshka","Singing Bowl","Pantograph","Ancient Tea Set","Bag of Marbles","WristBlade","Centennial Puzzle","MutagenicStrength","Orichalcum","Bottled Lightning","Lantern","Question Card","Oddly Smooth Stone","Tiny Chest","SacredBark","Red Mask","War Paint","Paper Crane","Toxic Egg 2","Sundial"],"acts_visited":["Exordium","TheCity","TheBeyond","TheEnding"],"potions_floor_usage":[55,56,56,56],"damage_taken":[{"damage":3.0,"enemies":"Small Slimes","floor":1.0,"turns":5.0},{"damage":0.0,"enemies":"Jaw Worm","floor":2.0,"turns":4.0},{"damage":3.0,"enemies":"2 Louse","floor":4.0,"turns":3.0},{"damage":0.0,"enemies":"Exordium Wildlife","floor":5.0,"turns":5.0},{"damage":21.0,"enemies":"Gremlin Nob","floor":7.0,"turns":4.0},{"damage":0.0,"enemies":"2 Fungi Beasts","floor":8.0,"turns":3.0},{"damage":8.0,"enemies":"Lagavulin","floor":10.0,"turns":10.0},{"damage":10.0,"enemies":"3 Sentries","floor":12.0,"turns":7.0},{"damage":0.0,"enemies":"Exordium Thugs","floor":13.0,"turns":4.0},{"damage":9.0,"enemies":"Lots of Slimes","floor":14.0,"turns":4.0},{"damage":31.0,"enemies":"Slime Boss","floor":16.0,"turns":9.0},{"damage":6.0,"enemies":"2 Thieves","floor":18.0,"turns":5.0},{"damage":0.0,"enemies":"Chosen","floor":22.0,"turns":5.0},{"damage":6.0,"enemies":"Snake Plant","floor":24.0,"turns":4.0},{"damage":16.0,"enemies":"Slavers","floor":25.0,"turns":9.0},{"damage":28.0,"enemies":"Book of Stabbing","floor":28.0,"turns":7.0},{"damage":8.0,"enemies":"Gremlin Leader","floor":30.0,"turns":7.0},{"damage":0.0,"enemies":"Snecko","floor":31.0,"turns":3.0},{"damage":51.0,"enemies":"Champ","floor":33.0,"turns":13.0},{"damage":3.0,"enemies":"Orb Walker","floor":35.0,"turns":2.0},{"damage":0.0,"enemies":"3 Shapes","floor":38.0,"turns":5.0},{"damage":0.0,"enemies":"Transient","floor":39.0,"turns":6.0},{"damage":10.0,"enemies":"Nemesis","floor":40.0,"turns":7.0},{"damage":12.0,"enemies":"3 Darklings","floor":41.0,"turns":3.0},{"damage":28.0,"enemies":"Reptomancer","floor":44.0,"turns":6.0},{"damage":5.0,"enemies":"Jaw Worm Horde","floor":46.0,"turns":3.0},{"damage":6.0,"enemies":"Nemesis","floor":47.0,"turns":5.0},{"damage":0.0,"enemies":"4 Shapes","floor":48.0,"turns":9.0},{"damage":12,"enemies":"Time Eater","floor":50,"turns":9},{"damage":21,"enemies":"Awakened One","floor":51,"turns":13},{"damage":28,"enemies":"Shield and Spear","floor":55,"turns":8},{"damage":47,"enemies":"The Heart","floor":56,"turns":9}],"seed_played":"9063975451633793206","potions_obtained":[{"floor":1.0,"key":"Poison Potion"},{"floor":4.0,"key":"CunningPotion"},{"floor":7.0,"key":"DistilledChaos"},{"floor":10.0,"key":"FearPotion"},{"floor":16.0,"key":"LiquidBronze"},{"floor":18.0,"key":"LiquidBronze"},{"floor":24.0,"key":"Poison Potion"},{"floor":33.0,"key":"Poison Potion"},{"floor":46.0,"key":"Swift Potion"}],"is_trial":false,"path_per_floor":["M","M","?","M","M","R","E","M","T","E","$","E","M","M","R","B",null,"M","?","?","$","M","R","M","E","T","T","E","$","E","M","R","B",null,"M","$","?","M","M","E","M","R","T","E","R","M","E","M","R","B","B",null,"R","$","E","B",null],"character_chosen":"THE_SILENT","items_purchased":["Apotheosis","Cloak And Dagger","Footwork","Deflect+1"],"campfire_rested":5,"item_purchase_floors":[11,29,54,54],"current_hp_per_floor":[56,56,56,53,53,53,32,32,32,26,26,18,20,11,11,5,55,49,49,49,49,51,73,69,53,53,53,27,27,19,19,42,16,63,60,60,60,60,62,52,42,42,42,14,38,33,27,29,54,67,63,79,84,84,56,34],"gold":39,"neow_bonus":"BOSS_RELIC","is_daily":false,"chose_seed":false,"campfire_upgraded":2,"win_rate":0.0,"timestamp":1614112394,"path_taken":["M","M","?","M","M","R","E","M","T","E","$","E","M","M","R","BOSS","M","?","?","$","M","R","M","E","T","?","E","$","E","M","R","BOSS","M","$","?","M","M","E","M","R","T","E","R","M","E","M","R","BOSS","BOSS","R","$","E","BOSS"],"items_purchased_type":["Card","Card","Card","Card"],"build_version":"2020-12-22","purchased_purges":2,"victory":true,"max_hp_per_floor":[66,66,66,66,66,66,66,66,66,68,68,70,72,72,72,72,72,72,72,72,72,74,74,76,76,76,76,78,78,78,78,78,78,78,78,78,78,78,80,80,82,82,82,82,82,82,82,84,84,84,84,84,84,84,84,84],"relic_stats":{"Centennial Puzzle":[45],"Singing Bowl":18,"counters":[32,196],"Sundial":[0],"Pantograph":117,"Tiny Chest":0,"Orichalcum":[126],"War Paint":["Venomology","Defend_G"],"Question Card":14,"obtain_stats":[{"Lantern":26,"Singing Bowl":9,"SacredBark":34,"Oddly Smooth Stone":28,"Orichalcum":25,"War Paint":40,"Paper Crane":44,"Ancient Tea Set":10,"Question Card":27,"Centennial Puzzle":19,"Matryoshka":7,"WristBlade":17,"Sundial":55,"Pantograph":9,"MutagenicStrength":20,"Tiny Chest":30,"Bag of Marbles":12,"Red Mask":37,"Bottled Lightning":26,"Toxic Egg 2":47,"Ring of the Snake":0,"Runic Pyramid":0},{"Lantern":15,"Singing Bowl":6,"SacredBark":19,"Oddly Smooth Stone":16,"Orichalcum":15,"War Paint":23,"Paper Crane":25,"Ancient Tea Set":7,"Question Card":15,"Centennial Puzzle":12,"Matryoshka":5,"WristBlade":11,"Sundial":31,"Pantograph":6,"MutagenicStrength":12,"Tiny Chest":17,"Bag of Marbles":8,"Red Mask":20,"Bottled Lightning":15,"Toxic Egg 2":27,"Ring of the Snake":0,"Runic Pyramid":0},{"Lantern":81,"Singing Bowl":24,"SacredBark":111,"Oddly Smooth Stone":88,"Orichalcum":81,"War Paint":131,"Paper Crane":140,"Ancient Tea Set":34,"Question Card":81,"Centennial Puzzle":63,"Matryoshka":21,"WristBlade":58,"Sundial":187,"Pantograph":24,"MutagenicStrength":63,"Tiny Chest":95,"Bag of Marbles":41,"Red Mask":113,"Bottled Lightning":81,"Toxic Egg 2":148,"Ring of the Snake":0,"Runic Pyramid":0}]},"card_choices":[{"not_picked":["Concentrate","Caltrops"],"picked":"Flying Knee","floor":1.0},{"not_picked":["Sucker Punch","Endless Agony"],"picked":"Dagger Spray","floor":2.0},{"not_picked":["Eviscerate","Dagger Spray"],"picked":"Cloak And Dagger","floor":4.0},{"not_picked":["Underhanded Strike","Bouncing Flask","Outmaneuver"],"picked":"SKIP","floor":5.0},{"not_picked":["Flying Knee","PiercingWail"],"picked":"Flechettes","floor":7.0},{"not_picked":["Quick Slash","Backstab","Choke"],"picked":"SKIP","floor":8.0},{"not_picked":["Flying Knee","Dagger Throw","Blade Dance"],"picked":"Singing Bowl","floor":10.0},{"not_picked":["Setup","Eviscerate","Flechettes"],"picked":"Singing Bowl","floor":12.0},{"not_picked":["Doppelganger","Outmaneuver","Prepared"],"picked":"Singing Bowl","floor":13.0},{"not_picked":["Catalyst","Acrobatics"],"picked":"PiercingWail","floor":14.0},{"not_picked":["Night Terror","Doppelganger"],"picked":"Burst","floor":16.0},{"not_picked":["Dash","Dagger Spray"],"picked":"Accuracy","floor":18.0},{"not_picked":["Bouncing Flask","Prepared","Well Laid Plans"],"picked":"Singing Bowl","floor":22.0},{"not_picked":["Expertise","Flying Knee","PiercingWail"],"picked":"Singing Bowl","floor":24.0},{"not_picked":["Bane+1","Bullet Time"],"picked":"Crippling Poison","floor":25.0},{"not_picked":["Underhanded Strike","Dagger Throw","Sucker Punch","Deadly Poison"],"picked":"Singing Bowl","floor":28.0},{"not_picked":["Poisoned Stab","Skewer","Dagger Spray+1"],"picked":"Venomology","floor":30.0},{"not_picked":["Dagger Spray+1","Deadly Poison+1","Flechettes"],"picked":"Blade Dance","floor":31.0},{"not_picked":["Bullet Time","Venomology","Envenom"],"picked":"Phantasmal Killer","floor":33.0},{"not_picked":["Dagger Throw+1","Caltrops","Eviscerate"],"picked":"Accuracy","floor":35.0},{"not_picked":["Acrobatics","Riddle With Holes+1","Flying Knee"],"picked":"Leg Sweep+1","floor":38.0},{"not_picked":["Acrobatics","Sucker Punch","Poisoned Stab+1","Crippling Poison"],"picked":"Singing Bowl","floor":39.0},{"not_picked":["Outmaneuver","Underhanded Strike+1","Die Die Die"],"picked":"Calculated Gamble","floor":40.0},{"not_picked":["Blur+1","Underhanded Strike","Tactician+1","Sucker Punch"],"picked":"Singing Bowl","floor":41.0},{"not_picked":["Reflex+1","Acrobatics","Expertise"],"picked":"Accuracy","floor":44.0},{"not_picked":["Leg Sweep","Backstab","Underhanded Strike+1"],"picked":"Cloak And Dagger","floor":46.0},{"not_picked":["Quick Slash","Flying Knee","Deadly Poison+1"],"picked":"Deflect+1","floor":47.0},{"not_picked":["Choke+1","Prepared+1","Skewer","Glass Knife"],"picked":"Singing Bowl","floor":48.0},{"not_picked":["Leg Sweep+1","Slice","Calculated Gamble+1"],"picked":"Terror+1","floor":55}],"player_experience":78032,"relics_obtained":[{"floor":7.0,"key":"Matryoshka"},{"floor":9.0,"key":"Singing Bowl"},{"floor":9.0,"key":"Pantograph"},{"floor":10.0,"key":"Ancient Tea Set"},{"floor":12.0,"key":"Bag of Marbles"},{"floor":25.0,"key":"Orichalcum"},{"floor":26.0,"key":"Bottled Lightning"},{"floor":26.0,"key":"Lantern"},{"floor":27.0,"key":"Question Card"},{"floor":28.0,"key":"Oddly Smooth Stone"},{"floor":30.0,"key":"Tiny Chest"},{"floor":40.0,"key":"War Paint"},{"floor":44.0,"key":"Paper Crane"},{"floor":47.0,"key":"Toxic Egg 2"},{"floor":55,"key":"Sundial"}],"event_choices":[{"cards_removed":["Strike_G"],"damage_healed":0.0,"max_hp_gain":0.0,"max_hp_loss":0.0,"gold_gain":0.0,"event_name":"Living Wall","player_choice":"Forget","floor":3.0,"gold_loss":0.0,"damage_taken":0.0},{"damage_healed":0.0,"max_hp_gain":0.0,"max_hp_loss":0.0,"gold_gain":0.0,"event_name":"Addict","player_choice":"Obtained Relic","floor":19.0,"gold_loss":85.0,"damage_taken":0.0,"relics_obtained":["Centennial Puzzle"]},{"damage_healed":0.0,"max_hp_gain":0.0,"max_hp_loss":0.0,"gold_gain":0.0,"event_name":"Drug Dealer","player_choice":"Inject Mutagens","floor":20.0,"gold_loss":0.0,"damage_taken":0.0,"relics_obtained":["MutagenicStrength"]},{"damage_healed":0.0,"max_hp_gain":0.0,"max_hp_loss":0.0,"gold_gain":0.0,"event_name":"Tomb of Lord Red Mask","player_choice":"Paid","floor":37.0,"gold_loss":93.0,"damage_taken":0.0,"relics_obtained":["Red Mask"]}],"is_beta":false,"boss_relics":[{"not_picked":["Coffee Dripper","Ectoplasm"],"picked":"WristBlade"},{"not_picked":["SlaversCollar","Runic Dome"],"picked":"SacredBark"}],"items_purged_floors":[21,36],"is_endless":false,"potions_floor_spawned":[1,4,7,8,10,16,18,24,33,35,38,41,46,55],"ascension_level":20}}