{"host":"ul3z8ex5o8l5j7mh","time":1614100747,"event":{"mods":["2.2 Compatiblity","AchievementEnabler","BaseMod","Bestiary","Colored Map","Colored Powertips","Curses Come First","DeckTracker","Highlight Path","Keyboard Shortcuts","Minty Spire (QoL Compilation)","Relic Sorter","Relic Stats","StSLib","SuperFastMode"],"gold_per_floor":[112,132,145,160,160,160,160,160],"floor_reached":7,"language":"ENG","playtime":215,"items_purged":[],"score":49,"play_id":"02b6fdb3-c893-4e22-ba99-e55793c907ee","local_time":"20210223181907","is_ascension_mode":true,"campfire_choices":[{"floor":6,"key":"REST"}],"circlet_count":0,"master_deck":["Strike_G","Strike_G","Strike_G","Strike_G","Strike_G","Defend_G","Defend_G","Defend_G","Survivor","Neutralize","Riddle With Holes","Riddle With Holes","Backstab","Leg Sweep","Neutralize"],"relics":["Empty Cage"],"acts_visited":["Exordium"],"potions_floor_usage":[4,7],"damage_taken":[{"damage":5,"enemies":"Small Slimes","floor":1,"turns":3},{"damage":3,"enemies":"Cultist","floor":2,"turns":4},{"damage":1,"enemies":"2 Louse","floor":3,"turns":3},{"damage":22,"enemies":"Gremlin Gang","floor":4,"turns":5},{"damage":22,"enemies":"Gremlin Nob","floor":7,"turns":4}],"seed_played":"3895627939371577207","potions_obtained":[{"floor":1,"key":"DuplicationPotion"},{"floor":2,"key":"Block Potion"}],"is_trial":false,"path_per_floor":["M","M","M","M","?","R","E"],"character_chosen":"THE_SILENT","items_purchased":[],"campfire_rested":1,"item_purchase_floors":[],"current_hp_per_floor":[65,62,61,39,39,60,38,38],"gold":160,"neow_bonus":"BOSS_RELIC","is_daily":false,"chose_seed":false,"campfire_upgraded":0,"win_rate":0.0,"timestamp":1614100747,"path_taken":["M","M","M","M","?","R","E"],"items_purchased_type":[],"build_version":"2020-12-22","purchased_purges":0,"victory":false,"max_hp_per_floor":[70,70,70,70,70,70,70,70],"relic_stats":{"counters":[5,19],"obtain_stats":[{"Empty Cage":0,"Ring of the Snake":0},{"Empty Cage":0,"Ring of the Snake":0},{"Empty Cage":0,"Ring of the Snake":0}]},"card_choices":[{"not_picked":["Masterful Stab","Backflip"],"picked":"Riddle With Holes","floor":1},{"not_picked":["Sucker Punch","Underhanded Strike"],"picked":"Riddle With Holes","floor":2},{"not_picked":["Slice","Backstab","Blur"],"picked":"SKIP","floor":3},{"not_picked":["Outmaneuver","Setup"],"picked":"Backstab","floor":4}],"player_experience":429676,"relics_obtained":[],"event_choices":[{"damage_healed":0,"gold_gain":0,"player_choice":"2 cards matched","damage_taken":0,"max_hp_gain":0,"max_hp_loss":0,"event_name":"Match and Keep!","floor":5,"gold_loss":0,"cards_obtained":["Leg Sweep","Neutralize"]}],"is_beta":false,"boss_relics":[],"items_purged_floors":[],"is_endless":false,"potions_floor_spawned":[1,2],"killed_by":"Gremlin Nob","ascension_level":3}}