{"host":"0ucmu30xnqs1j0i5","time":1614067818,"event":{"mods":["AchievementEnabler","BaseMod","Colored Map","Colored Powertips","Minty Spire (QoL Compilation)","Quick Restart","Remove Card Discount Mod"],"gold_per_floor":[112,7441,7452,7466,7485,7485,7497,7565,7565,7583,7602,6896,6912,6520,6520,6625,6625,6645,6657,6676,6693,6709,6709,6021,6036,6036,6036,6049,5297,5297,5397,5397,5397,5397],"floor_reached":33,"language":"ZHS","playtime":1927,"items_purged":["Strike_R","Defend_R","Defend_R","Defend_R","Strike_R","Strike_R","Strike_R","Strike_R","Defend_R","Bash","Clothesline","Shrug It Off","Iron Wave"],"score":295,"play_id":"c2782a11-de2c-4cfd-a1ef-33bc914ef5cb","local_time":"20210223161018","is_ascension_mode":false,"campfire_choices":[{"data":"Clash","floor":6.0,"key":"SMITH"},{"data":"Clash","floor":15,"key":"SMITH"},{"data":"Dual Wield","floor":23,"key":"SMITH"},{"data":"Rage","floor":27,"key":"SMITH"},{"data":"Finesse","floor":32,"key":"SMITH"}],"circlet_count":0,"master_deck":["Clash+1","Clash+1","Seeing Red","Cleave+1","Good Instincts","Flex","Clash+1","Inflame+1","Flash of Steel","Inflame+1","Finesse+1","Exhume","Dual Wield+1","Evolve+1","Rage+1","Pommel Strike","Good Instincts","Ghostly Armor"],"relics":["Burning Blood","Lantern","Whetstone","InkBottle","Frozen Egg 2","Regal Pillow","Toolbox","Sling","Happy Flower","Runic Pyramid","Unceasing Top","Bag of Marbles","OrangePellets","ClockworkSouvenir","Pen Nib","Calipers","Incense Burner","Mummified Hand"],"acts_visited":["Exordium","TheCity"],"potions_floor_usage":[31,33,33,33,33,33],"damage_taken":[{"damage":7.0,"enemies":"2 Louse","floor":1.0,"turns":3.0},{"damage":0.0,"enemies":"Jaw Worm","floor":3.0,"turns":1.0},{"damage":0.0,"enemies":"Small Slimes","floor":4.0,"turns":1.0},{"damage":2.0,"enemies":"Blue Slaver","floor":5.0,"turns":2.0},{"damage":0.0,"enemies":"Red Slaver","floor":7.0,"turns":1.0},{"damage":0.0,"enemies":"Large Slime","floor":10.0,"turns":3.0},{"damage":0,"enemies":"Exordium Thugs","floor":11,"turns":3},{"damage":0,"enemies":"2 Fungi Beasts","floor":13,"turns":1},{"damage":0,"enemies":"Slime Boss","floor":16,"turns":3},{"damage":6,"enemies":"Shell Parasite","floor":18,"turns":2},{"damage":0,"enemies":"Chosen","floor":19,"turns":2},{"damage":0,"enemies":"Snake Plant","floor":20,"turns":1},{"damage":9,"enemies":"Snecko","floor":21,"turns":5},{"damage":4,"enemies":"Cultist and Chosen","floor":22,"turns":3},{"damage":0,"enemies":"Snake Plant","floor":25,"turns":1},{"damage":0,"enemies":"Centurion and Healer","floor":28,"turns":1},{"damage":0,"enemies":"Colosseum Slavers","floor":31,"turns":1},{"damage":7,"enemies":"Colosseum Nobs","floor":31,"turns":2},{"damage":28,"enemies":"Collector","floor":33,"turns":5}],"seed_played":"-5993115001986809601","potions_obtained":[{"floor":7.0,"key":"Regen Potion"},{"floor":22,"key":"EntropicBrew"}],"is_trial":false,"path_per_floor":["M","$","M","M","M","R","M","?","T","M","M","$","M","$","R","B",null,"M","M","M","M","M","R","$","M","T","R","M","$","?","?","R","B"],"character_chosen":"IRONCLAD","items_purchased":["Seeing Red","Cleave","Lantern","Whetstone","Good Instincts","BlessingOfTheForge","Swift Potion","BlessingOfTheForge","Frozen Egg 2","Regal Pillow","Toolbox","Inflame+1","Flash of Steel","Sling","Happy Flower","Finesse","Unceasing Top","Bag of Marbles","OrangePellets","Evolve+1","ClockworkSouvenir","Pen Nib","Calipers","Pommel Strike","Good Instincts"],"campfire_rested":0,"item_purchase_floors":[2,2,2,2,2,2,2,2,12,12,12,12,12,14,14,14,24,24,24,24,29,29,29,29,29],"current_hp_per_floor":[87,87,88,88,88,88,88,88,88,88,88,88,88,88,88,88,88,88,88,88,85,87,87,87,88,88,88,88,88,88,87,87,68,68],"gold":5397,"neow_bonus":"TEN_PERCENT_HP_BONUS","is_daily":false,"chose_seed":false,"campfire_upgraded":5,"win_rate":0.0,"timestamp":1614067818,"path_taken":["M","$","M","M","M","R","M","?","T","M","M","$","M","$","R","BOSS","M","M","M","M","M","R","$","M","T","R","M","$","?","?","R","BOSS"],"items_purchased_type":["Card","Card","Relic","Relic","Card","Potion","Potion","Potion","Relic","Relic","Relic","Card","Card","Relic","Relic","Card","Relic","Relic","Relic","Card","Relic","Relic","Relic","Card","Card"],"build_version":"2020-12-22","purchased_purges":13,"victory":false,"max_hp_per_floor":[88,88,88,88,88,88,88,88,88,88,88,88,88,88,88,88,88,88,88,88,88,88,88,88,88,88,88,88,88,88,88,88,88,88],"card_choices":[{"not_picked":["Intimidate","Pummel"],"picked":"Clash","floor":1.0},{"not_picked":["Intimidate","Pummel"],"picked":"Clash","floor":1.0},{"not_picked":["Dropkick","Cleave"],"picked":"Clothesline","floor":3.0},{"not_picked":["Anger","Clothesline"],"picked":"Flex","floor":4.0},{"not_picked":["Bloodletting","Anger"],"picked":"Clash","floor":5.0},{"not_picked":["Sword Boomerang","True Grit"],"picked":"Iron Wave","floor":7.0},{"not_picked":["Metallicize","Anger","Sentinel"],"picked":"SKIP","floor":10},{"not_picked":["Dark Embrace","Body Slam","Dropkick"],"picked":"SKIP","floor":11},{"not_picked":["Body Slam","Iron Wave"],"picked":"Inflame+1","floor":13},{"not_picked":["Reaper","Juggernaut+1"],"picked":"Exhume","floor":16},{"not_picked":["Havoc","Searing Blow"],"picked":"Shrug It Off","floor":18},{"not_picked":["Cleave","Shrug It Off","Heavy Blade"],"picked":"SKIP","floor":19},{"not_picked":["Anger+1","Searing Blow","Shrug It Off"],"picked":"SKIP","floor":20},{"not_picked":["Impervious","Dark Embrace+1","Thunderclap+1"],"picked":"SKIP","floor":21},{"not_picked":["Clash","Body Slam"],"picked":"Dual Wield","floor":22},{"not_picked":["Bloodletting","Intimidate"],"picked":"Rage","floor":25},{"not_picked":["Shrug It Off","Cleave","Bloodletting+1"],"picked":"SKIP","floor":28},{"not_picked":["Rupture+1","Spot Weakness"],"picked":"Ghostly Armor","floor":31}],"player_experience":105882,"relics_obtained":[{"floor":9.0,"key":"InkBottle"},{"floor":31,"key":"Incense Burner"},{"floor":31,"key":"Mummified Hand"}],"event_choices":[{"damage_healed":0.0,"max_hp_gain":0.0,"max_hp_loss":0.0,"gold_gain":68.0,"event_name":"Golden Wing","player_choice":"Gained Gold","floor":8.0,"gold_loss":0.0,"damage_taken":0.0},{"damage_healed":0,"gold_gain":0,"player_choice":"Ignored","damage_taken":0,"max_hp_gain":0,"max_hp_loss":0,"event_name":"The Mausoleum","floor":30,"gold_loss":0},{"damage_healed":0,"gold_gain":0,"player_choice":"Fight","damage_taken":0,"max_hp_gain":0,"max_hp_loss":0,"event_name":"Colosseum","floor":31,"gold_loss":0},{"damage_healed":0,"gold_gain":0,"player_choice":"Fought Nobs","damage_taken":0,"max_hp_gain":0,"max_hp_loss":0,"event_name":"Colosseum","floor":31,"gold_loss":0}],"is_beta":false,"boss_relics":[{"not_picked":["Calling Bell","Busted Crown"],"picked":"Runic Pyramid"}],"items_purged_floors":[2,2,2,2,2,2,2,2,12,24,24,24,24],"is_endless":false,"potions_floor_spawned":[3,7,10,11,18,19,21,22],"killed_by":"Collector","ascension_level":0}}