{"host":"etc34k4ck9qyv0fa","time":1614081941,"event":{"mods":["AchievementEnabler","BaseMod","Colored Map","Colored Powertips","Marisa????????","Minty Spire (QoL Compilation)","Reimu??????","Replay The Spire","StSLib","The Animator","The Servant 0.9.4"],"gold_per_floor":[112,187,41,51,51,51,62,97,124,124,143,143,143,168,37,37,37,136,136,151,250,165,182,200,200,225,243,293,319,319,351,351,361,361,361,361],"floor_reached":35,"language":"ENG","playtime":1504,"items_purged":[],"score":485,"play_id":"ca5d2f60-9e89-4a81-9d4b-bf528d33424d","local_time":"20210223130541","is_ascension_mode":true,"campfire_choices":[{"data":"Havoc","floor":6.0,"key":"SMITH"},{"data":"Bash","floor":10.0,"key":"SMITH"},{"data":"Seeing Red","floor":17.0,"key":"SMITH"},{"floor":25,"key":"REST"},{"floor":30,"key":"REST"},{"floor":34,"key":"REST"}],"circlet_count":0,"master_deck":["AscendersBane","Strike_R","Strike_R","Strike_R","Strike_R","Defend_R","Defend_R+1","Defend_R+1","Defend_R","Bash+1","Havoc+1","Inflame","Ghostly Armor","Burning Pact","Seeing Red+1","Bludgeon","Juggernaut","Uppercut","Bludgeon","ReplayTheSpireMod:Limb From Limb","ReplayTheSpireMod:Limb From Limb+1"],"relics":["Burning Blood","NeowsBlessing","Toy Ornithopter","War Paint","Replay:Wax Seal","MawBank","Bronze Scales","Snecko Eye","Counterbalance","Pet Ghost","Orichalcum","Replay:Accelerometer","Pantograph"],"acts_visited":["Exordium","TheCity"],"potions_floor_usage":[18,18,29,31],"damage_taken":[{"damage":0.0,"enemies":"Small Slimes","floor":1.0,"turns":1.0},{"damage":0.0,"enemies":"Cultist","floor":4.0,"turns":1.0},{"damage":0.0,"enemies":"2 Louse","floor":7.0,"turns":1.0},{"damage":35.0,"enemies":"Lagavulin","floor":8.0,"turns":6.0},{"damage":10.0,"enemies":"2 Fungi Beasts","floor":11.0,"turns":5.0},{"damage":16.0,"enemies":"Gremlin Nob","floor":14.0,"turns":4.0},{"damage":14,"enemies":"Slime Boss","floor":18,"turns":9},{"damage":13,"enemies":"Spheric Guardian","floor":20,"turns":4},{"damage":9,"enemies":"3 Byrds","floor":23,"turns":4},{"damage":48,"enemies":"3 Cultists","floor":24,"turns":5},{"damage":30,"enemies":"Shelled Parasite and Fungi","floor":27,"turns":5},{"damage":12,"enemies":"Gremlin Leader","floor":29,"turns":8},{"damage":42,"enemies":"Book of Stabbing","floor":31,"turns":5},{"damage":10,"enemies":"Chosen and Byrds","floor":33,"turns":4},{"damage":76,"enemies":"Automaton","floor":35,"turns":6}],"seed_played":"2426210557600240382","potions_obtained":[{"floor":1.0,"key":"Strength Potion"},{"floor":4.0,"key":"Block Potion"},{"floor":14.0,"key":"SkillPotion"},{"floor":23,"key":"SteroidPotion"},{"floor":29,"key":"AttackPotion"}],"is_trial":false,"path_per_floor":["M","?","$","M","?","R","M","E","T","R","M","PTL","PTL","E","$","?","R","B",null,"M","?","?","M","M","R","T","M","T","E","R","E","?","M","R","B"],"character_chosen":"IRONCLAD","items_purchased":["Toy Ornithopter","Bronze Scales"],"campfire_rested":3,"item_purchase_floors":[3,15],"current_hp_per_floor":[78,70,70,76,81,81,85,56,56,56,52,52,52,47,47,47,47,49,76,69,69,69,66,24,49,49,25,25,24,49,18,18,14,39,0,0],"gold":361,"neow_bonus":"THREE_ENEMY_KILL","is_daily":false,"chose_seed":false,"campfire_upgraded":3,"win_rate":0.0,"timestamp":1614081941,"path_taken":["M","?","?","?","?","R","M","E","T","R","M","PTL","PTL","E","$","?","R","BOSS","M","?","?","M","M","R","?","M","T","E","R","E","?","M","R","BOSS"],"items_purchased_type":["Relic","Relic"],"build_version":"2020-12-22","purchased_purges":0,"victory":false,"max_hp_per_floor":[80,80,80,80,85,85,85,85,85,85,85,85,85,85,85,85,85,85,85,85,85,85,85,85,85,85,85,85,85,85,85,85,85,85,85,85],"card_choices":[{"not_picked":["Dark Embrace","Life Link"],"picked":"Havoc","floor":1.0},{"not_picked":["Dropkick","Replay:Undeath\u0027s Touch"],"picked":"Inflame","floor":4.0},{"not_picked":["Headbutt","Clash","Perfected Strike"],"picked":"SKIP","floor":7.0},{"not_picked":["Armaments","Whirlwind"],"picked":"Ghostly Armor","floor":8.0},{"not_picked":["Thunderclap","ReplayReversal"],"picked":"Burning Pact","floor":11.0},{"not_picked":["Wild Strike","Fire Breathing"],"picked":"Seeing Red","floor":14.0},{"not_picked":["Hemogenesis","Double Tap"],"picked":"Bludgeon","floor":18},{"not_picked":["ReplayTheSpireMod:Strike From Hell","Cleave","Wild Strike"],"picked":"SKIP","floor":20},{"not_picked":["ReplayTheSpireMod:Strike From Hell","Spot Weakness"],"picked":"Juggernaut","floor":23},{"not_picked":["Burning Pact","Perfected Strike","Rampage"],"picked":"SKIP","floor":24},{"not_picked":["Rupture","Perfected Strike"],"picked":"Uppercut","floor":27},{"not_picked":["Life Link","Searing Blow"],"picked":"Bludgeon","floor":29},{"not_picked":["Second Wind","Perfected Strike+1"],"picked":"ReplayTheSpireMod:Limb From Limb","floor":31},{"not_picked":["Replay:Undeath\u0027s Touch+1","Flame Barrier"],"picked":"ReplayTheSpireMod:Limb From Limb+1","floor":33}],"player_experience":508646,"relics_obtained":[{"floor":8.0,"key":"War Paint"},{"floor":9.0,"key":"Replay:Wax Seal"},{"floor":14.0,"key":"MawBank"},{"floor":26,"key":"Pet Ghost"},{"floor":28,"key":"Orichalcum"},{"floor":29,"key":"Replay:Accelerometer"},{"floor":31,"key":"Pantograph"}],"event_choices":[{"damage_healed":0.0,"max_hp_gain":0.0,"max_hp_loss":0.0,"gold_gain":75.0,"event_name":"FaceTrader","player_choice":"Touch","floor":2.0,"gold_loss":0.0,"damage_taken":8.0},{"damage_healed":0.0,"max_hp_gain":5.0,"max_hp_loss":0.0,"gold_gain":0.0,"event_name":"Big Fish","player_choice":"Donut","floor":5.0,"gold_loss":0.0,"damage_taken":0.0},{"damage_healed":0.0,"max_hp_gain":0.0,"max_hp_loss":0.0,"gold_gain":0.0,"event_name":"Dead Adventurer","player_choice":"Searched \u00270\u0027 times","floor":16.0,"gold_loss":0.0,"damage_taken":0.0},{"damage_healed":0,"gold_gain":99,"player_choice":"Stole From Cult","damage_taken":0,"max_hp_gain":0,"max_hp_loss":0,"event_name":"Nest","floor":21,"gold_loss":0},{"damage_healed":0,"gold_gain":0,"player_choice":"Obtained Relic","damage_taken":0,"relics_obtained":["Counterbalance"],"max_hp_gain":0,"max_hp_loss":0,"event_name":"Addict","floor":22,"gold_loss":85},{"cards_removed":["Strike_R"],"damage_healed":0,"gold_gain":0,"player_choice":"Elegance","damage_taken":0,"max_hp_gain":0,"max_hp_loss":0,"event_name":"Back to Basics","floor":32,"gold_loss":0}],"is_beta":false,"boss_relics":[{"not_picked":["Runic Pyramid","Ring of Chaos"],"picked":"Snecko Eye"}],"items_purged_floors":[],"is_endless":false,"potions_floor_spawned":[1,4,11,14,23,29],"killed_by":"Automaton","ascension_level":12}}