{"host":"7bb7osqc91rjfyph","time":1614058839,"event":{"mods":["AchievementEnabler","BaseMod","BetterRewards","Colored Map","Colored Powertips","Downfall","Googly Eyes","Hermit","Hubris","Marisa????????","Minty Spire (QoL Compilation)","Shop Mod","StSLib","The Cursed"],"gold_per_floor":[118,132,142,142,153,182,36,71,71,85,160,160,160,160,160,256,256,275,545,563,580,580,613,623,654,679,709,720,1053,1071,160,160,258,258,278,294,394,4,23,51,51,76,76,76,76,76,76,95,95,95,95,95,95,95,95],"floor_reached":54,"language":"ENG","playtime":2337,"items_purged":["Strike_B"],"score":1076,"play_id":"e91637db-971b-4132-b892-bad985f03dc6","local_time":"20210222234039","is_ascension_mode":true,"campfire_choices":[{"data":"Zap","floor":12.0,"key":"SMITH"},{"data":"Capacitor","floor":15.0,"key":"SMITH"},{"floor":32.0,"key":"RECALL"},{"data":"Defragment","floor":41,"key":"SMITH"},{"floor":46,"key":"REST"},{"data":"Loop","floor":49,"key":"SMITH"},{"data":"Dark Shackles","floor":52,"key":"SMITH"}],"circlet_count":0,"master_deck":["Strike_B","Strike_B","Strike_B","Defend_B","Defend_B","Defend_B","Defend_B","Zap+1","Dualcast","Metamorphosis","Cold Snap","Skim","Cold Snap","Ball Lightning","Capacitor+1","Undo","Compile Driver","Echo Form","Loop+1","Defragment+1","Redo+1","Cold Snap","Seek","Biased Cognition","Cold Snap+1","Dark Shackles+1","Glacier+1"],"relics":["Cracked Core","hubris:BallOfYels","hubris:EmptyBottle","Emotion Chip","Meat on the Bone","Velvet Choker","Blood Vial","Ancient Tea Set","Toy Ornithopter","hubris:SoftwareUpdate","Old Coin","Lee\u0027s Waffle","Question Card","Regal Pillow","MerchantsRug","Busted Crown","PreservedInsect","HandDrill","hubris:TenFootPole","hubris:AstralHammer","hubris:RGBLights","hubris:Towel"],"acts_visited":["Exordium","TheCity","TheBeyond","TheEnding"],"potions_floor_usage":[40,40,50,50],"damage_taken":[{"damage":3.0,"enemies":"2 Louse","floor":1.0,"turns":3.0},{"damage":0.0,"enemies":"Cultist","floor":2.0,"turns":3.0},{"damage":7.0,"enemies":"Jaw Worm","floor":3.0,"turns":4.0},{"damage":9.0,"enemies":"Large Slime","floor":5.0,"turns":8.0},{"damage":5.0,"enemies":"3 Sentries","floor":6.0,"turns":2.0},{"damage":6.0,"enemies":"Gremlin Nob","floor":8.0,"turns":3.0},{"damage":6.0,"enemies":"Blue Slaver","floor":10.0,"turns":2.0},{"damage":0.0,"enemies":"Gremlin Gang","floor":13.0,"turns":1.0},{"damage":0.0,"enemies":"Large Slime","floor":14.0,"turns":3.0},{"damage":22.0,"enemies":"Hexaghost","floor":16.0,"turns":6.0},{"damage":9.0,"enemies":"3 Byrds","floor":18.0,"turns":3.0},{"damage":4.0,"enemies":"Spheric Guardian","floor":20.0,"turns":4.0},{"damage":16.0,"enemies":"Centurion and Healer","floor":21.0,"turns":5.0},{"damage":17.0,"enemies":"Gremlin Leader","floor":23.0,"turns":6.0},{"damage":22.0,"enemies":"Chosen and Byrds","floor":24.0,"turns":4.0},{"damage":30.0,"enemies":"Book of Stabbing","floor":25.0,"turns":5.0},{"damage":0.0,"enemies":"Gremlin Leader","floor":27.0,"turns":5.0},{"damage":19.0,"enemies":"Snecko","floor":28.0,"turns":5.0},{"damage":26.0,"enemies":"Book of Stabbing","floor":29.0,"turns":6.0},{"damage":16.0,"enemies":"Snake Plant","floor":30.0,"turns":3.0},{"damage":21.0,"enemies":"Automaton","floor":33.0,"turns":5.0},{"damage":24.0,"enemies":"3 Shapes","floor":35.0,"turns":3.0},{"damage":11.0,"enemies":"Orb Walker","floor":36.0,"turns":3.0},{"damage":11.0,"enemies":"4 Shapes","floor":39.0,"turns":6.0},{"damage":18,"enemies":"Giant Head","floor":40,"turns":8},{"damage":25,"enemies":"Nemesis","floor":42,"turns":5},{"damage":0,"enemies":"Maw","floor":48,"turns":8},{"damage":54,"enemies":"Donu and Deca","floor":50,"turns":10},{"damage":78,"enemies":"Shield and Spear","floor":54,"turns":3}],"seed_played":"8239517453273371119","potions_obtained":[{"floor":1.0,"key":"Strength Potion"},{"floor":3.0,"key":"PowerPotion"},{"floor":6.0,"key":"SmokeBomb"},{"floor":23.0,"key":"Swift Potion"},{"floor":27.0,"key":"PowerPotion"},{"floor":28.0,"key":"champ:CounterPotion"},{"floor":29.0,"key":"Energy Potion"},{"floor":33.0,"key":"BlessingOfTheForge"},{"floor":36.0,"key":"DistilledChaos"},{"floor":42,"key":"DuplicationPotion"},{"floor":48,"key":"DistilledChaos"}],"is_trial":false,"path_per_floor":["M","M","M","?","M","E","$","E","T","M","?","R","M","M","R","B",null,"M","?","M","M","?","E","M","E","T","E","M","E","M","$","R","B",null,"M","M","?","$","M","E","R","E","T","T","$","R","?","M","R","B",null,"R","$","E"],"character_chosen":"DEFECT","items_purchased":["hubris:EmptyBottle","Lee\u0027s Waffle","PowerPotion","Guardian:BlockOnCardUsePotion","Question Card","Regal Pillow","MerchantsRug","Dark Shackles","PreservedInsect","HandDrill"],"campfire_rested":1,"item_purchase_floors":[7,31,31,31,31,31,31,38,38,38],"current_hp_per_floor":[47,47,40,40,31,26,26,20,20,26,15,15,27,39,39,29,64,55,28,36,32,75,58,38,22,22,36,36,34,42,82,82,61,77,55,46,46,46,47,53,53,42,42,42,42,81,81,82,82,45,73,73,73,0,0],"gold":95,"neow_bonus":"RANDOM_COLORLESS_2","is_daily":false,"chose_seed":false,"campfire_upgraded":5,"win_rate":0.0,"timestamp":1614058839,"path_taken":["M","M","M","?","?","E","?","E","T","M","?","R","M","M","R","BOSS","M","?","M","?","?","E","M","E","T","E","M","E","?","$","R","BOSS","M","M","?","$","?","E","R","E","T","?","?","R","?","M","R","BOSS","R","$","E"],"items_purchased_type":["Relic","Relic","Potion","Potion","Relic","Relic","Relic","Card","Relic","Relic"],"build_version":"2020-12-22","purchased_purges":1,"victory":false,"max_hp_per_floor":[75,75,75,75,75,75,75,75,75,75,75,75,75,75,75,75,75,75,75,75,75,75,75,75,75,75,75,75,75,75,82,82,82,82,82,82,82,82,82,82,82,82,82,82,82,82,82,82,82,82,82,82,82,82,82],"card_choices":[{"not_picked":["Transmutation","Magnetism"],"picked":"Metamorphosis","floor":0.0},{"not_picked":["Hologram","Chill"],"picked":"Cold Snap","floor":1.0},{"not_picked":["Stack","Hologram"],"picked":"Skim","floor":2.0},{"not_picked":["Conserve Battery","Consume"],"picked":"Cold Snap","floor":3.0},{"not_picked":["Steam","Stack"],"picked":"Ball Lightning","floor":5.0},{"not_picked":["Compile Driver","Blizzard"],"picked":"Capacitor","floor":6.0},{"not_picked":["hubris:Ukulele","hubris:DoWhile"],"picked":"Undo","floor":8.0},{"not_picked":["Darkness","Fusion"],"picked":"Compile Driver","floor":10.0},{"not_picked":["Thunder Strike","Amplify"],"picked":"Echo Form","floor":16.0},{"not_picked":["Undo","Go for the Eyes"],"picked":"Loop","floor":18.0},{"not_picked":["White Noise","hubris:PowerSurge"],"picked":"Defragment","floor":20.0},{"not_picked":["Fusion","Ball Lightning"],"picked":"Redo+1","floor":21.0},{"not_picked":["Skim","Sunder"],"picked":"Cold Snap","floor":23.0},{"not_picked":["Barrage","Beam Cell","Conserve Battery"],"picked":"SKIP","floor":24.0},{"not_picked":["Sunder","Rebound","Barrage+1"],"picked":"SKIP","floor":25.0},{"not_picked":["Beam Cell+1","Redo"],"picked":"Seek","floor":27.0},{"not_picked":["Conserve Battery","Beam Cell","Scrape+1"],"picked":"SKIP","floor":28.0},{"not_picked":["Compile Driver+1","Rebound+1","Redo+1"],"picked":"SKIP","floor":29.0},{"not_picked":["Gash+1","Sweeping Beam","Rebound"],"picked":"SKIP","floor":30.0},{"not_picked":["Core Surge","Buffer","hubris:SpecializedCircuitry"],"picked":"Biased Cognition","floor":33.0},{"not_picked":["Steam"],"picked":"Cold Snap+1","floor":35.0},{"not_picked":["Sweeping Beam","Sunder+1"],"picked":"SKIP","floor":36.0},{"not_picked":["Sweeping Beam+1"],"picked":"Glacier+1","floor":39.0},{"not_picked":["Tempest","Gash"],"picked":"SKIP","floor":40},{"not_picked":["Go for the Eyes","Lockon"],"picked":"SKIP","floor":42},{"not_picked":["Rebound","Conserve Battery+1"],"picked":"SKIP","floor":48}],"player_experience":137090,"relics_obtained":[{"floor":6.0,"key":"hubris:BallOfYels"},{"floor":8.0,"key":"Emotion Chip"},{"floor":9.0,"key":"Meat on the Bone"},{"floor":23.0,"key":"Blood Vial"},{"floor":25.0,"key":"Ancient Tea Set"},{"floor":26.0,"key":"Toy Ornithopter"},{"floor":27.0,"key":"hubris:SoftwareUpdate"},{"floor":29.0,"key":"Old Coin"},{"floor":40,"key":"hubris:TenFootPole"},{"floor":42,"key":"hubris:AstralHammer"},{"floor":44,"key":"hubris:RGBLights"}],"event_choices":[{"damage_healed":0.0,"max_hp_gain":0.0,"max_hp_loss":0.0,"gold_gain":0.0,"event_name":"The Woman in Blue","player_choice":"Bought 0 Potions","floor":4.0,"gold_loss":0.0,"damage_taken":0.0},{"damage_healed":0.0,"max_hp_gain":0.0,"max_hp_loss":0.0,"gold_gain":75.0,"event_name":"World of Goop","player_choice":"Gather Gold","floor":11.0,"gold_loss":0.0,"damage_taken":11.0},{"damage_healed":0.0,"max_hp_gain":0.0,"max_hp_loss":0.0,"gold_gain":270.0,"event_name":"Knowing Skull","player_choice":"GOLD GOLD GOLD ","floor":19.0,"potions_obtained":[],"gold_loss":0.0,"damage_taken":27.0,"cards_obtained":[]},{"damage_healed":43.0,"max_hp_gain":0.0,"max_hp_loss":0.0,"gold_gain":0.0,"event_name":"Wheel of Change","player_choice":"Full Heal","floor":22.0,"gold_loss":0.0,"damage_taken":0.0},{"damage_healed":0.0,"max_hp_gain":0.0,"max_hp_loss":0.0,"gold_gain":100.0,"event_name":"Golden Shrine","player_choice":"Pray","floor":37.0,"gold_loss":0.0,"damage_taken":0.0}],"is_beta":false,"boss_relics":[{"not_picked":["bronze:MakeshiftBattery","Black Star"],"picked":"Velvet Choker"},{"not_picked":["Tiny House","Nuclear Battery"],"picked":"Busted Crown"}],"items_purged_floors":[31],"is_endless":false,"potions_floor_spawned":[1,3,6,14,23,27,28,29,33,36,42,48],"killed_by":"Shield and Spear","ascension_level":6}}