{"host":"0z6l31g9ps0v9zzp","time":1614070378,"event":{"mods":["Act Like it!","BaseMod","CapriCore","Minty Spire (QoL Compilation)","MostiFishMod","StSLib","WarShipGirlsR/’ΩΩ¢…Ÿ≈ÆR mod"],"gold_per_floor":[116,136,136,48,63,95,95,126,205,205,223,254,179,205,205,283,283,297,317,327,56,76,104,129,129,129,163,0,30,30,44,44,116,116,131,131,144,144,144,144,177,177,200,200,213,229,264,289,289,289,289,289,289,110,139,171],"floor_reached":57,"language":"ZHS","playtime":2634,"items_purged":["rmod:strick","rmod:strick+1"],"score":3462,"play_id":"ff82fbf7-1e5a-4492-b062-38692d355f7d","local_time":"20210223165258","daily_mods":["Heirloom"],"is_ascension_mode":true,"campfire_choices":[{"data":"rmod:aviationdawn","floor":7.0,"key":"SMITH"},{"floor":10.0,"key":"REST"},{"data":"rmod:supportaircraftcarrier","floor":15.0,"key":"SMITH"},{"floor":25.0,"key":"RECALL"},{"floor":32.0,"key":"REST"},{"floor":40.0,"key":"REST"},{"floor":42.0,"key":"REST"},{"floor":49,"key":"REST"},{"floor":53,"key":"REST"}],"circlet_count":0,"master_deck":["AscendersBane","rmod:strick+1","rmod:strick+1","rmod:defend+1","rmod:defend+1","rmod:defend+1","rmod:defend+1","rmod:basicallowance+1","rmod:maingunfire+1","rmod:aviationdawn+1","rmod:robin+1","rmod:supportaircraftcarrier+1","rmod:expedition+3","rmod:generalist+1","rmod:aluminumsupply+1","rmod:seals+1","Madness+1","Madness+1","MostiFishMod:ButterFly+1","rmod:shuttlebombing+1","rmod:maintain+1","rmod:luckystar+1","rmod:lonelyqueen+1","MostiFishMod:Kaleido+1"],"relics":["rmod:firstchargereward","DaveBox","DSteel32","Ginger","SynthV:TestCard","Ice Cream","Dream Catcher","Pantograph","Mummified Hand","WingedGreaves","Art of War","FeatherPendant","PreservedInsect","Bag of Preparation","War Paint","Letter Opener","Boot","InkBottle","xbg","Centennial Puzzle","Question Card","Prayer Wheel","Happy Flower"],"acts_visited":["Exordium","TheCity","TheBeyond","TheEnding"],"potions_floor_usage":[],"damage_taken":[{"damage":0.0,"enemies":"Jaw Worm","floor":1.0,"turns":3.0},{"damage":0.0,"enemies":"Cultist","floor":2.0,"turns":2.0},{"damage":0.0,"enemies":"Small Slimes","floor":5.0,"turns":2.0},{"damage":28.0,"enemies":"3 Sentries","floor":6.0,"turns":6.0},{"damage":26.0,"enemies":"Lagavulin","floor":8.0,"turns":4.0},{"damage":9.0,"enemies":"2 Fungi Beasts","floor":11.0,"turns":3.0},{"damage":4.0,"enemies":"3 Sentries","floor":12.0,"turns":4.0},{"damage":17.0,"enemies":"Hexaghost","floor":16.0,"turns":5.0},{"damage":0.0,"enemies":"Chosen","floor":18.0,"turns":2.0},{"damage":0.0,"enemies":"Spheric Guardian","floor":19.0,"turns":2.0},{"damage":0.0,"enemies":"Centurion and Healer","floor":20.0,"turns":2.0},{"damage":6.0,"enemies":"Snake Plant","floor":22.0,"turns":3.0},{"damage":0.0,"enemies":"Slavers","floor":23.0,"turns":2.0},{"damage":8.0,"enemies":"Gremlin Leader","floor":24.0,"turns":1.0},{"damage":0.0,"enemies":"Slavers","floor":27.0,"turns":1.0},{"damage":0.0,"enemies":"Gremlin Leader","floor":29.0,"turns":1.0},{"damage":0.0,"enemies":"Cultist and Chosen","floor":31.0,"turns":2.0},{"damage":0.0,"enemies":"Collector","floor":33.0,"turns":3.0},{"damage":0.0,"enemies":"Orb Walker","floor":35.0,"turns":1.0},{"damage":0.0,"enemies":"3 Shapes","floor":37.0,"turns":2.0},{"damage":0.0,"enemies":"Giant Head","floor":41.0,"turns":2.0},{"damage":17,"enemies":"Transient","floor":45,"turns":3},{"damage":0,"enemies":"4 Shapes","floor":46,"turns":2},{"damage":0,"enemies":"Reptomancer","floor":47,"turns":2},{"damage":0,"enemies":"Mind Bloom Boss Battle","floor":48,"turns":1},{"damage":0,"enemies":"Donu and Deca","floor":50,"turns":3},{"damage":28,"enemies":"Awakened One","floor":51,"turns":4},{"damage":0,"enemies":"Shield and Spear","floor":55,"turns":1},{"damage":81,"enemies":"The Heart","floor":56,"turns":5}],"seed_played":"-7765317655481639753","potions_obtained":[{"floor":1.0,"key":"Swift Potion"},{"floor":11.0,"key":"EntropicBrew"},{"floor":12.0,"key":"Block Potion"},{"floor":18.0,"key":"CultistPotion"}],"is_trial":true,"path_per_floor":["M","M","?","$","M","E","R","E","T","R","M","E","$","T","R","B",null,"M","M","M","$","M","E","E","R","T","E","$","E","?","M","R","B",null,"M","?","M","?","?","R","E","R","T","?","M","M","E","?","R","B","B",null,"R","$","E","B",null],"character_chosen":"PRAEFECT","items_purchased":["rmod:supportaircraftcarrier","PreservedInsect","rmod:seals","MostiFishMod:Kaleido"],"campfire_rested":6,"item_purchase_floors":[4,21,28,54],"current_hp_per_floor":[63,63,63,63,67,39,39,13,13,34,25,21,21,21,21,29,60,60,60,60,60,54,54,46,46,46,46,46,46,46,46,67,70,70,70,57,57,57,57,70,70,70,70,70,53,53,61,70,70,70,42,63,70,70,70,248],"gold":171,"neow_bonus":"","is_daily":false,"chose_seed":false,"campfire_upgraded":2,"win_rate":0.0,"timestamp":1614070378,"path_taken":["M","M","?","$","M","E","R","E","T","R","M","E","?","?","R","BOSS","M","M","M","$","M","E","E","R","T","E","$","E","?","M","R","BOSS","M","?","M","?","?","R","E","R","T","?","M","?","E","?","R","BOSS","BOSS","R","$","E","BOSS"],"items_purchased_type":["Card","Relic","Card","Card"],"build_version":"2020-12-22","purchased_purges":2,"victory":true,"max_hp_per_floor":[70,70,70,70,70,70,70,70,70,70,70,70,70,70,70,70,70,70,70,70,70,70,70,70,70,70,70,70,70,70,70,70,70,70,70,70,70,70,70,70,70,70,70,70,70,70,70,70,70,70,70,70,70,70,70,252],"card_choices":[{"not_picked":["rmod:aggressivemary","rmod:highspeedshooting"],"picked":"rmod:aviationdawn","floor":1.0},{"not_picked":["rmod:advancebysurprise","rmod:maintain","rmod:sl","rmod:supportescort"],"picked":"rmod:robin","floor":2.0},{"not_picked":["rmod:highspeedshooting","rmod:slowdown","rmod:launchingtorpedo","rmod:tearstotiara","rmod:aviationdawn"],"picked":"SKIP","floor":5.0},{"not_picked":["rmod:punchline","rmod:bulid","rmod:ammunitionsupply","rmod:smokecover","rmod:victimresponsibility"],"picked":"SKIP","floor":6.0},{"not_picked":["rmod:supportaircraftcarrier","rmod:victimresponsibility","rmod:aviationdawn","rmod:aggressivemary","rmod:salvage"],"picked":"SKIP","floor":8.0},{"not_picked":["rmod:fuelsupply","rmod:aviationdawn","rmod:chargemoney","rmod:auspiciousomen"],"picked":"rmod:expedition","floor":10.0},{"not_picked":["rmod:steelsupply","rmod:firesupport","rmod:fletcherpendant","rmod:tearstotiara","rmod:unsinkable"],"picked":"SKIP","floor":11.0},{"not_picked":["rmod:steelsupply","rmod:combined","rmod:guardianhero","rmod:circuitoustactics","rmod:saltedfish"],"picked":"SKIP","floor":12.0},{"not_picked":["rmod:diamondstrike+1","rmod:fletcherpendant","rmod:highspeedshooting","rmod:circuitoustactics"],"picked":"rmod:generalist","floor":18.0},{"not_picked":["rmod:generalist","rmod:unsinkable","rmod:diamondstrike+1","rmod:ammunitionsupply","rmod:fletcherpendant"],"picked":"SKIP","floor":19.0},{"not_picked":["rmod:unsinkable+1","rmod:circuitoustactics","rmod:heivgo","rmod:diamondstrike","rmod:salvage"],"picked":"SKIP","floor":20.0},{"not_picked":["rmod:unsinkable+1","rmod:circuitoustactics","rmod:heivgo","rmod:diamondstrike","rmod:salvage"],"picked":"SKIP","floor":20.0},{"not_picked":["rmod:chargemoney","rmod:supportescort","rmod:fletcherpendant","rmod:launchingtorpedo","rmod:aviationdawn+1"],"picked":"SKIP","floor":22.0},{"not_picked":["rmod:chargemoney","rmod:supportescort","rmod:fletcherpendant","rmod:launchingtorpedo","rmod:aviationdawn+1"],"picked":"SKIP","floor":22.0},{"not_picked":["rmod:heivgo","rmod:saltedfish","rmod:highspeedshooting+1","rmod:firesupport"],"picked":"rmod:aluminumsupply+1","floor":23.0},{"not_picked":["rmod:luckystar","rmod:expedition","rmod:fletcherpendant","rmod:gendarmerie","rmod:selfconfidence+1"],"picked":"SKIP","floor":24.0},{"not_picked":["rmod:highspeedshooting","rmod:expedition","rmod:luckystar","rmod:aggressivemary","rmod:selfconfidence"],"picked":"SKIP","floor":27.0},{"not_picked":["rmod:steelsupply","rmod:unsinkable","rmod:highspeedshooting","rmod:gendarmerie","rmod:wasp+1"],"picked":"SKIP","floor":29.0},{"not_picked":["rmod:tearstotiara","rmod:wolves","rmod:expeditionaryescort","rmod:ammunitionsupply","rmod:fletcherpendant"],"picked":"SKIP","floor":31.0},{"not_picked":["rmod:robin","rmod:supportescort","rmod:aluminumsupply+1","rmod:guardianhero","rmod:highspeedshooting"],"picked":"SKIP","floor":35.0},{"not_picked":["rmod:concentratefire","rmod:gendarmerie","rmod:wasp","rmod:tearstotiara","rmod:fuelsupply+1"],"picked":"SKIP","floor":37.0},{"not_picked":["Purity","Jack Of All Trades","MostiFishMod:BrokenBlackCloak","HandOfGreed"],"picked":"MostiFishMod:ButterFly","floor":39.0},{"not_picked":["rmod:aviationdawn","rmod:capitalist","rmod:combined","rmod:overbreakdown"],"picked":"rmod:shuttlebombing","floor":40.0},{"not_picked":["rmod:victimresponsibility","rmod:ammunitionsupply+1","rmod:circuitoustactics","rmod:u235","rmod:fuelsupply+1"],"picked":"SKIP","floor":41.0},{"not_picked":["rmod:wife+1","rmod:salvage","rmod:goodfighter+1","rmod:rockthrower","rmod:guardianhero"],"picked":"SKIP","floor":45},{"not_picked":["rmod:goodfighter","rmod:supportescort","rmod:salvage","rmod:launchingtorpedo","rmod:tearstotiara+1"],"picked":"SKIP","floor":46},{"not_picked":["rmod:heivgo","rmod:highspeedshooting","rmod:spoils","rmod:victimresponsibility"],"picked":"rmod:maintain","floor":47},{"not_picked":["rmod:aluminumsupply","rmod:bulid","rmod:advancebysurprise","rmod:concentratefire","rmod:highspeedshooting"],"picked":"rmod:luckystar+1","floor":48},{"not_picked":["rmod:combined+1","rmod:circuitoustactics","rmod:unsinkable+1","rmod:ring+1","rmod:luckystar+1"],"picked":"rmod:lonelyqueen","floor":49},{"not_picked":["rmod:goodfighter","rmod:luckystar+1","rmod:royalracing+1","rmod:selfconfidence+1","rmod:diamondstrike","rmod:tearstotiara"],"picked":"SKIP","floor":55}],"player_experience":314164,"relics_obtained":[{"floor":1.0,"key":"SynthV:TestCard"},{"floor":6.0,"key":"Dream Catcher"},{"floor":8.0,"key":"Pantograph"},{"floor":9.0,"key":"Mummified Hand"},{"floor":12.0,"key":"WingedGreaves"},{"floor":14.0,"key":"Art of War"},{"floor":23.0,"key":"Bag of Preparation"},{"floor":24.0,"key":"War Paint"},{"floor":26.0,"key":"Letter Opener"},{"floor":27.0,"key":"Boot"},{"floor":29.0,"key":"InkBottle"},{"floor":41.0,"key":"Centennial Puzzle"},{"floor":47,"key":"Question Card"},{"floor":48,"key":"Prayer Wheel"},{"floor":55,"key":"Happy Flower"}],"event_choices":[{"damage_healed":0.0,"max_hp_gain":0.0,"max_hp_loss":0.0,"gold_gain":0.0,"event_name":"WeMeetAgain","player_choice":"Gave Potion","floor":3.0,"gold_loss":0.0,"damage_taken":0.0,"relics_obtained":["Ice Cream"]},{"damage_healed":0.0,"max_hp_gain":0.0,"max_hp_loss":0.0,"gold_gain":0.0,"event_name":"Vampires","player_choice":"Ignored","floor":30.0,"gold_loss":0.0,"damage_taken":0.0},{"damage_healed":0.0,"max_hp_gain":0.0,"max_hp_loss":0.0,"gold_gain":0.0,"event_name":"Winding Halls","player_choice":"Embrace Madness","floor":36.0,"gold_loss":0.0,"damage_taken":13.0,"cards_obtained":["Madness","Madness"]},{"damage_healed":0.0,"max_hp_gain":0.0,"max_hp_loss":0.0,"gold_gain":0.0,"event_name":"Tomb of Lord Red Mask","player_choice":"Ignored","floor":38.0,"gold_loss":0.0,"damage_taken":0.0},{"damage_healed":0.0,"max_hp_gain":0.0,"max_hp_loss":0.0,"gold_gain":0.0,"event_name":"SensoryStone","player_choice":"Memory 1","floor":39.0,"gold_loss":0.0,"damage_taken":0.0},{"damage_healed":0,"gold_gain":0,"player_choice":"Forge","damage_taken":0,"max_hp_gain":0,"max_hp_loss":0,"event_name":"Accursed Blacksmith","floor":44,"gold_loss":0,"cards_upgraded":["rmod:shuttlebombing"]},{"damage_healed":0,"gold_gain":0,"player_choice":"Fight","damage_taken":0,"max_hp_gain":0,"max_hp_loss":0,"event_name":"MindBloom","floor":48,"gold_loss":0}],"is_beta":false,"boss_relics":[{"not_picked":["Tiny House","rmod:monthlycard"],"picked":"FeatherPendant"},{"not_picked":["TimeKeys","Transparent"],"picked":"xbg"}],"items_purged_floors":[13,21],"is_endless":false,"potions_floor_spawned":[1,11,12,18,20,22,29,37,46,48],"ascension_level":20}}