{"host":"i1peby39mt3us2ef","time":1614042185,"event":{"mods":["BaseMod","Downfall","Minty Spire (QoL Compilation)","Replay The Spire","StSLib","The Cursed"],"gold_per_floor":[114,124,124,124,124,159,159,173,173,192,192,117,117,127,127,227,227,243,258,258,277,314,314,329,329,329,342,267,267,286,304,304,409,409,428,428,481,45,45,45,63,63,117,117,153,153,191,208,208,208,208,208,17,52,52,52],"floor_reached":55,"language":"ENG","playtime":3565,"items_purged":["Delirium","Pain"],"score":569,"play_id":"6425e844-f614-4665-865a-419bba79ff2f","local_time":"20210222180305","is_ascension_mode":false,"campfire_choices":[{"floor":11,"key":"REST"},{"floor":13,"key":"RECALL"},{"floor":15,"key":"REST"},{"floor":23,"key":"REST"},{"floor":29,"key":"REST"},{"floor":32,"key":"REST"},{"floor":40,"key":"REST"},{"floor":42,"key":"REST"},{"floor":49,"key":"REST"},{"floor":52,"key":"DIG"}],"circlet_count":0,"master_deck":["Strike_R","Strike_R","Strike_R","Strike_R","Defend_R","Defend_R","Defend_R","Defend_R","Bash","Cleave","Thunderclap","Infernal Blade","Infernal Blade","Bludgeon","Uppercut","Limit Break","Warcry","Twin Strike+1","J.A.X.+1","Thunderclap+1","Heavy Blade+1","Spot Weakness+1","Headbutt","Twin Strike+1","Twin Strike","CurseOfTheBell","Ghostly Armor+1","Replay:Sssssssssstrike","ReplayTheSpireMod:Uncanny Aura","HandOfGreed","Clothesline+1","Trip","Shrug It Off+1","Amnesia","Heavy Blade","Feed","ReplayReversal","Dramatic Entrance","Shrug It Off","True Grit","Uppercut+1"],"relics":["Cursed Key","Darkstone Periapt","Electric Blood","Mango","WarpedTongs","Ornamental Fan","Replay:Grab Bag","ChewingGum","Sozu","Calling Bell","Replay:WaspNest","ReplayTheSpireMod:Spearhead","Replay:PocketPolymizer","Shovel","HornCleat","Replay:Mystery Machine","Quantum Egg","Red Skull"],"acts_visited":["Exordium","TheCity","TheBeyond","TheEnding"],"potions_floor_usage":[33,55,55],"damage_taken":[{"damage":1,"enemies":"Cultist","floor":1,"turns":3},{"damage":0,"enemies":"Small Slimes","floor":2,"turns":2},{"damage":73,"enemies":"Lagavulin","floor":6,"turns":10},{"damage":1,"enemies":"Jaw Worm","floor":8,"turns":2},{"damage":0,"enemies":"3 Louse","floor":10,"turns":2},{"damage":0,"enemies":"Looter","floor":14,"turns":2},{"damage":55,"enemies":"The Guardian","floor":16,"turns":8},{"damage":12,"enemies":"Spheric Guardian","floor":18,"turns":3},{"damage":16,"enemies":"Shell Parasite","floor":19,"turns":3},{"damage":26,"enemies":"Centurion and Healer","floor":21,"turns":3},{"damage":8,"enemies":"Sentry and Sphere","floor":24,"turns":2},{"damage":13,"enemies":"Shelled Parasite and Fungi","floor":27,"turns":2},{"damage":19,"enemies":"Cultist and Chosen","floor":30,"turns":3},{"damage":19,"enemies":"Centurion and Healer","floor":31,"turns":2},{"damage":51,"enemies":"Automaton","floor":33,"turns":6},{"damage":23,"enemies":"Orb Walker","floor":35,"turns":3},{"damage":31,"enemies":"2 Orb Walkers","floor":37,"turns":3},{"damage":26,"enemies":"3 Shapes","floor":41,"turns":4},{"damage":13,"enemies":"Jaw Worm Horde","floor":45,"turns":3},{"damage":15,"enemies":"Maw","floor":47,"turns":4},{"damage":8,"enemies":"3 Darklings","floor":48,"turns":3},{"damage":75,"enemies":"Replay:Hell Engine","floor":50,"turns":7},{"damage":91,"enemies":"Shield and Spear","floor":54,"turns":4},{"damage":59,"enemies":"The Heart","floor":55,"turns":3}],"seed_played":"7314467477443131248","potions_obtained":[{"floor":2,"key":"LiquidMemories"},{"floor":6,"key":"Strength Potion"},{"floor":8,"key":"Weak Potion"},{"floor":21,"key":"Block Potion"}],"is_trial":false,"path_per_floor":["M","M","?","?","?","E","?","M","T","M","R","$","R","M","R","B",null,"M","M","?","M","?","R","M","?","T","M","?","R","M","M","R","B",null,"M","?","?","$","?","R","M","R","T","?","M","?","M","M","R","B",null,"R","$","E","B"],"character_chosen":"IRONCLAD","items_purchased":["HornCleat","Trip","Dramatic Entrance","Shrug It Off","True Grit"],"campfire_rested":8,"item_purchase_floors":[38,38,53,53,53],"current_hp_per_floor":[79,79,84,84,84,11,11,10,16,16,43,43,43,43,70,15,91,79,63,63,37,57,90,82,88,94,81,81,117,98,79,115,64,129,106,96,65,65,65,103,77,115,121,121,108,108,93,85,125,50,135,135,135,44,0,0],"gold":52,"neow_bonus":"BOSS_RELIC","is_daily":false,"chose_seed":false,"campfire_upgraded":0,"win_rate":0.0,"timestamp":1614042185,"path_taken":["M","M","?","?","?","E","?","?","T","M","R","$","R","M","R","BOSS","M","M","?","M","?","R","M","?","T","?","?","R","M","M","R","BOSS","M","?","?","$","?","R","?","R","T","?","?","?","M","M","R","BOSS","R","$","E","BOSS"],"items_purchased_type":["Relic","Card","Card","Card","Card"],"build_version":"2020-12-22","purchased_purges":2,"victory":false,"max_hp_per_floor":[80,80,85,85,85,85,85,85,91,91,91,91,91,91,91,91,91,91,91,91,91,111,111,111,117,123,123,123,123,123,123,123,123,129,129,129,129,129,129,129,129,129,135,135,135,135,135,135,135,135,135,135,135,135,135,135],"card_choices":[{"not_picked":["Sword Boomerang","ReplayTheSpireMod:Stacked"],"picked":"Cleave","floor":1},{"not_picked":["Twin Strike","Headbutt"],"picked":"Thunderclap","floor":2},{"not_picked":["Cleave","Pommel Strike"],"picked":"Infernal Blade","floor":6},{"not_picked":["Body Slam","Wild Strike"],"picked":"Infernal Blade","floor":8},{"not_picked":["Anger","Headbutt"],"picked":"Bludgeon","floor":10},{"not_picked":["Thunderclap","ReplayTheSpireMod:Corrosion Curse"],"picked":"Uppercut","floor":14},{"not_picked":["Replay:Many Hands","Brutality"],"picked":"Limit Break","floor":16},{"not_picked":["Clothesline","Perfected Strike"],"picked":"Warcry","floor":18},{"not_picked":["Iron Wave","Disarm"],"picked":"Twin Strike+1","floor":19},{"not_picked":["Uppercut","True Grit"],"picked":"Thunderclap+1","floor":21},{"not_picked":["Iron Wave+1","Ghostly Armor+1"],"picked":"Heavy Blade+1","floor":22},{"not_picked":["Twin Strike","Rampage"],"picked":"Spot Weakness+1","floor":24},{"not_picked":["Cleave","Dark Embrace"],"picked":"Headbutt","floor":27},{"not_picked":["Burning Pact","Uppercut+1"],"picked":"Twin Strike+1","floor":30},{"not_picked":["Thunderclap","Brutality"],"picked":"Twin Strike","floor":31},{"not_picked":["Impervious","Brutality"],"picked":"Berserk","floor":33},{"not_picked":["Wild Strike+1","Body Slam+1"],"picked":"Ghostly Armor+1","floor":35},{"not_picked":["Master of Strategy","Mind Blast"],"picked":"Replay:Sssssssssstrike","floor":36},{"not_picked":["Magnetism","Swift Strike"],"picked":"ReplayTheSpireMod:Uncanny Aura","floor":36},{"not_picked":["Finesse","PanicButton"],"picked":"HandOfGreed","floor":36},{"not_picked":["ReplayTheSpireMod:Strike From Hell+1","Massacre+1"],"picked":"Clothesline+1","floor":37},{"not_picked":["True Grit","Infernal Blade"],"picked":"Shrug It Off+1","floor":41},{"not_picked":["Body Slam+1","Wild Strike+1"],"picked":"Heavy Blade","floor":45},{"not_picked":["Clothesline","Rampage"],"picked":"Feed","floor":47},{"not_picked":["Ghostly Armor+1","Defy Death+1"],"picked":"ReplayReversal","floor":48},{"not_picked":["Shockwave","Warcry"],"picked":"Uppercut+1","floor":54}],"player_experience":81452,"relics_obtained":[{"floor":6,"key":"Darkstone Periapt"},{"floor":22,"key":"Mango"},{"floor":26,"key":"Ornamental Fan"},{"floor":34,"key":"Replay:WaspNest"},{"floor":34,"key":"ReplayTheSpireMod:Spearhead"},{"floor":34,"key":"Replay:PocketPolymizer"},{"floor":37,"key":"Shovel"},{"floor":43,"key":"Replay:Mystery Machine"},{"floor":52,"key":"Quantum Egg"},{"floor":54,"key":"Red Skull"}],"event_choices":[{"damage_healed":0,"gold_gain":0,"player_choice":"Donut","damage_taken":0,"max_hp_gain":5,"max_hp_loss":0,"event_name":"Big Fish","floor":3,"gold_loss":0},{"damage_healed":0,"gold_gain":0,"cards_transformed":["Strike_R"],"player_choice":"Change","damage_taken":0,"max_hp_gain":0,"max_hp_loss":0,"event_name":"Living Wall","floor":4,"gold_loss":0,"cards_obtained":["Massacre"]},{"damage_healed":0,"gold_gain":0,"player_choice":"Leave","damage_taken":0,"max_hp_gain":0,"max_hp_loss":0,"event_name":"The Cleric","floor":5,"gold_loss":0},{"cards_removed":["Massacre"],"damage_healed":0,"gold_gain":0,"player_choice":"Purged","damage_taken":0,"max_hp_gain":0,"max_hp_loss":0,"event_name":"Purifier","floor":7,"gold_loss":0},{"damage_healed":0,"gold_gain":0,"player_choice":"Obtain J.A.X.","damage_taken":0,"max_hp_gain":0,"max_hp_loss":0,"event_name":"Drug Dealer","floor":20,"gold_loss":0,"cards_obtained":["J.A.X."]},{"damage_healed":0,"gold_gain":0,"player_choice":"Rummage","damage_taken":0,"relics_obtained":["WarpedTongs"],"max_hp_gain":0,"max_hp_loss":0,"event_name":"Accursed Blacksmith","floor":25,"gold_loss":0,"cards_obtained":["Pain"]},{"cards_removed":["Languid"],"damage_healed":0,"gold_gain":0,"player_choice":"Gave Gold","damage_taken":0,"max_hp_gain":0,"max_hp_loss":0,"event_name":"Beggar","floor":28,"gold_loss":75},{"damage_healed":0,"gold_gain":0,"player_choice":"Memory 3","damage_taken":10,"max_hp_gain":0,"max_hp_loss":0,"event_name":"SensoryStone","floor":36,"gold_loss":0},{"damage_healed":0,"gold_gain":0,"player_choice":"Fight","damage_taken":0,"max_hp_gain":0,"max_hp_loss":0,"event_name":"Mysterious Sphere","floor":37,"gold_loss":0},{"damage_healed":0,"gold_gain":0,"player_choice":"Upgraded","damage_taken":0,"max_hp_gain":0,"max_hp_loss":0,"event_name":"Upgrade Shrine","floor":39,"gold_loss":0,"cards_upgraded":["J.A.X."]},{"cards_removed":["downfall:Bewildered"],"damage_healed":0,"gold_gain":0,"player_choice":"Purged","damage_taken":0,"max_hp_gain":0,"max_hp_loss":0,"event_name":"Purifier","floor":44,"gold_loss":0},{"cards_removed":["Berserk"],"damage_healed":0,"gold_gain":0,"player_choice":"Removed Power","damage_taken":0,"max_hp_gain":0,"max_hp_loss":0,"event_name":"Falling","floor":46,"gold_loss":0}],"is_beta":false,"boss_relics":[{"not_picked":["Philosopher\u0027s Stone","Ring of Chaos"],"picked":"Electric Blood"},{"not_picked":["ReplayTheSpireMod:DimensionalGlitch","Runic Cube"],"picked":"Replay:Grab Bag"},{"not_picked":["Runic Dome","Velvet Choker"],"picked":"ChewingGum"},{"not_picked":["bronze:MakeshiftBattery","Busted Crown"],"picked":"Sozu"},{"not_picked":["Runic Pyramid","Empty Cage"],"picked":"Calling Bell"}],"items_purged_floors":[12,38],"is_endless":false,"potions_floor_spawned":[2,6,8,18,19,21,47,54],"killed_by":"The Heart","ascension_level":0}}