{"host":"zlolxa879v8f5dwy","time":1614090968,"event":{"mods":["AchievementEnabler","BaseMod","Downfall","Friendly Minions","Hermit","Hubris","Jorbs\u0027s Wanderer Trilogy","Kiyohime????","Koishi","Marisa????????","Minty Spire (QoL Compilation)","Remilia??????","StSLib","The Animator","The Cursed","The Disciple","The Hierophant","The Servant 0.9.4"],"gold_per_floor":[99,114,132,150,162,9,9,9,9,9],"floor_reached":8,"language":"ENG","playtime":754,"items_purged":[],"score":48,"play_id":"8a95a551-66bc-48ec-96a2-859d27cb606b","local_time":"20210223153608","is_ascension_mode":false,"campfire_choices":[{"floor":1,"key":"RECALL"}],"circlet_count":0,"master_deck":["hexamod:Strike","hexamod:Strike","hexamod:Strike","hexamod:Strike","hexamod:Defend","hexamod:Defend","hexamod:Defend","hexamod:Defend","hexamod:Sear","hexamod:Float","hexamod:FastForward","hexamod:SoulSteal","hexamod:AdvancingGuard","hexamod:ThirdSeal","hexamod:SixthSeal","hexamod:HeatCrush","hexamod:TurnItUp"],"relics":["hexamod:SpiritBrand","Matryoshka"],"acts_visited":["Exordium"],"potions_floor_usage":[8],"damage_taken":[{"damage":0,"enemies":"Cultist","floor":2,"turns":3},{"damage":0,"enemies":"2 Louse","floor":3,"turns":3},{"damage":3,"enemies":"Jaw Worm","floor":4,"turns":4},{"damage":0,"enemies":"Blue Slaver","floor":5,"turns":4},{"damage":0,"enemies":"downfall:FleeingMerchant","floor":6,"turns":4},{"damage":93,"enemies":"Gremlin Nob","floor":8,"turns":6}],"seed_played":"2587694363501415547","potions_obtained":[{"floor":3,"key":"sneckomod:MuddlingPotion"}],"is_trial":false,"path_per_floor":["R","M","M","M","M","$","T","E"],"character_chosen":"THE_SPIRIT","items_purchased":["hexamod:TurnItUp"],"campfire_rested":0,"item_purchase_floors":[6],"current_hp_per_floor":[77,77,77,74,74,74,74,0,0,0],"gold":9,"neow_bonus":"TEN_PERCENT_HP_BONUS","is_daily":false,"chose_seed":false,"campfire_upgraded":0,"win_rate":0.0,"timestamp":1614090968,"path_taken":["R","M","M","M","M","$","T","E"],"items_purchased_type":["Card"],"build_version":"2020-12-22","purchased_purges":0,"victory":false,"max_hp_per_floor":[77,77,77,77,77,77,77,77,77,77],"card_choices":[{"not_picked":["hexamod:NightmareGuise","hexamod:CatchUp"],"picked":"hexamod:FastForward","floor":2},{"not_picked":["hexamod:PhantomFireball","hexamod:SpectersWail"],"picked":"hexamod:SoulSteal","floor":3},{"not_picked":["hexamod:Rewind","hexamod:SpectersWail"],"picked":"hexamod:AdvancingGuard","floor":4},{"not_picked":["hexamod:BacktrackSmack","hexamod:Hexaguard"],"picked":"hexamod:ThirdSeal","floor":5},{"not_picked":["hexamod:TimeWarp","hexamod:Hexaguard"],"picked":"hexamod:SixthSeal","floor":6},{"not_picked":["hexamod:SpectersWail","hexamod:FastForward"],"picked":"hexamod:HeatCrush","floor":6}],"player_experience":182757,"relics_obtained":[{"floor":7,"key":"Matryoshka"}],"event_choices":[],"is_beta":false,"boss_relics":[],"items_purged_floors":[],"is_endless":false,"potions_floor_spawned":[3],"killed_by":"Gremlin Nob","ascension_level":0}}