{"host":"b0hicta09nhxha44","time":1614068584,"event":{"mods":["BaseMod","Highlight Path","Minty Spire (QoL Compilation)","Slay-I"],"gold_per_floor":[114,114,129,129,9,38,38,38,38,70,70,81,92,135,135,234,234,251,251,251,271,271,271,300,300,300],"floor_reached":25,"language":"ENG","playtime":2889,"items_purged":[],"score":447,"play_id":"4e572fc9-796c-40f4-a61c-35aca43c0d55","local_time":"20210223082304","is_ascension_mode":true,"campfire_choices":[{"floor":8,"key":"REST"},{"data":"Eruption","floor":11,"key":"SMITH"},{"data":"TalkToTheHand","floor":15,"key":"SMITH"},{"data":"Wish","floor":23,"key":"SMITH"}],"circlet_count":0,"master_deck":["AscendersBane","Strike_P","Strike_P","Strike_P","Defend_P","Defend_P","Eruption+1","Vigilance","FlurryOfBlows","Wish+1","Meditate","CutThroughFate","Flash of Steel","ThirdEye","DeceiveReality","TalkToTheHand+1","Tantrum","Vault","EmptyMind","BowlingBash","Tantrum"],"relics":["PureWater","Toy Ornithopter","NlothsMask","Du-Vu Doll","Bronze Scales","Busted Crown","WingedGreaves","The Courier"],"acts_visited":["Exordium","TheCity"],"potions_floor_usage":[10,13,16,24],"damage_taken":[{"damage":4,"enemies":"Jaw Worm","floor":1,"turns":3},{"damage":0,"enemies":"Cultist","floor":3,"turns":2},{"damage":37,"enemies":"3 Sentries","floor":6,"turns":9},{"damage":13,"enemies":"Lagavulin","floor":10,"turns":5},{"damage":0,"enemies":"2 Louse","floor":12,"turns":2},{"damage":0,"enemies":"Exordium Thugs","floor":13,"turns":5},{"damage":8,"enemies":"Lots of Slimes","floor":14,"turns":6},{"damage":2,"enemies":"Hexaghost","floor":16,"turns":7},{"damage":0,"enemies":"3 Byrds","floor":18,"turns":3},{"damage":0,"enemies":"Chosen","floor":21,"turns":2},{"damage":35,"enemies":"Book of Stabbing","floor":24,"turns":5},{"damage":32,"enemies":"Slavers","floor":25,"turns":2}],"seed_played":"3229960411389849797","potions_obtained":[{"floor":6,"key":"SteroidPotion"},{"floor":10,"key":"SkillPotion"},{"floor":14,"key":"AttackPotion"},{"floor":21,"key":"StancePotion"}],"is_trial":false,"path_per_floor":["M","?","M","?","$","E","$","R","T","E","R","M","M","M","R","B",null,"M","?","T","M","?","R","E","E"],"character_chosen":"WATCHER","items_purchased":["CutThroughFate","Flash of Steel"],"campfire_rested":1,"item_purchase_floors":[5,5],"current_hp_per_floor":[57,57,57,57,57,20,20,40,40,32,32,32,37,29,29,32,59,59,59,59,59,59,59,29,0,0],"gold":300,"neow_bonus":"RANDOM_COMMON_RELIC","is_daily":false,"chose_seed":false,"campfire_upgraded":3,"win_rate":0.0,"timestamp":1614068584,"path_taken":["M","?","?","?","?","E","$","R","T","E","R","M","?","M","R","BOSS","M","?","?","M","?","R","E","E"],"items_purchased_type":["Card","Card"],"build_version":"2020-12-22","purchased_purges":0,"victory":false,"max_hp_per_floor":[68,68,68,68,68,68,68,68,68,68,68,68,68,68,68,68,68,68,68,68,68,68,68,68,68,68],"card_choices":[{"not_picked":["Fasting2","Halt"],"picked":"FlurryOfBlows","floor":1},{"not_picked":["BowlingBash","LikeWater"],"picked":"Meditate","floor":3},{"not_picked":["ClearTheMind","Establishment"],"picked":"ThirdEye","floor":6},{"not_picked":["ClearTheMind","MentalFortress"],"picked":"DeceiveReality","floor":10},{"not_picked":["DeceiveReality","Collect"],"picked":"TalkToTheHand","floor":12},{"not_picked":["PathToVictory","EmptyMind"],"picked":"Tantrum","floor":13},{"not_picked":["PathToVictory","BowlingBash","Evaluate"],"picked":"SKIP","floor":14},{"not_picked":["MasterReality","Establishment"],"picked":"Vault","floor":16},{"not_picked":[],"picked":"EmptyMind","floor":18},{"not_picked":["CutThroughFate"],"picked":"SKIP","floor":21},{"not_picked":["FlyingSleeves"],"picked":"SKIP","floor":24}],"player_experience":3630761,"relics_obtained":[{"floor":6,"key":"Du-Vu Doll"},{"floor":10,"key":"Bronze Scales"},{"floor":20,"key":"WingedGreaves"},{"floor":24,"key":"The Courier"}],"event_choices":[{"damage_healed":0,"gold_gain":0,"player_choice":"1 cards matched","damage_taken":0,"max_hp_gain":0,"max_hp_loss":0,"event_name":"Match and Keep!","floor":2,"gold_loss":0,"cards_obtained":["Wish"]},{"damage_healed":0,"gold_gain":0,"player_choice":"Trade","damage_taken":0,"relics_obtained":["NlothsMask"],"max_hp_gain":0,"max_hp_loss":0,"event_name":"FaceTrader","floor":4,"gold_loss":0},{"damage_healed":0,"gold_gain":0,"cards_transformed":["Strike_P","Defend_P"],"player_choice":"Became Test Subject","damage_taken":0,"max_hp_gain":0,"max_hp_loss":0,"event_name":"Drug Dealer","floor":19,"gold_loss":0,"cards_obtained":["BowlingBash","Tantrum"]},{"cards_removed":["Defend_P"],"damage_healed":0,"gold_gain":0,"player_choice":"Card Removal","damage_taken":0,"max_hp_gain":0,"max_hp_loss":0,"event_name":"Wheel of Change","floor":22,"gold_loss":0}],"is_beta":false,"boss_relics":[{"not_picked":["Calling Bell","SacredBark"],"picked":"Busted Crown"}],"items_purged_floors":[],"is_endless":false,"potions_floor_spawned":[6,10,14,21],"killed_by":"Slavers","ascension_level":19}}