{"host":"vx488ommchhibo3k","time":1614053590,"event":{"mods":["BaseMod","BetterRewards","Colored Map","Colored Powertips","Highlight Path","Minty Spire (QoL Compilation)","Quick Restart","Rare Cards Sparkle","Shop Mod","StSLib","SuperFastMode"],"gold_per_floor":[118,83,94,12,87,121,121,138,138,138,138],"floor_reached":10,"language":"JPN","playtime":400,"items_purged":[],"score":66,"play_id":"a3c7c99b-f623-4908-b596-99c133a01971","local_time":"20210223131310","is_ascension_mode":false,"campfire_choices":[{"data":"Fusion","floor":7,"key":"SMITH"}],"circlet_count":0,"master_deck":["Strike_B","Strike_B","Strike_B","Strike_B","Defend_B","Defend_B","Defend_B","Defend_B","Zap","Dualcast","Steam Power","Defragment","Sweeping Beam","Beam Cell","Melter","Fusion+1","Heatsinks","Self Repair","Conserve Battery"],"relics":["Cracked Core","Ginger","Incense Burner","MerchantsRug","Bottled Lightning"],"acts_visited":["Exordium"],"potions_floor_usage":[6],"damage_taken":[{"damage":3,"enemies":"Jaw Worm","floor":1,"turns":4},{"damage":0,"enemies":"Small Slimes","floor":3,"turns":2},{"damage":28,"enemies":"Gremlin Nob","floor":6,"turns":4},{"damage":1,"enemies":"2 Louse","floor":8,"turns":3},{"damage":24,"enemies":"3 Sentries","floor":10,"turns":3}],"seed_played":"-6928292336848394676","potions_obtained":[{"floor":1,"key":"AttackPotion"}],"is_trial":false,"path_per_floor":["M","?","M","$","?","E","R","M","T","E"],"character_chosen":"DEFECT","items_purchased":["Ginger","Steam Power","Defragment","Sweeping Beam","Beam Cell","MerchantsRug","Heatsinks"],"campfire_rested":0,"item_purchase_floors":[0,0,0,0,0,0,4],"current_hp_per_floor":[37,55,55,55,44,16,16,22,22,0,0],"gold":138,"neow_bonus":"","is_daily":false,"chose_seed":false,"campfire_upgraded":1,"win_rate":0.0,"timestamp":1614053590,"path_taken":["M","?","M","$","?","E","R","M","T","E"],"items_purchased_type":["Relic","Card","Card","Card","Card","Relic","Card"],"build_version":"2020-12-22","purchased_purges":0,"victory":false,"max_hp_per_floor":[75,75,75,75,75,75,75,75,75,75,75],"card_choices":[{"not_picked":["Go for the Eyes","Beam Cell"],"picked":"Melter","floor":1},{"not_picked":["Compile Driver","Gash"],"picked":"Fusion","floor":3},{"not_picked":["Rebound","Glacier"],"picked":"Self Repair","floor":6},{"not_picked":["Tempest","Go for the Eyes"],"picked":"Conserve Battery","floor":8}],"player_experience":158268,"relics_obtained":[{"floor":6,"key":"Bottled Lightning"}],"event_choices":[{"damage_healed":18,"gold_gain":0,"player_choice":"Healed","damage_taken":0,"max_hp_gain":0,"max_hp_loss":0,"event_name":"The Cleric","floor":2,"gold_loss":35},{"damage_healed":0,"gold_gain":75,"player_choice":"Gather Gold","damage_taken":11,"max_hp_gain":0,"max_hp_loss":0,"event_name":"World of Goop","floor":5,"gold_loss":0}],"is_beta":false,"boss_relics":[],"items_purged_floors":[],"is_endless":false,"potions_floor_spawned":[1],"killed_by":"3 Sentries","ascension_level":0}}