{"host":"7tncuco8wmu6m2y5","time":1614079114,"event":{"mods":["AchievementEnabler","BaseMod","Better Note","Card Forge","Colored Map","Colored Powertips","Downfall","Minty Spire (QoL Compilation)","Permanent Neow","Quick Restart","Rare Cards Sparkle","Remove Card Discount Mod","Replay The Spire","Spire Birthday Party","StSLib","SuperFastMode","The IronCluck","everything is the same but u backflip on backflip"],"gold_per_floor":[217,217,217,234,83,115,115,143,143,173,190,35,61,73,73,172,172,188,188,188,458,471,498,508,538,562,562,593,593,593,44,44,146,146,162,216,239,91,109,141,141,172,172,178,209,225,251,261,261,261,261,261,11,38,38],"floor_reached":56,"language":"ENG","playtime":3960,"items_purged":[],"score":1447,"play_id":"ded5486d-85b1-40b0-8576-8f5958f4c90b","local_time":"20210223111834","is_ascension_mode":true,"campfire_choices":[{"floor":15,"key":"RECALL"},{"floor":49,"key":"REST"},{"floor":52,"key":"REST"}],"circlet_count":0,"master_deck":["Impervious+1","Infernal Blade+1","Ghostly Armor+1","Accuracy+1","A Thousand Cuts+1","Adrenaline+1","Venomology+1","Backstab+1","Blade Dance+1","Bouncing Flask+1","Burst+1","Caltrops+1","Cloak And Dagger+1","Catalyst+1","Dash+1","Distraction+1","Footwork+1","Hidden Blade+1","Infinite Blades+1","Neutralize+1","Leg Sweep+1","Noxious Fumes+1","Poisoned Stab+1","Toxin Wave+1","Wraith Form v2+1","Bandage Up+1","Self Repair+1","Seek+1","Genetic Algorithm+1","Dramatic Entrance+1","Finesse+1","Insight+1","Master of Strategy+1","Miracle+1","ThroughViolence+1","Barricade+1","Impervious+1","Adrenaline+1","Dash+1","Footwork+1","Genetic Algorithm+1","Toxin Wave+1","Noxious Fumes+1","Adrenaline+1","Madness","Madness","ReplayTheSpireMod:Restless Dread"],"relics":["Ring of the Snake","Hammer of Thor","Seething Fire","Anvil of the Gods","HandDrill","Question Card","Ginger","Molten Egg 2","Eternal Feather","Tiny Chest","Oddly Smooth Stone","Replay:Ancient Bell","Blood Vial","Singing Bowl","Basket Of Snakes","Counterbalance","StrikeDummy","Replay:Wax Seal","Potion Belt","Darkstone Periapt","MutagenicStrength","Meat on the Bone","TungstenRod","SlaversCollar","Torii","Bag of Preparation","Strange Spoon","WingedGreaves","Dream Catcher","Unceasing Top","Happy Flower","ReplayTheSpireMod:CursedCoin","Sundial","Bag of Marbles","Shuriken","Replay:Accelerometer"],"acts_visited":["Exordium","TheCity","TheBeyond","TheEnding"],"potions_floor_usage":[18,18,23,25,33,35,35,40,42,45,47,50,50,55,55,55,55,55,55],"damage_taken":[{"damage":0,"enemies":"Cultist","floor":1,"turns":2},{"damage":0,"enemies":"Jaw Worm","floor":4,"turns":2},{"damage":0,"enemies":"3 Sentries","floor":6,"turns":3},{"damage":9,"enemies":"Replay:BlueRogue","floor":8,"turns":2},{"damage":0,"enemies":"Lagavulin","floor":10,"turns":3},{"damage":0,"enemies":"Small Slimes","floor":11,"turns":1},{"damage":0,"enemies":"Gremlin Nob","floor":13,"turns":2},{"damage":0,"enemies":"2 Fungi Beasts","floor":14,"turns":1},{"damage":22,"enemies":"The Guardian","floor":16,"turns":5},{"damage":0,"enemies":"Chosen","floor":18,"turns":1},{"damage":0,"enemies":"Spheric Guardian","floor":22,"turns":3},{"damage":4,"enemies":"Slavers","floor":23,"turns":2},{"damage":0,"enemies":"Shelled Parasite and Fungi","floor":24,"turns":2},{"damage":9,"enemies":"Gremlin Leader","floor":25,"turns":2},{"damage":7,"enemies":"Slavers","floor":28,"turns":3},{"damage":23,"enemies":"Champ","floor":33,"turns":5},{"damage":23,"enemies":"3 Darklings","floor":35,"turns":4},{"damage":5,"enemies":"2 Orb Walkers","floor":36,"turns":4},{"damage":0,"enemies":"3 Shapes","floor":39,"turns":2},{"damage":6,"enemies":"Reptomancer","floor":40,"turns":4},{"damage":0,"enemies":"Giant Head","floor":42,"turns":4},{"damage":0,"enemies":"R_Hoarder","floor":45,"turns":4},{"damage":2,"enemies":"Sphere and 2 Shapes","floor":46,"turns":3},{"damage":0,"enemies":"Giant Head","floor":47,"turns":5},{"damage":0,"enemies":"3 Darklings","floor":48,"turns":1},{"damage":12,"enemies":"Replay:Hell Engine","floor":50,"turns":5},{"damage":33,"enemies":"Shield and Spear","floor":54,"turns":4},{"damage":34,"enemies":"The Heart","floor":55,"turns":7}],"seed_played":"4937477443573233254","potions_obtained":[{"floor":4,"key":"ColorlessPotion"},{"floor":8,"key":"Weak Potion"},{"floor":13,"key":"FearPotion"},{"floor":16,"key":"Venom Potion"},{"floor":25,"key":"Elixir"},{"floor":35,"key":"Strength Potion"},{"floor":40,"key":"Flashbang"},{"floor":47,"key":"DistilledChaos"},{"floor":54,"key":"Reflective Coating"}],"is_trial":false,"path_per_floor":["M","T","?","M","$","E","?","E","T","E","M","$","E","M","R_BF","B",null,"M","$","?","?","M","E","M","E","T","T","E","?","?","$","R_BF","B",null,"M","?","T","$","M","E","?","E","T","$","E","M","E","M","R","B",null,"R","$","E","B",null],"character_chosen":"THE_SILENT","items_purchased":["HandDrill","Tiny Chest","Meat on the Bone","TungstenRod","Strange Spoon","Happy Flower","ReplayTheSpireMod:CursedCoin","Shuriken"],"campfire_rested":2,"item_purchase_floors":[5,12,31,31,38,44,44,53],"current_hp_per_floor":[70,70,70,70,70,70,70,61,61,70,70,70,70,70,70,48,76,78,78,78,45,57,57,82,75,75,75,78,78,78,78,86,71,88,67,82,82,82,86,90,79,98,98,104,106,108,110,112,114,108,114,116,116,95,85],"gold":38,"neow_bonus":"HUNDRED_GOLD","is_daily":false,"chose_seed":false,"campfire_upgraded":0,"win_rate":0.0,"timestamp":1614079114,"path_taken":["M","?","?","?","$","E","?","E","T","E","M","$","E","M","R_BF","BOSS","M","$","?","?","M","E","?","E","T","?","E","?","?","$","R_BF","BOSS","M","?","?","$","M","E","?","E","T","?","E","M","E","M","R","BOSS","R","$","E","BOSS"],"items_purchased_type":["Relic","Relic","Relic","Relic","Relic","Relic","Relic","Relic"],"build_version":"2020-12-22","purchased_purges":0,"victory":true,"max_hp_per_floor":[70,70,70,70,70,70,70,70,70,70,70,70,70,70,70,70,76,78,78,78,78,78,80,82,84,84,84,86,86,86,86,86,88,88,90,92,92,92,94,96,96,98,98,104,106,108,110,112,114,114,114,116,116,118,118],"card_choices":[{"not_picked":["Blade Dance","Outmaneuver"],"picked":"Toxin Wave","floor":1},{"not_picked":["Outmaneuver","Deadly Poison","Choke"],"picked":"SKIP","floor":4},{"not_picked":["Blade Dance","Underhanded Strike","Catalyst"],"picked":"SKIP","floor":6},{"not_picked":["Bullet Time","Riddle With Holes","Expertise","Masterful Stab"],"picked":"SKIP","floor":8},{"not_picked":["Outmaneuver","Dodge and Roll","Poisoned Stab+1","Sucker Punch+1"],"picked":"SKIP","floor":10},{"not_picked":["Dagger Throw+1","Quick Slash+1","Underhanded Strike+1","Outmaneuver"],"picked":"SKIP","floor":11},{"not_picked":["Fluid Movement","Eviscerate+1","A Thousand Cuts","Poisoned Stab+1"],"picked":"SKIP","floor":13},{"not_picked":["Cloak And Dagger","All Out Attack+1","Blade Dance","Fluid Movement"],"picked":"SKIP","floor":14},{"not_picked":["Voices","downfall:Bewildered","Languid","downfall:Icky"],"picked":"Singing Bowl","floor":17},{"not_picked":["AbeCurse","Overencumbered","downfall:Icky","Sickly"],"picked":"Singing Bowl","floor":17},{"not_picked":["Sickly","Delirium","downfall:Bewildered","Amnesia"],"picked":"Singing Bowl","floor":17},{"not_picked":["Caltrops","Outmaneuver","Underhanded Strike+1","Sneak Up+1"],"picked":"Singing Bowl","floor":18},{"not_picked":["Caltrops+1","Outmaneuver+1","Acrobatics+1"],"picked":"Adrenaline","floor":22},{"not_picked":["Hidden Blade","Prepared","Quick Slash+1","Dagger Throw+1"],"picked":"Singing Bowl","floor":23},{"not_picked":["Acrobatics","Footwork","ReplayTheSpireMod:The Works+1","Sucker Punch+1"],"picked":"Singing Bowl","floor":24},{"not_picked":["Deadly Poison","Dagger Throw+1","ReplayTheSpireMod:Necrosis","Sneak Up"],"picked":"Singing Bowl","floor":25},{"not_picked":["Blade Dance+1","Dagger Spray+1","Escape Plan","Backflip+1"],"picked":"Singing Bowl","floor":28},{"not_picked":["Bullet Time","Replay:Bag of Tricks","Venomology","Unload+1"],"picked":"Singing Bowl","floor":33},{"not_picked":["Bane+1","Poisoned Stab+1","Dodge and Roll","Infinite Blades+1"],"picked":"Singing Bowl","floor":35},{"not_picked":["Heel Hook+1","Poisoned Stab+1","Blade Dance","Bane+1"],"picked":"Singing Bowl","floor":36},{"not_picked":["Tactician","Draining Mist","Outmaneuver+1","Bouncing Flask"],"picked":"Singing Bowl","floor":39},{"not_picked":["Doppelganger","Caltrops+1","Corpse Explosion","Hidden Blade"],"picked":"Singing Bowl","floor":40},{"not_picked":["Eviscerate+1","Hidden Blade","Underhanded Strike+1","Deadly Poison"],"picked":"Singing Bowl","floor":42},{"not_picked":["Acrobatics","Dash+1","Deflect+1","Flying Knee+1"],"picked":"Singing Bowl","floor":45},{"not_picked":["Deflect","Catalyst+1","Outmaneuver+1","Calculated Gamble+1"],"picked":"Singing Bowl","floor":46},{"not_picked":["Infinite Blades+1","Heel Hook+1","Die Die Die+1","Terror"],"picked":"Singing Bowl","floor":47},{"not_picked":["PiercingWail","Outmaneuver","Draining Mist+1","Underhanded Strike+1"],"picked":"Singing Bowl","floor":48},{"not_picked":["Terror","Dodge and Roll","Hidden Blade+1","Slice+1"],"picked":"Singing Bowl","floor":49},{"not_picked":["Cloak And Dagger","Predator+1","Backstab+1","ReplayTheSpireMod:Shiv Toss+1"],"picked":"Singing Bowl","floor":52},{"not_picked":["Backstab+1","Sucker Punch+1","ReplayTheSpireMod:Exploit Weakness+1","Dagger Spray+1"],"picked":"Singing Bowl","floor":54}],"player_experience":309501,"relics_obtained":[{"floor":6,"key":"Question Card"},{"floor":8,"key":"Ginger"},{"floor":9,"key":"Molten Egg 2"},{"floor":10,"key":"Eternal Feather"},{"floor":13,"key":"Oddly Smooth Stone"},{"floor":23,"key":"Counterbalance"},{"floor":25,"key":"StrikeDummy"},{"floor":26,"key":"Replay:Wax Seal"},{"floor":27,"key":"Potion Belt"},{"floor":28,"key":"Darkstone Periapt"},{"floor":36,"key":"Torii"},{"floor":37,"key":"Bag of Preparation"},{"floor":40,"key":"WingedGreaves"},{"floor":42,"key":"Dream Catcher"},{"floor":43,"key":"Unceasing Top"},{"floor":45,"key":"Sundial"},{"floor":47,"key":"Bag of Marbles"},{"floor":54,"key":"Replay:Accelerometer"}],"event_choices":[{"cards_removed":["Neutralize"],"damage_healed":0,"gold_gain":0,"player_choice":"Card Removal","damage_taken":0,"max_hp_gain":0,"max_hp_loss":0,"event_name":"Wheel of Change","floor":3,"gold_loss":0},{"damage_healed":0,"gold_gain":0,"cards_transformed":["Survivor"],"player_choice":"Change","damage_taken":0,"max_hp_gain":0,"max_hp_loss":0,"event_name":"Living Wall","floor":7,"gold_loss":0,"cards_obtained":["Noxious Fumes"]},{"damage_healed":0,"gold_gain":0,"player_choice":"Ignored","damage_taken":0,"max_hp_gain":0,"max_hp_loss":0,"event_name":"Vampires","floor":20,"gold_loss":0},{"damage_healed":0,"gold_gain":270,"player_choice":"GOLD POTION GOLD GOLD ","damage_taken":33,"max_hp_gain":0,"max_hp_loss":0,"event_name":"Knowing Skull","floor":21,"potions_obtained":["Toxic Potion"],"gold_loss":0,"cards_obtained":[]},{"damage_healed":0,"gold_gain":0,"player_choice":"Inject Mutagens","damage_taken":0,"relics_obtained":["MutagenicStrength"],"max_hp_gain":0,"max_hp_loss":0,"event_name":"Drug Dealer","floor":29,"gold_loss":0},{"damage_healed":0,"gold_gain":0,"player_choice":"Simplicity","damage_taken":0,"max_hp_gain":0,"max_hp_loss":0,"event_name":"Back to Basics","floor":32,"gold_loss":0,"cards_upgraded":[]},{"damage_healed":0,"gold_gain":0,"player_choice":"Fight","damage_taken":0,"max_hp_gain":0,"max_hp_loss":0,"event_name":"Mysterious Sphere","floor":36,"gold_loss":0},{"damage_healed":0,"gold_gain":0,"player_choice":"Embrace Madness","damage_taken":12,"max_hp_gain":0,"max_hp_loss":0,"event_name":"Winding Halls","floor":41,"gold_loss":0,"cards_obtained":["Madness","Madness"]}],"is_beta":false,"boss_relics":[{"not_picked":["Runic Dome","ChewingGum"],"picked":"Replay:Ancient Bell"},{"not_picked":["Akabeko","PreservedInsect"],"picked":"Blood Vial"},{"not_picked":["Golden Egg","Chameleon Ring"],"picked":"Singing Bowl"},{"not_picked":["CaptainsWheel","Dead Branch"],"picked":"Basket Of Snakes"},{"not_picked":["bronze:MakeshiftBattery","Snecko Eye"],"picked":"SlaversCollar"}],"items_purged_floors":[],"is_endless":false,"potions_floor_spawned":[4,8,13,16,22,24,25,35,40,47,54],"ascension_level":1}}