{"host":"miczq86z2i77lhk7","time":1614092311,"event":{"mods":["AchievementEnabler","BaseMod","Colored Map","Colored Powertips","Downfall","Highlight Path","Minty Spire (QoL Compilation)","StSLib"],"gold_per_floor":[99,116,116,135,146,146,223,7,7,27,27,53,53,53,66,167,167,167,186,206,216,216,77,77,77,106,119,104,115,115,128,140,240,240,240,258,270,270,270,270,323,54,54,100,100,113,140,152,182,194],"floor_reached":51,"language":"ENG","playtime":7362,"items_purged":["Slimebound:Defend_Slimebound","Slimebound:Defend_Slimebound","Slimebound:Tackle"],"score":697,"play_id":"f92a014d-3cc4-436e-a2bf-a285e266def5","local_time":"20210223155831","is_ascension_mode":false,"campfire_choices":[{"data":"Slimebound:CorrosiveSpit","floor":1.0,"key":"SMITH"},{"data":"Slimebound:AcidTongue","floor":6.0,"key":"SMITH"},{"data":"Slimebound:Gluttony","floor":13.0,"key":"SMITH"},{"data":"Slimebound:Split","floor":18.0,"key":"SMITH"},{"floor":30.0,"key":"REST"},{"data":"Slimebound:SelfFormingGoo","floor":35.0,"key":"SMITH"},{"data":"Slimebound:LivingWall","floor":40.0,"key":"SMITH"},{"data":"Slimebound:GoopSpray","floor":43.0,"key":"SMITH"}],"circlet_count":0,"master_deck":["Slimebound:Defend_Slimebound","Slimebound:Defend_Slimebound","Slimebound:Split+1","Slimebound:CorrosiveSpit+1","Slimebound:GoopSpray+1","Slimebound:AcidTongue+1","Slimebound:LevelUp","Slimebound:LivingWall+1","Slimebound:Gluttony+1","Slimebound:SplitBruiser","Slimebound:SplitBruiser","Slimebound:ItLooksTasty","Slimebound:GrowthPunch","Slimebound:LeadByExample","Slimebound:HauntingLick","Slimebound:Tackle+1","Slimebound:Tackle+1","Slimebound:SplitLeeching","Slimebound:LeechEnergy","Slimebound:ProtectTheBoss","Slimebound:SplitLeeching","Slimebound:SamplingLick","Slimebound:SelfFormingGoo+1","CurseOfTheBell","Slimebound:SamplingLick+1","Slimebound:SplitAcid+1","Slimebound:Darklings","Slimebound:Gluttony","Slimebound:SamplingLick+1","Slimebound:SamplingLick+1","Slimebound:SlimeTap","Slimebound:HauntingLick+1","Slimebound:OozeBath"],"relics":["Slimebound:AbsorbEndCombatUpgraded","InkBottle","MealTicket","Bottled Flame","Potion Belt","Calling Bell","Blood Vial","White Beast Statue","Bird Faced Urn","Bag of Preparation","Mummified Hand","Slimebound:SelfDamagePreventRelic","Omamori","MawBank"],"acts_visited":["Exordium","TheCity","TheBeyond"],"potions_floor_usage":[50,50,50,50,50],"damage_taken":[{"damage":10.0,"enemies":"Small Slimes","floor":2.0,"turns":4.0},{"damage":0.0,"enemies":"Cultist","floor":4.0,"turns":5.0},{"damage":3.0,"enemies":"2 Louse","floor":5.0,"turns":2.0},{"damage":0.0,"enemies":"downfall:FleeingMerchant","floor":8.0,"turns":4.0},{"damage":5.0,"enemies":"downfall:LooterAlt","floor":10.0,"turns":4.0},{"damage":21.0,"enemies":"Lagavulin","floor":12.0,"turns":5.0},{"damage":4.0,"enemies":"Red Slaver","floor":15.0,"turns":3.0},{"damage":41.0,"enemies":"WA_ARCHETYPE_RETAIN","floor":16.0,"turns":8.0},{"damage":40.0,"enemies":"3 Byrds","floor":19.0,"turns":5.0},{"damage":29.0,"enemies":"Spheric Guardian","floor":20.0,"turns":6.0},{"damage":15.0,"enemies":"Centurion and Healer","floor":21.0,"turns":7.0},{"damage":4.0,"enemies":"downfall:FleeingMerchant","floor":23.0,"turns":4.0},{"damage":53.0,"enemies":"Slavers","floor":26.0,"turns":5.0},{"damage":21.0,"enemies":"Snake Plant","floor":27.0,"turns":3.0},{"damage":7.0,"enemies":"downfall:FleeingMerchant","floor":28.0,"turns":4.0},{"damage":29.0,"enemies":"Sentry and Sphere","floor":29.0,"turns":6.0},{"damage":34.0,"enemies":"Shelled Parasite and Fungi","floor":31.0,"turns":6.0},{"damage":0.0,"enemies":"Chosen and Byrds","floor":32.0,"turns":3.0},{"damage":34.0,"enemies":"SI_MIRROR_ARCHETYPE","floor":33.0,"turns":11.0},{"damage":14.0,"enemies":"Orb Walker","floor":36.0,"turns":5.0},{"damage":13.0,"enemies":"3 Shapes","floor":37.0,"turns":6.0},{"damage":7.0,"enemies":"downfall:FleeingMerchant","floor":42.0,"turns":4.0},{"damage":0.0,"enemies":"downfall:FleeingMerchant","floor":44.0,"turns":3.0},{"damage":42.0,"enemies":"Sphere and 2 Shapes","floor":46.0,"turns":7.0},{"damage":27,"enemies":"Nemesis","floor":47,"turns":7},{"damage":17,"enemies":"4 Shapes","floor":49,"turns":6},{"damage":53,"enemies":"DF_ARCHETYPE_ORBS","floor":50,"turns":8}],"seed_played":"3279063957875987180","potions_obtained":[{"floor":5.0,"key":"CultistPotion"},{"floor":10.0,"key":"LiquidMemories"},{"floor":14.0,"key":"EntropicBrew"},{"floor":14.0,"key":"Slimebound:ThreeZeroPotion"},{"floor":26.0,"key":"SkillPotion"},{"floor":27.0,"key":"SpeedPotion"},{"floor":32.0,"key":"Slimebound:ThreeZeroPotion"},{"floor":36.0,"key":"SpeedPotion"},{"floor":37.0,"key":"LiquidMemories"},{"floor":42.0,"key":"SkillPotion"},{"floor":44.0,"key":"Slimebound:SlimedPotion"},{"floor":46.0,"key":"hexamod:SoulburnPotion"},{"floor":47,"key":"Slimebound:SlimedPotion"},{"floor":49,"key":"Block Potion"}],"is_trial":false,"path_per_floor":["R","M","?","M","M","R","T","$","?","M","?","E","R","?","M","B",null,"R","M","M","M","?","$","T","?","E","M","$","M","R","M","M","B",null,"R","M","M","?","?","R","T","$","R","$","?","M","E","?","M","B",null],"character_chosen":"SLIMEBOUND","items_purchased":["Slimebound:Gluttony","Slimebound:SplitBruiser","Slimebound:LeechEnergy","Mummified Hand","Slimebound:SelfDamagePreventRelic","Slimebound:SlimeTap"],"campfire_rested":1,"item_purchase_floors":[8,8,23,42,44,44],"current_hp_per_floor":[71,65,65,71,70,70,70,71,71,68,68,51,51,51,49,16,71,71,37,14,14,14,37,37,60,22,13,33,19,40,18,27,8,71,71,63,63,63,63,63,63,71,71,71,71,42,34,34,42,20],"gold":206,"neow_bonus":"TEN_PERCENT_HP_BONUS","is_daily":false,"chose_seed":false,"campfire_upgraded":7,"win_rate":0.0,"timestamp":1614092311,"path_taken":["R","M","?","?","M","R","T","?","?","M","?","E","R","?","M","BOSS","R","M","M","M","?","?","T","?","E","M","$","M","R","M","M","BOSS","R","M","M","?","?","R","T","?","R","$","?","M","E","?","M","BOSS"],"items_purchased_type":["Card","Card","Card","Relic","Relic","Card"],"build_version":"2020-12-22","purchased_purges":3,"victory":true,"max_hp_per_floor":[71,71,71,71,71,71,71,71,71,71,71,71,71,71,71,71,71,71,71,71,71,71,71,71,71,71,71,71,71,71,71,71,71,71,71,71,71,71,71,71,71,71,71,71,71,71,71,71,71,71],"card_choices":[{"not_picked":["Slimebound:SlimeTap","Slimebound:FlameTackle"],"picked":"Slimebound:GoopSpray","floor":2.0},{"not_picked":["Slimebound:ViciousTackle","Slimebound:SplitAcid"],"picked":"Slimebound:AcidTongue","floor":4.0},{"not_picked":["Slimebound:RollThrough","Slimebound:ForwardTackle"],"picked":"Slimebound:LevelUp","floor":5.0},{"not_picked":["Slimebound:ItLooksTasty","Slimebound:GoopTackle"],"picked":"Slimebound:LivingWall","floor":8.0},{"not_picked":["Slimebound:FinishingTackle","Slimebound:SlimeSpikes"],"picked":"Slimebound:SplitBruiser","floor":10.0},{"not_picked":["Slimebound:LivingWall","Slimebound:ViciousTackle"],"picked":"Slimebound:ItLooksTasty","floor":12.0},{"not_picked":["Slimebound:MassRepurpose","Slimebound:SplitAcid"],"picked":"Slimebound:GrowthPunch","floor":15.0},{"not_picked":["Slimebound:PrepareCrush","Slimebound:RallyTheTroops"],"picked":"Slimebound:Overexert","floor":16.0},{"not_picked":["Slimebound:SplitLeeching","Slimebound:Nibble"],"picked":"Slimebound:LeadByExample","floor":19.0},{"not_picked":["Slimebound:SplitBruiser","Slimebound:SplitLeeching"],"picked":"Slimebound:HauntingLick","floor":20.0},{"not_picked":["Slimebound:SplitLeeching","Slimebound:ItLooksTasty"],"picked":"Slimebound:PressTheAttack","floor":21.0},{"not_picked":["Slimebound:AcidTongue","Slimebound:ComboTackle"],"picked":"Slimebound:SplitLeeching","floor":23.0},{"not_picked":["Slimebound:Nibble","Slimebound:GoopTackle+1","Slimebound:ForwardTackle"],"picked":"SKIP","floor":26.0},{"not_picked":["Slimebound:PressTheAttack","Slimebound:PrepareCrush","Slimebound:SplitAcid"],"picked":"SKIP","floor":27.0},{"not_picked":["Slimebound:SplitAcid","Slimebound:GrowthPunch"],"picked":"Slimebound:ProtectTheBoss","floor":28.0},{"not_picked":["Slimebound:GoopSpray+1","Slimebound:FormOfPuddle","Slimebound:SplitAcid+1"],"picked":"SKIP","floor":29.0},{"not_picked":["Slimebound:RollThrough+1","Slimebound:Teamwork"],"picked":"Slimebound:SplitLeeching","floor":31.0},{"not_picked":["Slimebound:SplitMire","Slimebound:FinishingTackle"],"picked":"Slimebound:SamplingLick","floor":32.0},{"not_picked":["Slimebound:DouseInSlime","Slimebound:MassFeed"],"picked":"Slimebound:SelfFormingGoo","floor":33.0},{"not_picked":["Slimebound:RollThrough","Slimebound:BestDefense"],"picked":"Slimebound:SamplingLick+1","floor":36.0},{"not_picked":["Slimebound:MegaLick","Slimebound:ProtectTheBoss+1"],"picked":"Slimebound:SplitAcid+1","floor":37.0},{"not_picked":["Slimebound:ForwardTackle","Slimebound:RollThrough+1"],"picked":"Slimebound:SamplingLick+1","floor":42.0},{"not_picked":["Slimebound:DisruptingSlam+1","Slimebound:ViciousTackle"],"picked":"Slimebound:SamplingLick+1","floor":44.0},{"not_picked":["Slimebound:Equalize+1","Slimebound:Gluttony","Slimebound:SlimeBarrage+1"],"picked":"SKIP","floor":46.0},{"not_picked":["Slimebound:SplitAcid","Slimebound:SplitMire"],"picked":"Slimebound:HauntingLick+1","floor":47},{"not_picked":["Slimebound:Dissolve+1","Slimebound:LeechingTouch+1"],"picked":"Slimebound:OozeBath","floor":49}],"player_experience":55983,"relics_obtained":[{"floor":7.0,"key":"InkBottle"},{"floor":12.0,"key":"MealTicket"},{"floor":24.0,"key":"Bottled Flame"},{"floor":26.0,"key":"Potion Belt"},{"floor":34.0,"key":"Blood Vial"},{"floor":34.0,"key":"White Beast Statue"},{"floor":34.0,"key":"Bird Faced Urn"},{"floor":41.0,"key":"Bag of Preparation"},{"floor":45.0,"key":"Omamori"},{"floor":47,"key":"MawBank"}],"event_choices":[{"damage_healed":0.0,"max_hp_gain":0.0,"max_hp_loss":0.0,"gold_gain":0.0,"event_name":"NoteForYourself","player_choice":"Ignored","floor":3.0,"gold_loss":0.0,"damage_taken":0.0},{"damage_healed":0.0,"max_hp_gain":0.0,"max_hp_loss":0.0,"gold_gain":0.0,"event_name":"Lab","player_choice":"Got Potions","floor":14.0,"gold_loss":0.0,"damage_taken":0.0},{"damage_healed":23.0,"max_hp_gain":0.0,"max_hp_loss":0.0,"gold_gain":0.0,"event_name":"The Library","player_choice":"Heal","floor":25.0,"gold_loss":0.0,"damage_taken":0.0},{"cards_removed":["Slimebound:PressTheAttack"],"damage_healed":0,"gold_gain":0,"player_choice":"Removed Attack","damage_taken":0,"max_hp_gain":0,"max_hp_loss":0,"event_name":"Falling","floor":48,"gold_loss":0}],"is_beta":false,"boss_relics":[{"not_picked":["Slimebound:TarBlob","Tiny House"],"picked":"Slimebound:AbsorbEndCombatUpgraded"},{"not_picked":["Empty Cage","Black Star"],"picked":"Calling Bell"}],"items_purged_floors":[8,23,44],"is_endless":false,"potions_floor_spawned":[5,10,16,19,26,27,32,36,37,42,44,46,47,49],"ascension_level":0}}