{"host":"g907ck67u7c3hrs6","time":1614078700,"event":{"mods":["BaseMod","Colored Map","DeckTracker","Force Act Four","Highlight Path","Keyboard Shortcuts","Minty Spire (QoL Compilation)","Permanent Neow","Say the Spire","SuperFastMode"],"gold_per_floor":[119,129,145,163,174,174,204,204,204],"floor_reached":8,"language":"KOR","playtime":236,"items_purged":[],"score":170,"play_id":"bb16e894-2ce7-4841-8fae-89b6a6afedf9","local_time":"20210223201140","daily_mods":["SealedDeck","Heirloom","Time Dilation","Flight","DeadlyEvents","Elite Swarm"],"is_ascension_mode":true,"campfire_choices":[{"data":"SignatureMove","floor":6,"key":"SMITH"}],"circlet_count":0,"master_deck":["AscendersBane","EmptyBody","EmptyBody","SignatureMove+1","Crescendo","FearNoEvil","Protect","ClearTheMind","ClearTheMind","Crescendo","Crescendo"],"relics":["PureWater","Torii","Eternal Feather"],"acts_visited":["Exordium"],"potions_floor_usage":[],"damage_taken":[{"damage":9,"enemies":"2 Louse","floor":1,"turns":2},{"damage":0,"enemies":"Cultist","floor":2,"turns":2},{"damage":0,"enemies":"Jaw Worm","floor":3,"turns":3},{"damage":0,"enemies":"Large Slime","floor":4,"turns":3},{"damage":11,"enemies":"Looter","floor":5,"turns":3},{"damage":0,"enemies":"Gremlin Nob","floor":7,"turns":1},{"damage":2,"enemies":"3 Sentries","floor":8,"turns":4}],"seed_played":"2554688851224399372","potions_obtained":[{"floor":4,"key":"Strength Potion"},{"floor":5,"key":"Swift Potion"}],"is_trial":true,"path_per_floor":["M","M","M","M","M","R","E","E"],"character_chosen":"WATCHER","items_purchased":[],"campfire_rested":0,"item_purchase_floors":[],"current_hp_per_floor":[52,52,52,52,41,41,41,39,39],"gold":204,"neow_bonus":"","is_daily":false,"chose_seed":false,"campfire_upgraded":1,"win_rate":0.0,"timestamp":1614078700,"path_taken":["M","M","M","M","M","R","E","E"],"items_purchased_type":[],"build_version":"2020-12-22","purchased_purges":0,"victory":false,"max_hp_per_floor":[68,68,68,68,68,68,68,68,68],"card_choices":[{"not_picked":["Crescendo","EmptyBody","PathToVictory"],"picked":"SKIP","floor":1},{"not_picked":["CarveReality","Evaluate","Protect"],"picked":"SKIP","floor":2},{"not_picked":["Prostrate","Wireheading","CrushJoints"],"picked":"SKIP","floor":3},{"not_picked":["Prostrate","Nirvana","SignatureMove"],"picked":"SKIP","floor":4},{"not_picked":["Nirvana","CrushJoints","FlyingSleeves"],"picked":"SKIP","floor":5},{"not_picked":["Omniscience","Devotion","DevaForm"],"picked":"SKIP","floor":7}],"player_experience":349527,"relics_obtained":[{"floor":7,"key":"Eternal Feather"}],"event_choices":[],"is_beta":false,"boss_relics":[],"items_purged_floors":[],"is_endless":false,"potions_floor_spawned":[4,5,7],"killed_by":"3 Sentries","ascension_level":20}}