{"host":"dkr0dog13pegamnp","time":1614072190,"event":{"mods":["AchievementEnabler","BaseMod","Minty Spire (QoL Compilation)","Rare Cards Sparkle","StSLib","SuperFastMode","everything is the same but u backflip on backflip"],"gold_per_floor":[117,42,42,117,128,163,163,192,246,264,278,291,291,320,320,398,398,418,429,429,429],"floor_reached":20,"language":"KOR","playtime":780,"items_purged":[],"score":361,"play_id":"7867eace-f30c-4ed5-8258-55b91e45fec9","local_time":"20210223182310","is_ascension_mode":true,"campfire_choices":[{"data":"Footwork","floor":7,"key":"SMITH"},{"data":"Bullet Time","floor":13,"key":"SMITH"},{"data":"Adrenaline","floor":15,"key":"SMITH"}],"circlet_count":0,"master_deck":["AscendersBane","Strike_G","Strike_G","Strike_G","Strike_G","Defend_G","Defend_G","Defend_G","Defend_G","Defend_G","Survivor","Neutralize","Footwork+1","Backstab","Dash","Blur","Bullet Time+1","Adrenaline+1","Night Terror","Backflip","Poisoned Stab"],"relics":["Ring of the Snake","NeowsBlessing","Happy Flower","Bag of Marbles","Centennial Puzzle","Strawberry","Black Star"],"acts_visited":["Exordium","TheCity"],"potions_floor_usage":[8,14,16,18,19],"damage_taken":[{"damage":0,"enemies":"Small Slimes","floor":1,"turns":1},{"damage":0,"enemies":"2 Louse","floor":5,"turns":1},{"damage":0,"enemies":"Lagavulin","floor":6,"turns":1},{"damage":10,"enemies":"3 Sentries","floor":8,"turns":11},{"damage":0,"enemies":"Cultist","floor":10,"turns":4},{"damage":0,"enemies":"2 Fungi Beasts","floor":11,"turns":2},{"damage":0,"enemies":"Blue Slaver","floor":12,"turns":4},{"damage":9,"enemies":"Lagavulin","floor":14,"turns":12},{"damage":1,"enemies":"The Guardian","floor":16,"turns":18},{"damage":6,"enemies":"3 Byrds","floor":18,"turns":12},{"damage":23,"enemies":"Spheric Guardian","floor":19,"turns":23},{"damage":39,"enemies":"Snake Plant","floor":20,"turns":5}],"seed_played":"2161268561788516262","potions_obtained":[{"floor":5,"key":"CultistPotion"},{"floor":6,"key":"Poison Potion"},{"floor":10,"key":"Strength Potion"},{"floor":14,"key":"Block Potion"},{"floor":18,"key":"ColorlessPotion"}],"is_trial":false,"path_per_floor":["M","$","?","?","M","E","R","E","T","M","M","M","R","E","R","B",null,"M","M","M"],"character_chosen":"THE_SILENT","items_purchased":["Footwork"],"campfire_rested":0,"item_purchase_floors":[2],"current_hp_per_floor":[63,63,56,45,45,45,45,35,35,35,35,35,35,33,33,32,66,60,37,0,0],"gold":429,"neow_bonus":"THREE_ENEMY_KILL","is_daily":false,"chose_seed":false,"campfire_upgraded":3,"win_rate":0.0,"timestamp":1614072190,"path_taken":["M","$","?","?","M","E","R","E","T","M","M","M","R","E","R","BOSS","M","M","M"],"items_purchased_type":["Card"],"build_version":"2020-12-22","purchased_purges":0,"victory":false,"max_hp_per_floor":[70,70,70,70,70,70,70,70,70,70,70,70,70,77,77,77,77,77,77,77,77],"card_choices":[{"not_picked":["Cloak And Dagger","Expertise","PiercingWail"],"picked":"SKIP","floor":1},{"not_picked":["Flying Knee","Setup"],"picked":"Backstab","floor":5},{"not_picked":["Deflect","Well Laid Plans","Blade Dance"],"picked":"SKIP","floor":6},{"not_picked":["Choke","Expertise","Riddle With Holes"],"picked":"SKIP","floor":8},{"not_picked":["Choke","Slice"],"picked":"Dash","floor":10},{"not_picked":["Dagger Spray","Quick Slash"],"picked":"Blur","floor":11},{"not_picked":["Sucker Punch","Poisoned Stab"],"picked":"Bullet Time","floor":12},{"not_picked":["Infinite Blades","Prepared"],"picked":"Adrenaline","floor":14},{"not_picked":["Bullet Time","Grand Finale"],"picked":"Night Terror","floor":16},{"not_picked":["Distraction","Poisoned Stab"],"picked":"Backflip","floor":18},{"not_picked":["Backstab","Accuracy"],"picked":"Poisoned Stab","floor":19}],"player_experience":94402,"relics_obtained":[{"floor":6,"key":"Happy Flower"},{"floor":8,"key":"Bag of Marbles"},{"floor":9,"key":"Centennial Puzzle"},{"floor":14,"key":"Strawberry"}],"event_choices":[{"cards_removed":["Strike_G"],"damage_healed":0,"gold_gain":0,"player_choice":"Card Removal","damage_taken":7,"max_hp_gain":0,"max_hp_loss":0,"event_name":"Golden Wing","floor":3,"gold_loss":0},{"damage_healed":0,"gold_gain":75,"player_choice":"Gather Gold","damage_taken":11,"max_hp_gain":0,"max_hp_loss":0,"event_name":"World of Goop","floor":4,"gold_loss":0}],"is_beta":false,"boss_relics":[{"not_picked":["Empty Cage","Tiny House"],"picked":"Black Star"}],"items_purged_floors":[],"is_endless":false,"potions_floor_spawned":[5,6,10,14,18],"killed_by":"Snake Plant","ascension_level":13}}