{"host":"9ggpvbru8k8uxs3p","time":1614057754,"event":{"mods":["BaseMod","Challenge The Spire","Colored Map","Colored Powertips","Downfall","Highlight Path","Minty Spire (QoL Compilation)","Rare Cards Sparkle","StSLib","The Jungle"],"gold_per_floor":[99,174,8,8,24,40,119,119,153,328,341,2,2,17,34,135,135,147,179,291,322,352,379,416,441,469,12,287,299,299,299,311,311,311,311],"floor_reached":33,"language":"ENG","playtime":2651,"items_purged":[],"score":401,"play_id":"61c0543e-7cbf-48c6-9121-d28df0fad74a","local_time":"20210222232234","is_ascension_mode":false,"campfire_choices":[{"data":"Slimebound:CorrosiveSpit","floor":1,"key":"SMITH"},{"data":"Slimebound:ForwardTackle","floor":13,"key":"SMITH"},{"data":"Slimebound:MassFeed","floor":18,"key":"SMITH"}],"circlet_count":0,"master_deck":["Slimebound:Strike_Slimebound","Slimebound:Strike_Slimebound","Slimebound:Strike_Slimebound+1","Slimebound:Tackle","Slimebound:Defend_Slimebound","Slimebound:Defend_Slimebound","Slimebound:Defend_Slimebound","Slimebound:Defend_Slimebound+1","Slimebound:Split","Slimebound:CorrosiveSpit+1","Slimebound:Schlurp","Slimebound:Split","Slimebound:AcidTongue","Slimebound:SplitMire+1","downfall:Malfunctioning","Slimebound:Nibble","Doubt","Slimebound:SamplingLick+1","Slimebound:Repurpose+1","Slimebound:LivingWall+1","Slimebound:ForwardTackle+1","Slimebound:SamplingLick+1","Slimebound:MassRepurpose+1","Slimebound:SplitMire+1","Slimebound:MassFeed+1","CurseOfTheBell","Slimebound:LeechingTouch","Slimebound:Nibble+1","Slimebound:SplitAcid+1","Slimebound:MinionMaster","Slimebound:RejuvenatingLick+1","Slimebound:MegaLick+1","Slimebound:LeechEnergy","Bandage Up+1","Slimebound:PressTheAttack","Regret","Slimebound:RejuvenatingLick+1","downfall:Bewildered","Slimebound:FinishingTackle+1"],"relics":["Slimebound:AbsorbEndCombat","DollysMirror","Eternal Feather","Toxic Egg 2","Slimebound:AggressiveSlimeRelic","Calling Bell","MawBank","Ornamental Fan","Ice Cream","StoneCalendar","sneckomod:BabySnecko","downfall:RedIOU"],"acts_visited":["Exordium","TheCity"],"potions_floor_usage":[12,26],"damage_taken":[{"damage":6,"enemies":"downfall:FleeingMerchant","floor":3,"turns":4},{"damage":8,"enemies":"Jaw Worm","floor":5,"turns":2},{"damage":8,"enemies":"2 Louse","floor":6,"turns":3},{"damage":35,"enemies":"Lagavulin","floor":9,"turns":6},{"damage":0,"enemies":"Cultist","floor":11,"turns":4},{"damage":0,"enemies":"downfall:FleeingMerchant","floor":12,"turns":4},{"damage":3,"enemies":"3 Louse","floor":14,"turns":3},{"damage":6,"enemies":"Exordium Wildlife","floor":15,"turns":3},{"damage":13,"enemies":"DF_ARCHETYPE_STREAMLINE","floor":16,"turns":6},{"damage":10,"enemies":"Spheric Guardian","floor":19,"turns":4},{"damage":17,"enemies":"Shell Parasite","floor":21,"turns":3},{"damage":15,"enemies":"Centurion and Healer","floor":22,"turns":4},{"damage":14,"enemies":"Snecko","floor":23,"turns":5},{"damage":25,"enemies":"Snake Plant","floor":25,"turns":4},{"damage":17,"enemies":"Shelled Parasite and Fungi","floor":26,"turns":4},{"damage":0,"enemies":"downfall:FleeingMerchant","floor":27,"turns":4},{"damage":7,"enemies":"Sentry and Sphere","floor":29,"turns":3},{"damage":32,"enemies":"Centurion and Healer","floor":32,"turns":5},{"damage":21,"enemies":"IC_MUSHROOM_ARCHETYPE","floor":33,"turns":1}],"seed_played":"9139388153331163428","potions_obtained":[{"floor":5,"key":"Weak Potion"},{"floor":6,"key":"FairyPotion"},{"floor":9,"key":"Slimebound:ThreeZeroPotion"},{"floor":16,"key":"Swift Potion"},{"floor":21,"key":"hexamod:SoulburnPotion"},{"floor":26,"key":"ColorlessPotion"},{"floor":29,"key":"bronze:BurnAndBuffPotion"}],"is_trial":false,"path_per_floor":["R","?","$","?","M","M","T","?","E","?","M","$","R","M","M","B",null,"R","M","?","M","M","M","T","M","M","$","?","M","?","?","M","B"],"character_chosen":"SLIMEBOUND","items_purchased":["DollysMirror","Slimebound:AggressiveSlimeRelic","Slimebound:LivingWall+1","Slimebound:ForwardTackle","Slimebound:SamplingLick+1","StoneCalendar","Bandage Up+1","Slimebound:PressTheAttack"],"campfire_rested":0,"item_purchase_floors":[3,12,12,12,12,27,27,27],"current_hp_per_floor":[71,71,68,68,62,56,56,56,29,29,33,39,51,50,48,41,71,71,63,63,50,41,35,35,14,27,33,33,36,36,36,18,0,0,0],"gold":311,"neow_bonus":"TEN_PERCENT_HP_BONUS","is_daily":false,"chose_seed":false,"campfire_upgraded":3,"win_rate":0.0,"timestamp":1614057754,"path_taken":["R","?","$","?","?","M","T","?","E","?","M","?","R","M","M","BOSS","R","M","?","M","M","M","T","M","M","?","?","?","?","?","M","BOSS"],"items_purchased_type":["Relic","Relic","Card","Card","Card","Relic","Card","Card"],"build_version":"2020-12-22","purchased_purges":0,"victory":false,"max_hp_per_floor":[71,71,71,71,71,71,71,71,71,71,71,71,71,71,71,71,71,71,71,71,71,71,71,71,71,71,71,71,71,71,71,71,71,71,71],"card_choices":[{"not_picked":["Slimebound:SplitBruiser","Slimebound:SlimeBrawl"],"picked":"Slimebound:Schlurp","floor":3},{"not_picked":["Slimebound:ItLooksTasty","Slimebound:SlimeSpikes"],"picked":"Slimebound:AcidTongue","floor":5},{"not_picked":["Slimebound:Schlurp","Slimebound:LeechEnergy"],"picked":"Slimebound:SplitMire","floor":6},{"not_picked":["Slimebound:Gluttony","Slimebound:Chomp"],"picked":"Slimebound:Nibble","floor":9},{"not_picked":["Slimebound:ItLooksTasty","Slimebound:Grow"],"picked":"Slimebound:SamplingLick+1","floor":11},{"not_picked":["Slimebound:SplitLeeching+1","Slimebound:SamplingLick+1"],"picked":"Slimebound:Repurpose+1","floor":12},{"not_picked":["Slimebound:FinishingTackle","Slimebound:ComboTackle"],"picked":"Slimebound:MassRepurpose+1","floor":14},{"not_picked":["Slimebound:SlimeBarrage","Slimebound:HauntingLick+1"],"picked":"Slimebound:SplitMire+1","floor":15},{"not_picked":["Slimebound:OneTwoCombo","Slimebound:PrepareCrush+1"],"picked":"Slimebound:MassFeed","floor":16},{"not_picked":["Slimebound:ComboTackle","Slimebound:SplitMire+1"],"picked":"Slimebound:LeechingTouch","floor":19},{"not_picked":["Slimebound:Schlurp+1","Slimebound:ProtectTheBoss"],"picked":"Slimebound:Nibble+1","floor":21},{"not_picked":["Slimebound:ProtectTheBoss+1","Slimebound:Schlurp+1"],"picked":"Slimebound:SplitAcid+1","floor":22},{"not_picked":["Slimebound:HauntingLick+1","Slimebound:SlimeSpikes+1"],"picked":"Slimebound:MinionMaster","floor":23},{"not_picked":["Slimebound:Prepare+1","Slimebound:SpikyOuterGoop"],"picked":"Slimebound:RejuvenatingLick+1","floor":25},{"not_picked":["Slimebound:FinishingTackle","Slimebound:SlimeBrawl+1"],"picked":"Slimebound:MegaLick+1","floor":26},{"not_picked":["Slimebound:ComboTackle","Slimebound:Schlurp+1"],"picked":"Slimebound:LeechEnergy","floor":27},{"not_picked":["Slimebound:FinishingTackle","Slimebound:OneTwoCombo"],"picked":"Slimebound:RejuvenatingLick+1","floor":29},{"not_picked":["Slimebound:SlimeBrawl+1","Slimebound:LeechEnergy"],"picked":"Slimebound:FinishingTackle+1","floor":32}],"player_experience":75815,"relics_obtained":[{"floor":7,"key":"Eternal Feather"},{"floor":9,"key":"Toxic Egg 2"},{"floor":17,"key":"MawBank"},{"floor":17,"key":"Ornamental Fan"},{"floor":17,"key":"Ice Cream"},{"floor":24,"key":"Ancient Tea Set"}],"event_choices":[],"is_beta":false,"boss_relics":[{"not_picked":["Slimebound:TarBlob","Fusion Hammer"],"picked":"Calling Bell"}],"items_purged_floors":[],"is_endless":false,"potions_floor_spawned":[5,6,9,16,19,21,26,29],"killed_by":"IC_MUSHROOM_ARCHETYPE","ascension_level":0}}