{"host":"i0avyit1s6jb1siw","time":1614075094,"event":{"mods":["BaseMod","DeckTracker","Dota2Spire","Minty Spire (QoL Compilation)","Quick Restart","StSLib","SuperFastMode"],"gold_per_floor":[119,132,49,59,59,94,94,135,135,135,75,45,45,45,106,106,215,215,234,234,51,92,92,92],"floor_reached":23,"language":"ENG","playtime":433,"items_purged":["Strike_R","Strike_R"],"score":394,"play_id":"6405ddf2-a081-44dc-a11a-010df0c18c6c","local_time":"20210223111134","is_ascension_mode":true,"campfire_choices":[{"floor":7,"key":"REST"},{"data":"Disarm","floor":13,"key":"SMITH"},{"data":"Fire Breathing","floor":16,"key":"SMITH"}],"circlet_count":0,"master_deck":["AscendersBane","Strike_R","Strike_R","Defend_R","Defend_R","Defend_R","Defend_R","Bash+1","Twin Strike","Wild Strike","Disarm+1","Pommel Strike","Clothesline","Fire Breathing","Battle Trance","Fire Breathing+1","Offering","Evolve+1","Feel No Pain+1"],"relics":["Burning Blood","Dota2Spire:HandOfMidas","The Courier","Dota2Spire:EyeOfSkadi","SlaversCollar","Membership Card"],"acts_visited":["Exordium","TheCity"],"potions_floor_usage":[6,17,23,23],"damage_taken":[{"damage":9,"enemies":"Jaw Worm","floor":1,"turns":4},{"damage":3,"enemies":"2 Louse","floor":2,"turns":4},{"damage":10,"enemies":"Small Slimes","floor":4,"turns":4},{"damage":55,"enemies":"3 Sentries","floor":6,"turns":10},{"damage":8,"enemies":"Red Slaver","floor":8,"turns":3},{"damage":31,"enemies":"Lagavulin","floor":15,"turns":8},{"damage":15,"enemies":"The Guardian","floor":17,"turns":10},{"damage":15,"enemies":"Chosen","floor":19,"turns":4},{"damage":37,"enemies":"Spheric Guardian","floor":22,"turns":6},{"damage":34,"enemies":"Masked Bandits","floor":23,"turns":3}],"seed_played":"-216944065875296136","potions_obtained":[{"floor":1,"key":"BloodPotion"},{"floor":4,"key":"Swift Potion"},{"floor":6,"key":"FearPotion"},{"floor":19,"key":"Ancient Potion"}],"is_trial":false,"path_per_floor":["M","M","$","M","?","E","R","M","T","?","$","$","R","?","E","R","B",null,"M","?","$","M","?"],"character_chosen":"IRONCLAD","items_purchased":["Disarm","Battle Trance","Membership Card"],"campfire_rested":1,"item_purchase_floors":[3,12,21],"current_hp_per_floor":[65,68,68,64,64,30,52,50,50,50,50,50,50,55,35,35,26,70,61,61,61,30,0,0],"gold":92,"neow_bonus":"UPGRADE_CARD","is_daily":false,"chose_seed":false,"campfire_upgraded":2,"win_rate":0.0,"timestamp":1614075094,"path_taken":["M","M","$","M","?","E","R","M","T","?","?","$","R","?","E","R","BOSS","M","?","$","M","?"],"items_purchased_type":["Card","Card","Relic"],"build_version":"2020-12-22","purchased_purges":2,"victory":false,"max_hp_per_floor":[75,75,75,75,75,75,75,75,75,75,75,75,75,80,85,85,85,85,85,85,85,85,85,85],"card_choices":[{"not_picked":["Sentinel","Headbutt"],"picked":"Twin Strike","floor":1},{"not_picked":["Hemokinesis","Havoc"],"picked":"Wild Strike","floor":2},{"not_picked":["Havoc","True Grit"],"picked":"Pommel Strike","floor":4},{"not_picked":["Warcry","Thunderclap"],"picked":"Clothesline","floor":6},{"not_picked":["Sever Soul","Evolve"],"picked":"Fire Breathing","floor":8},{"not_picked":["Body Slam","Limit Break"],"picked":"Fire Breathing","floor":15},{"not_picked":["Brutality","Bludgeon"],"picked":"Offering","floor":17},{"not_picked":["Rupture","Pommel Strike+1"],"picked":"Evolve+1","floor":19},{"not_picked":["Heavy Blade","Anger"],"picked":"Feel No Pain+1","floor":22}],"player_experience":2488725,"relics_obtained":[{"floor":6,"key":"Dota2Spire:HandOfMidas"},{"floor":9,"key":"The Courier"},{"floor":15,"key":"Dota2Spire:EyeOfSkadi"}],"event_choices":[{"damage_healed":0,"gold_gain":0,"player_choice":"Leave","damage_taken":0,"max_hp_gain":0,"max_hp_loss":0,"event_name":"The Cleric","floor":5,"gold_loss":0},{"damage_healed":0,"gold_gain":0,"player_choice":"Ignored","damage_taken":0,"max_hp_gain":0,"max_hp_loss":0,"event_name":"Liars Game","floor":10,"gold_loss":0},{"damage_healed":0,"gold_gain":0,"player_choice":"Donut","damage_taken":0,"max_hp_gain":5,"max_hp_loss":0,"event_name":"Big Fish","floor":14,"gold_loss":0},{"cards_removed":["Strike_R"],"damage_healed":0,"gold_gain":0,"player_choice":"Elegance","damage_taken":0,"max_hp_gain":0,"max_hp_loss":0,"event_name":"Back to Basics","floor":20,"gold_loss":0},{"damage_healed":0,"gold_gain":0,"player_choice":"Fought Bandits","damage_taken":0,"max_hp_gain":0,"max_hp_loss":0,"event_name":"Masked Bandits","floor":23,"gold_loss":0}],"is_beta":false,"boss_relics":[{"not_picked":["Ectoplasm","Velvet Choker"],"picked":"SlaversCollar"}],"items_purged_floors":[11,21],"is_endless":false,"potions_floor_spawned":[1,4,6,15,19],"killed_by":"Masked Bandits","ascension_level":20}}