{"host":"iv24d026eac8pm4e","time":1614108041,"event":{"mods":["BaseMod","Minty Spire (QoL Compilation)"],"gold_per_floor":[117,131,144,160,160,160,186,206,232,232,248,267,277,296,296,371,371,385,396,396,407,418,444,444,456,456,105,130,30,30,58,58,135,135,147,172,225,0,13,13,47,62,62,62,62,78,78,109,109,109,109],"floor_reached":50,"language":"ENG","playtime":1863,"items_purged":["Strike_G","Strike_G"],"score":1282,"play_id":"074908e8-b77d-4a1b-877e-20a4440d0dcc","local_time":"20210223112041","is_ascension_mode":true,"campfire_choices":[{"data":"Glass Knife","floor":6,"key":"SMITH"},{"data":"Malaise","floor":10,"key":"SMITH"},{"data":"Noxious Fumes","floor":15,"key":"SMITH"},{"data":"Blade Dance","floor":24,"key":"SMITH"},{"data":"Blade Dance","floor":30,"key":"SMITH"},{"floor":32,"key":"REST"},{"data":"Tools of the Trade","floor":40,"key":"SMITH"},{"floor":44,"key":"RECALL"},{"floor":49,"key":"REST"}],"circlet_count":0,"master_deck":["AscendersBane","Defend_G","Defend_G","Defend_G","Survivor","Neutralize+1","Glass Knife+1","Backstab","Poisoned Stab","Blade Dance+1","Skewer","Malaise+1","Blade Dance+1","Backflip","Die Die Die","Noxious Fumes+1","Corpse Explosion","Blade Dance","PiercingWail","Finisher+1","Noxious Fumes+1","Dramatic Entrance","Tools of the Trade+1","Heel Hook+1","Adrenaline+1","Bouncing Flask+1","Footwork","Cloak And Dagger+1","Crippling Poison","Noxious Fumes+1","PiercingWail","Escape Plan+1"],"relics":["Ring of the Snake","Ninja Scroll","Akabeko","WristBlade","Art of War","Medical Kit","Bag of Marbles","Paper Crane","Astrolabe","Ginger","Ice Cream","Red Mask","Whetstone","Shuriken","The Courier","Toy Ornithopter"],"acts_visited":["Exordium","TheCity","TheBeyond"],"potions_floor_usage":[7,8,33,46,50,50],"damage_taken":[{"damage":3,"enemies":"Small Slimes","floor":1,"turns":4},{"damage":0,"enemies":"2 Louse","floor":2,"turns":2},{"damage":0,"enemies":"Cultist","floor":3,"turns":2},{"damage":0,"enemies":"Lots of Slimes","floor":4,"turns":4},{"damage":19,"enemies":"Lagavulin","floor":7,"turns":6},{"damage":4,"enemies":"Exordium Thugs","floor":8,"turns":4},{"damage":0,"enemies":"2 Fungi Beasts","floor":11,"turns":1},{"damage":0,"enemies":"Large Slime","floor":12,"turns":4},{"damage":0,"enemies":"Blue Slaver","floor":13,"turns":1},{"damage":0,"enemies":"2 Fungi Beasts","floor":14,"turns":2},{"damage":16,"enemies":"Slime Boss","floor":16,"turns":8},{"damage":0,"enemies":"Spheric Guardian","floor":18,"turns":3},{"damage":3,"enemies":"3 Byrds","floor":19,"turns":3},{"damage":0,"enemies":"Snecko","floor":21,"turns":1},{"damage":0,"enemies":"3 Cultists","floor":22,"turns":4},{"damage":15,"enemies":"Slavers","floor":23,"turns":5},{"damage":0,"enemies":"Centurion and Healer","floor":25,"turns":4},{"damage":3,"enemies":"Gremlin Leader","floor":28,"turns":5},{"damage":0,"enemies":"Slavers","floor":31,"turns":1},{"damage":50,"enemies":"Automaton","floor":33,"turns":8},{"damage":7,"enemies":"3 Shapes","floor":35,"turns":1},{"damage":0,"enemies":"Mind Bloom Boss Battle","floor":36,"turns":5},{"damage":2,"enemies":"2 Orb Walkers","floor":37,"turns":3},{"damage":0,"enemies":"3 Darklings","floor":39,"turns":1},{"damage":0,"enemies":"Nemesis","floor":41,"turns":1},{"damage":0,"enemies":"Sphere and 2 Shapes","floor":42,"turns":5},{"damage":5,"enemies":"Maw","floor":46,"turns":4},{"damage":0,"enemies":"Giant Head","floor":48,"turns":4},{"damage":80,"enemies":"Time Eater","floor":50,"turns":7}],"seed_played":"8954013544476863687","potions_obtained":[{"floor":2,"key":"SpeedPotion"},{"floor":3,"key":"AttackPotion"},{"floor":11,"key":"FearPotion"},{"floor":12,"key":"EssenceOfSteel"},{"floor":19,"key":"Block Potion"},{"floor":36,"key":"Dexterity Potion"},{"floor":39,"key":"Block Potion"},{"floor":48,"key":"SkillPotion"}],"is_trial":false,"path_per_floor":["M","M","M","M","?","R","E","M","T","R","M","M","M","M","R","B",null,"M","M","?","M","M","E","R","M","T","$","E","$","R","E","R","B",null,"M","?","?","?","M","R","E","M","T","R","?","M","T","E","R","B"],"character_chosen":"THE_SILENT","items_purchased":["Dramatic Entrance","Medical Kit"],"campfire_rested":2,"item_purchase_floors":[27,27],"current_hp_per_floor":[56,56,56,56,56,56,37,33,33,33,33,33,33,33,33,17,54,54,51,51,51,51,36,36,36,36,36,33,33,33,33,52,2,50,43,43,41,41,41,41,41,41,41,41,41,36,36,36,54,0,0],"gold":109,"neow_bonus":"ONE_RANDOM_RARE_CARD","is_daily":false,"chose_seed":false,"campfire_upgraded":6,"win_rate":0.0,"timestamp":1614108041,"path_taken":["M","M","M","M","?","R","E","M","T","R","M","M","M","M","R","BOSS","M","M","?","M","?","E","R","M","T","$","E","?","R","E","R","BOSS","M","?","?","?","M","R","E","M","T","R","?","M","?","E","R","BOSS"],"items_purchased_type":["Card","Relic"],"build_version":"2020-12-22","purchased_purges":2,"victory":false,"max_hp_per_floor":[66,66,66,66,66,66,66,66,66,66,66,66,66,66,66,66,66,66,66,66,66,66,66,66,66,66,66,66,66,66,66,66,66,66,66,66,66,66,66,66,66,66,66,66,63,63,63,63,63,63,63],"card_choices":[{"not_picked":["Acrobatics","Prepared","Eviscerate"],"picked":"SKIP","floor":1},{"not_picked":["Endless Agony","All Out Attack"],"picked":"Backstab","floor":2},{"not_picked":["Deadly Poison","Catalyst"],"picked":"Poisoned Stab","floor":3},{"not_picked":["Dodge and Roll","Outmaneuver"],"picked":"Blade Dance","floor":4},{"not_picked":["Reflex","Noxious Fumes"],"picked":"Malaise","floor":7},{"not_picked":["Acrobatics","Slice"],"picked":"Blade Dance","floor":8},{"not_picked":["Quick Slash","Prepared"],"picked":"Backflip","floor":11},{"not_picked":["Outmaneuver","Flechettes"],"picked":"Die Die Die","floor":12},{"not_picked":["Sucker Punch","Deadly Poison","Expertise"],"picked":"SKIP","floor":13},{"not_picked":["Poisoned Stab","Backflip"],"picked":"Noxious Fumes","floor":14},{"not_picked":["Doppelganger","Unload"],"picked":"Corpse Explosion","floor":16},{"not_picked":["Poisoned Stab","Leg Sweep"],"picked":"Blade Dance","floor":18},{"not_picked":["Deadly Poison","Skewer"],"picked":"PiercingWail","floor":19},{"not_picked":["Underhanded Strike","Skewer+1","Acrobatics"],"picked":"SKIP","floor":21},{"not_picked":["Slice","Dagger Spray"],"picked":"Noxious Fumes+1","floor":22},{"not_picked":["Skewer","Masterful Stab","Acrobatics"],"picked":"SKIP","floor":23},{"not_picked":["Backflip","Outmaneuver","Dodge and Roll"],"picked":"SKIP","floor":25},{"not_picked":["Deflect","Bane","Prepared"],"picked":"SKIP","floor":28},{"not_picked":["Masterful Stab","Setup","Quick Slash"],"picked":"SKIP","floor":31},{"not_picked":["Die Die Die","Phantasmal Killer"],"picked":"Tools of the Trade","floor":33},{"not_picked":["Dagger Throw","Deflect"],"picked":"Footwork","floor":35},{"not_picked":["Bane","Concentrate+1"],"picked":"Cloak And Dagger+1","floor":36},{"not_picked":["Prepared","Deflect"],"picked":"Crippling Poison","floor":37},{"not_picked":["Dagger Throw","Dodge and Roll"],"picked":"Noxious Fumes+1","floor":39},{"not_picked":["Doppelganger","Expertise"],"picked":"PiercingWail","floor":41},{"not_picked":["Deflect","Deadly Poison","Backstab"],"picked":"SKIP","floor":42},{"not_picked":["Deflect","Prepared"],"picked":"Escape Plan+1","floor":46},{"not_picked":["Flying Knee","Quick Slash","Skewer+1"],"picked":"SKIP","floor":48}],"player_experience":2607844,"relics_obtained":[{"floor":7,"key":"Ninja Scroll"},{"floor":9,"key":"Akabeko"},{"floor":23,"key":"Art of War"},{"floor":28,"key":"Bag of Marbles"},{"floor":31,"key":"Paper Crane"},{"floor":36,"key":"Ginger"},{"floor":37,"key":"Ice Cream"},{"floor":41,"key":"Whetstone"},{"floor":43,"key":"Shuriken"},{"floor":47,"key":"The Courier"},{"floor":48,"key":"Toy Ornithopter"}],"event_choices":[{"damage_healed":0,"gold_gain":0,"cards_transformed":["Strike_G"],"player_choice":"Change","damage_taken":0,"max_hp_gain":0,"max_hp_loss":0,"event_name":"Living Wall","floor":5,"gold_loss":0,"cards_obtained":["Skewer"]},{"damage_healed":0,"gold_gain":0,"cards_transformed":["Strike_G"],"player_choice":"Transformed","damage_taken":0,"max_hp_gain":0,"max_hp_loss":0,"event_name":"Transmorgrifier","floor":20,"gold_loss":0,"cards_obtained":["Finisher"]},{"damage_healed":0,"gold_gain":0,"player_choice":"Fight","damage_taken":0,"max_hp_gain":0,"max_hp_loss":0,"event_name":"MindBloom","floor":36,"gold_loss":0},{"damage_healed":0,"gold_gain":0,"player_choice":"Fight","damage_taken":0,"max_hp_gain":0,"max_hp_loss":0,"event_name":"Mysterious Sphere","floor":37,"gold_loss":0},{"damage_healed":0,"gold_gain":0,"player_choice":"Paid","damage_taken":0,"relics_obtained":["Red Mask"],"max_hp_gain":0,"max_hp_loss":0,"event_name":"Tomb of Lord Red Mask","floor":38,"gold_loss":225},{"damage_healed":0,"gold_gain":0,"player_choice":"Max HP","damage_taken":0,"max_hp_gain":0,"max_hp_loss":3,"event_name":"Winding Halls","floor":45,"gold_loss":0}],"is_beta":false,"boss_relics":[{"not_picked":["Sozu","Coffee Dripper"],"picked":"WristBlade"},{"not_picked":["Snecko Eye","Black Star"],"picked":"Astrolabe"}],"items_purged_floors":[27,29],"is_endless":false,"potions_floor_spawned":[2,3,11,12,19,22,23,25,28,36,39,41,42,48],"killed_by":"Time Eater","ascension_level":20}}