{"host":"3j2m8n0ywf988fwb","time":1614071633,"event":{"mods":["2.2 Compatiblity","AchievementEnabler","Aspiration","BaseMod","Bestiary","Better Altar","Better Match","Better Note","Better Sensory Stone","Better Skull","Better Third Choice","CCEM2","Colored Map","Colored Powertips","Conspire","Dark Map","Googly Eyes","Halation","HexUI Lib","Highlight Path","Hubris","Infinite Spire","Jedi Mod","Marked Mod","Minty Spire (QoL Compilation)","Monster B Gone","Permanent Neow","Random Character Button","Relic Filter Mod","Relic Stats","Reliquary","Replay The Spire","Shop Mod","StS++","StSLib","Unceasing Turn Reminder","Weighted Paths","everything is the same but u backflip on backflip"],"gold_per_floor":[114,39,39,39,39,39,39,51,76,76,76,105,105,5,5,5,5],"floor_reached":16,"language":"ENG","playtime":531,"items_purged":["Strike_G","Injury"],"score":141,"play_id":"79c74189-a35e-4d48-bbc5-1c3bfb3319e4","local_time":"20210223031353","is_ascension_mode":true,"campfire_choices":[{"data":"Endless Agony","floor":6,"key":"SMITH"},{"data":"Neutralize","floor":10,"key":"SMITH"},{"floor":15,"key":"DIG"}],"circlet_count":0,"master_deck":["AscendersBane","Strike_G","Strike_G","Defend_G","Defend_G","Defend_G","Defend_G","Defend_G","Survivor","Neutralize+1","Endless Agony+1","Heel Hook","Sucker Punch"],"relics":["Ring of the Snake","halation:StarCompass","jedi:shrinkray","Juzu Bracelet","reliquary:RosewoodLute","Golden Idol","hubris:Spice"],"acts_visited":["Exordium"],"potions_floor_usage":[],"damage_taken":[{"damage":1,"enemies":"2 Louse","floor":1,"turns":4},{"damage":0,"enemies":"Jaw Worm","floor":8,"turns":5},{"damage":27,"enemies":"3 Sentries","floor":12,"turns":18},{"damage":48,"enemies":"Slime Boss","floor":16,"turns":8}],"seed_played":"8192293816155363422","potions_obtained":[{"floor":12,"key":"SteroidPotion"}],"is_trial":false,"path_per_floor":["M","$","?","$","?","R","?","M","T","R","?","E","?","$","R_BF","B"],"character_chosen":"THE_SILENT","items_purchased":[],"campfire_rested":0,"item_purchase_floors":[],"current_hp_per_floor":[62,62,62,62,62,62,62,62,62,62,62,35,35,35,43,0,0],"gold":5,"neow_bonus":"REMOVE_CARD","is_daily":false,"chose_seed":false,"campfire_upgraded":2,"win_rate":0.0,"timestamp":1614071633,"path_taken":["M","$","?","$","?","R","?","?","T","R","?","E","?","?","R_BF","BOSS"],"items_purchased_type":[],"build_version":"2020-12-22","purchased_purges":2,"victory":false,"max_hp_per_floor":[70,70,70,70,70,70,70,70,70,70,70,70,70,70,78,78,78],"relic_stats":{"counters":[4,35],"Golden Idol":0,"Juzu Bracelet":1,"obtain_stats":[{"Golden Idol":13,"hubris:Spice":15,"Juzu Bracelet":11,"reliquary:RosewoodLute":12,"halation:StarCompass":5,"Ring of the Snake":0,"jedi:shrinkray":9},{"Golden Idol":3,"hubris:Spice":3,"Juzu Bracelet":2,"reliquary:RosewoodLute":3,"halation:StarCompass":1,"Ring of the Snake":0,"jedi:shrinkray":2},{"Golden Idol":27,"hubris:Spice":27,"Juzu Bracelet":9,"reliquary:RosewoodLute":27,"halation:StarCompass":4,"Ring of the Snake":0,"jedi:shrinkray":9}],"Ring of the Snake":[8]},"card_choices":[{"not_picked":["Heel Hook","StSpp:PoisonousPunch"],"picked":"Endless Agony","floor":1},{"not_picked":["jedi:poisonivy","Outmaneuver"],"picked":"Heel Hook","floor":8},{"not_picked":["Heel Hook","Quick Slash"],"picked":"Sucker Punch","floor":12}],"player_experience":790799,"relics_obtained":[{"floor":9,"key":"jedi:shrinkray"},{"floor":12,"key":"reliquary:RosewoodLute"},{"floor":15,"key":"hubris:Spice"}],"event_choices":[{"damage_healed":0,"gold_gain":0,"cards_transformed":["Strike_G"],"player_choice":"Transformed","damage_taken":0,"max_hp_gain":0,"max_hp_loss":0,"event_name":"Transmorgrifier","floor":7,"gold_loss":0,"cards_obtained":["hubris:TrickCloak"]},{"cards_removed":["hubris:TrickCloak"],"damage_healed":0,"gold_gain":0,"player_choice":"Gave Card","damage_taken":0,"relics_obtained":["Juzu Bracelet"],"max_hp_gain":0,"max_hp_loss":0,"event_name":"WeMeetAgain","floor":11,"gold_loss":0},{"damage_healed":0,"gold_gain":0,"player_choice":"Take Wound","damage_taken":0,"relics_obtained":["Golden Idol"],"max_hp_gain":0,"max_hp_loss":0,"event_name":"Golden Idol","floor":13,"gold_loss":0,"cards_obtained":["Injury"]}],"is_beta":false,"boss_relics":[],"items_purged_floors":[2,14],"is_endless":false,"potions_floor_spawned":[12],"killed_by":"Slime Boss","ascension_level":10}}