{"host":"xwl7b08i4vco8s3a","time":1614102413,"event":{"mods":["BaseMod","Colored Powertips","Downfall","Hermit","Minty Spire (QoL Compilation)","Replay The Spire","StSLib","Wandering Minibosses"],"gold_per_floor":[99,99,99,119,569,597,623,635,635,666,466,466,466,483,498,603,903,903,921,941,1041,1041,1041,1041],"floor_reached":22,"language":"ENG","playtime":1237,"items_purged":[],"score":217,"play_id":"b9944e27-62af-4595-8aaa-46b1deefe510","local_time":"20210223184653","is_ascension_mode":false,"campfire_choices":[{"floor":1,"key":"RECALL"},{"floor":11,"key":"REST"},{"floor":13,"key":"REST"},{"data":"Guardian:FloatingOrbs","floor":18,"key":"SMITH"}],"circlet_count":0,"master_deck":["Guardian:Strike_Guardian","Guardian:Strike_Guardian","Guardian:Strike_Guardian","Guardian:Defend_Guardian","Guardian:Defend_Guardian","Guardian:Defend_Guardian","Guardian:CurlUp","Guardian:TwinSlam","Dramatic Entrance","Guardian:VentSteam","downfall:Icky","downfall:Icky","downfall:Icky","Guardian:PrimingBeam","Guardian:PiercingHide","Guardian:ShieldSpikes","Guardian:FloatingOrbs+1","Guardian:RevengeProtocol","CurseOfTheBell","Guardian:Gem_Fragmented","Guardian:StasisEngine"],"relics":["Guardian:ModeShifter","ReplayTheSpireMod:Shallot","PreservedInsect","Matryoshka","downfall:HeartBlessingRed","downfall:HeartBlessingGreen","Calling Bell","Old Coin","Boot","Replay:Bottled Flurry","Potion Belt"],"acts_visited":["Exordium","TheCity"],"potions_floor_usage":[6,16,21,21,21,22,22],"damage_taken":[{"damage":6,"enemies":"Jaw Worm","floor":4,"turns":3},{"damage":49,"enemies":"3 Sentries","floor":6,"turns":16},{"damage":1,"enemies":"2 Louse","floor":8,"turns":3},{"damage":21,"enemies":"Lagavulin","floor":10,"turns":6},{"damage":0,"enemies":"Cultist","floor":12,"turns":1},{"damage":0,"enemies":"downfall:LooterAlt","floor":14,"turns":2},{"damage":0,"enemies":"3 Louse","floor":15,"turns":7},{"damage":24,"enemies":"SI_SHIV_ARCHETYPE","floor":16,"turns":11},{"damage":19,"enemies":"Spheric Guardian","floor":19,"turns":6},{"damage":25,"enemies":"downfall:LooterAlt2","floor":20,"turns":7},{"damage":23,"enemies":"downfall:LadyInBlue","floor":21,"turns":14},{"damage":14,"enemies":"Sentry and Sphere","floor":22,"turns":5}],"seed_played":"-5747979122332542181","potions_obtained":[{"floor":4,"key":"Guardian:DefensiveModePotion"},{"floor":6,"key":"sneckomod:MuddlingPotion"},{"floor":10,"key":"Adrenaline Potion"},{"floor":19,"key":"Languid Potion"},{"floor":20,"key":"Strength Potion"},{"floor":21,"key":"BlessingOfTheForge"},{"floor":21,"key":"Elixir"},{"floor":21,"key":"Block Potion"},{"floor":21,"key":"Guardian:AcceleratePotion"}],"is_trial":false,"path_per_floor":["R","?","?","M","?","E","T","M","?","E","R","M","R","M","M","B",null,"R","M","M","?","M"],"character_chosen":"GUARDIAN","items_purchased":[],"campfire_rested":2,"item_purchase_floors":[],"current_hp_per_floor":[80,80,80,74,74,25,25,24,24,3,27,27,51,51,51,27,80,80,61,36,13,0,0,0],"gold":1041,"neow_bonus":"RANDOM_COLORLESS","is_daily":false,"chose_seed":false,"campfire_upgraded":1,"win_rate":0.0,"timestamp":1614102413,"path_taken":["R","?","?","?","?","E","T","M","?","E","R","M","R","M","M","BOSS","R","M","M","?","M"],"items_purchased_type":[],"build_version":"2020-12-22","purchased_purges":0,"victory":false,"max_hp_per_floor":[80,80,80,80,80,80,80,80,80,80,80,80,80,80,80,80,80,80,80,80,80,80,80,80],"card_choices":[{"not_picked":["Dark Shackles","Purity"],"picked":"Dramatic Entrance","floor":0},{"not_picked":["Guardian:MultiBeam","Guardian:Orbwalk"],"picked":"Guardian:VentSteam","floor":4},{"not_picked":["Guardian:Recover","Guardian:DonusPower"],"picked":"Guardian:PrimingBeam","floor":6},{"not_picked":["Guardian:Gem_White","Guardian:CrystalBeam"],"picked":"Guardian:PiercingHide","floor":8},{"not_picked":["Guardian:Incinerate","Guardian:PrismaticBeam","Guardian:GuardianWhirl"],"picked":"SKIP","floor":10},{"not_picked":["Guardian:TemporalShield","Guardian:PrismaticBarrier"],"picked":"Guardian:ShieldSpikes","floor":12},{"not_picked":["Guardian:PrismaticBeam","Guardian:CrystalBeam","Guardian:Preprogram"],"picked":"SKIP","floor":14},{"not_picked":["Guardian:Gem_White","Guardian:Gem_Cyan"],"picked":"Guardian:FloatingOrbs","floor":15},{"not_picked":["Guardian:GemFire","Guardian:StasisStrike"],"picked":"Guardian:RevengeProtocol","floor":16},{"not_picked":["Guardian:Emergency","Guardian:Reroute+1","Guardian:TimeBomb"],"picked":"SKIP","floor":19},{"not_picked":["Guardian:Planning","Guardian:ChargeCore"],"picked":"Guardian:Gem_Fragmented","floor":20},{"not_picked":["Guardian:TemporalStrike","Guardian:VentSteam"],"picked":"Guardian:StasisEngine","floor":21}],"player_experience":460324,"relics_obtained":[{"floor":6,"key":"ReplayTheSpireMod:Shallot"},{"floor":7,"key":"PreservedInsect"},{"floor":10,"key":"Matryoshka"},{"floor":17,"key":"Old Coin"},{"floor":17,"key":"Boot"},{"floor":17,"key":"Replay:Bottled Flurry"},{"floor":21,"key":"Potion Belt"}],"event_choices":[{"cards_removed":["Guardian:Defend_Guardian"],"damage_healed":0,"gold_gain":0,"player_choice":"Offered Basic","damage_taken":0,"max_hp_gain":0,"max_hp_loss":0,"event_name":"Bonfire Elementals","floor":3,"gold_loss":0}],"is_beta":false,"boss_relics":[{"not_picked":["Runic Dome","bronze:MakeshiftBattery"],"picked":"Calling Bell"}],"items_purged_floors":[],"is_endless":false,"potions_floor_spawned":[4,6,10,19,20,21],"killed_by":"Sentry and Sphere","ascension_level":0}}