{"host":"snd6571rw3150vxe","time":1614079417,"event":{"mods":["AchievementEnabler","BaseMod","Bestiary","Colored Powertips","Highlight Path","Minty Spire (QoL Compilation)","Quick Restart","Random Character Button","Relic Stats","StSLib","slay the spire mod where everything is the same but ironclad has a cowboy hat"],"gold_per_floor":[113,113,63,63,82,115,115,40,40,40,56,66,66,94,94,94,94],"floor_reached":16,"language":"ENG","playtime":362,"items_purged":["Strike_R"],"score":133,"play_id":"417fa4c3-c5b5-4222-8b4c-129bd418a7c4","local_time":"20210223132337","is_ascension_mode":false,"campfire_choices":[{"data":"Bash","floor":10.0,"key":"SMITH"},{"data":"1","floor":15,"key":"LIFT"}],"circlet_count":0,"master_deck":["Strike_R","Strike_R","Strike_R","Defend_R","Defend_R","Defend_R","Bash+1"],"relics":["Burning Blood","NeowsBlessing","Bag of Preparation","Question Card","Pantograph","Girya"],"acts_visited":["Exordium"],"potions_floor_usage":[16],"damage_taken":[{"damage":0.0,"enemies":"2 Louse","floor":1.0,"turns":1.0},{"damage":0.0,"enemies":"Jaw Worm","floor":5.0,"turns":1.0},{"damage":0.0,"enemies":"Lagavulin","floor":6.0,"turns":1.0},{"damage":3.0,"enemies":"Small Slimes","floor":11.0,"turns":3.0},{"damage":10,"enemies":"Looter","floor":12,"turns":2},{"damage":51,"enemies":"3 Sentries","floor":14,"turns":11},{"damage":74,"enemies":"Hexaghost","floor":16,"turns":9}],"seed_played":"4004172055869721215","potions_obtained":[{"floor":5.0,"key":"BlessingOfTheForge"},{"floor":12,"key":"Regen Potion"}],"is_trial":false,"path_per_floor":["M","?","?","$","M","E","T","$","T","R","M","M","$","E","R","B"],"character_chosen":"IRONCLAD","items_purchased":[],"campfire_rested":0,"item_purchase_floors":[],"current_hp_per_floor":[80,73,73,73,79,80,80,80,80,80,80,76,76,31,31,0,0],"gold":94,"neow_bonus":"THREE_ENEMY_KILL","is_daily":false,"chose_seed":false,"campfire_upgraded":1,"win_rate":0.0,"timestamp":1614079417,"path_taken":["M","?","?","$","M","E","?","?","T","R","M","M","$","E","R","BOSS"],"items_purchased_type":[],"build_version":"2020-12-22","purchased_purges":1,"victory":false,"max_hp_per_floor":[80,80,80,80,80,80,80,80,80,80,80,80,80,80,80,80,80],"relic_stats":{"counters":[7,28],"Pantograph":25,"Bag of Preparation":[8],"Question Card":3,"obtain_stats":[{"Girya":14,"NeowsBlessing":0,"Pantograph":9,"Bag of Preparation":6,"Question Card":7,"Burning Blood":0},{"Girya":6,"NeowsBlessing":0,"Pantograph":3,"Bag of Preparation":3,"Question Card":3,"Burning Blood":0},{"Girya":19,"NeowsBlessing":0,"Pantograph":3,"Bag of Preparation":3,"Question Card":3,"Burning Blood":0}],"Burning Blood":22},"card_choices":[{"not_picked":["Pommel Strike","Heavy Blade","Armaments"],"picked":"SKIP","floor":1.0},{"not_picked":["Pommel Strike","Clash","Fire Breathing"],"picked":"SKIP","floor":5.0},{"not_picked":["Anger","Carnage","Seeing Red"],"picked":"SKIP","floor":6.0},{"not_picked":["Reckless Charge","Flex","Sword Boomerang","Power Through"],"picked":"SKIP","floor":11.0},{"not_picked":["Power Through","Hemokinesis","Shrug It Off","Pummel"],"picked":"SKIP","floor":12},{"not_picked":["Seeing Red","Thunderclap","Feel No Pain","Clash"],"picked":"SKIP","floor":14}],"player_experience":397248,"relics_obtained":[{"floor":6.0,"key":"Bag of Preparation"},{"floor":7.0,"key":"Question Card"},{"floor":9.0,"key":"Pantograph"},{"floor":14,"key":"Girya"}],"event_choices":[{"cards_removed":["Strike_R"],"damage_healed":0.0,"max_hp_gain":0.0,"max_hp_loss":0.0,"gold_gain":0.0,"event_name":"Golden Wing","player_choice":"Card Removal","floor":2.0,"gold_loss":0.0,"damage_taken":7.0},{"cards_removed":["Defend_R"],"damage_healed":0.0,"max_hp_gain":0.0,"max_hp_loss":0.0,"gold_gain":0.0,"event_name":"The Cleric","player_choice":"Card Removal","floor":3.0,"gold_loss":50.0,"damage_taken":0.0}],"is_beta":false,"boss_relics":[],"items_purged_floors":[8],"is_endless":false,"potions_floor_spawned":[5,12],"killed_by":"Hexaghost","ascension_level":0}}