{"host":"d54lcqy5t45er8jx","time":1614091042,"event":{"mods":["2.2 Compatiblity","AchievementEnabler","BaseMod","CapriCore","Colored Powertips","DeckTracker","Defuse TimeMaze Blight","Hermit","Highlight Path","Hubris","Infinite Spire","Marisa£¨Ùöéë¡¡Øª×âÞÞ£©","Minty Spire (QoL Compilation)","Permanent Neow","Quick Restart","Rare Cards Sparkle","Relic Stats","Remilia£¨?Ú·×é?£©","StSLib","The Animator","The Cursed","The Immortal","The Servant 0.9.4","WarShipGirlsR/??á´Ò³R mod","Yakumo Yukari mod"],"gold_per_floor":[116,116,116,116,41,68,101,126,126,126,368,402,455,485,485,561,561,614,614,614,14,14,41,67,117,117,143,178,211,239,154,154,301,401,415,415,415,39,70,149,175,242,242,310,343,368,398,430,430,504,623,623,621,621],"floor_reached":53,"language":"ENG","playtime":8177,"items_purged":["BlasphemousPunishment","RedNightlessCastle","hubris:Wrath","Pain"],"score":4552,"play_id":"6a71f83a-2566-493a-97e7-b6a310446c04","local_time":"20210223233722","daily_mods":["Draft","Insanity","Heirloom","Flight","DeadlyEvents","Cursed Run","Elite Swarm"],"is_ascension_mode":true,"campfire_choices":[{"data":"ReincarnationDial","floor":10,"key":"SMITH"},{"data":"QueenOfMidnight","floor":15,"key":"SMITH"},{"data":"ScarletCoffin","floor":32,"key":"SMITH"},{"data":"ChaoticDestiny","floor":49,"key":"SMITH"}],"circlet_count":0,"master_deck":["AscendersBane","CharismaGuard","MastersStateliness+1","AfternoonTea","StarOfDavid+1","BloodAndWine","ReincarnationDial+1","NightDance+1","MillenniumVampire","MastersStateliness","Septette","Stigmanizer","Stigmanizer","DiffusionOfMisfortune","UnstableMagic","DiffusionOfMisfortune","ScarletNetherworld","BombardNight","FavorOfDestiny","MastersStateliness","RedNightlessCastle","GlobalNightmare","DiffusionOfMisfortune","StarOfDavid","VampireSweep","RedRainbow","ScarletImprint","FitfulNightmare","NightDance+1","ScarletDevil","ChainGang","CharismaGuard","StarOfDavid","MastersStateliness","Ultimatum+1","FavorOfDestiny","Stigmanizer","ScarletImprint","GlobalNightmare","BlasphemousPunishment","ScarletImprint","RedRainbow+1","DiffusionOfMisfortune","EmergencyRegeneration","BlasphemousPunishment","FavorOfDestiny","ScarletDevil","ScarletGensokyo","VampireKiss+1","RedMagic","NightLord","Stigmanizer","RedRainbow","VampirishNight","MiserableFate","ScarletGensokyo","EternalNight","DiffusionOfMisfortune","BlasphemousPunishment+1","BloodAndWine+1","MillenniumVampire","DiffusionOfMisfortune","ScarletGensokyo","UltimateOffering","RedMagic","ChaoticDestiny+1","ScarletCoffin+1","BloodySeventeenLaser+1","ScarletCoffin","Injury","BloodySeventeenLaser","EquivalentExchange","QueenOfMidnight+1","BloodyCatastrophe","BatForm","EquivalentExchange","BloodyHallows","TransientEternity","ScarletCoffin","ScarletCoffin","CeilingFear","hubris:NaturalOne","BatForm","ScarletCoffin","TransientEternity","BatForm","BlasphemousPunishment","VampireKiss","infinitespire:Collect","TransientEternity","TricksterDevil","BatForm","BloodyHallows","hubris:Lust","ScarletCoffin","BloodyHallows","CeilingFear","BloodyHallows","TransientEternity","Normality","CeilingFear","Decay","CeilingFear"],"relics":["Cursed Key","Darkstone Periapt","Du-Vu Doll","FairyMaid","Whetstone","Potion Belt","Ornamental Fan","Question Card","Happy Flower","Eternal Feather","hubris:MobiusCoin","infinitespire:Lucky Rock","Calipers","Sozu","SlaversCollar","Mummified Hand","Chemical X","hubris:SlimyHat","Anchor","hubris:Icosahedron","hubris:TinFlute","Shuriken","Strawberry","TungstenRod","Smiling Mask","Unceasing Top","infinitespire:BottledMercury","Omamori","Centennial Puzzle","hubris:GlazedTorus","HornCleat","Tiny House","Boot","Frozen Eye","Orichalcum","hubris:DeckOfHolding","Dream Catcher","Bird Faced Urn","Bronze Scales","infinitespire:EmpoweringShard","hubris:PeanutButter","hubris:TenFootPole","TypeBBloodRedTea","Matryoshka","Blood Vial","Bag of Preparation","hubris:Backtick","SimpleLauncher"],"acts_visited":["Exordium","TheCity","TheBeyond","Exordium"],"potions_floor_usage":[12,16,16,16,16],"damage_taken":[{"damage":0,"enemies":"Cultist","floor":1,"turns":1},{"damage":14,"enemies":"Lagavulin","floor":6,"turns":5},{"damage":0,"enemies":"Gremlin Nob","floor":7,"turns":2},{"damage":10,"enemies":"Lagavulin","floor":8,"turns":3},{"damage":39,"enemies":"3 Sentries","floor":11,"turns":10},{"damage":0,"enemies":"Lagavulin","floor":12,"turns":4},{"damage":6,"enemies":"3 Sentries","floor":13,"turns":6},{"damage":2,"enemies":"Lagavulin","floor":14,"turns":7},{"damage":56,"enemies":"The Guardian","floor":16,"turns":2},{"damage":20,"enemies":"Spheric Guardian","floor":18,"turns":2},{"damage":45,"enemies":"Slavers","floor":23,"turns":1},{"damage":15,"enemies":"Nightmare","floor":24,"turns":4},{"damage":47,"enemies":"Gremlin Leader","floor":25,"turns":3},{"damage":49,"enemies":"Book of Stabbing","floor":27,"turns":2},{"damage":0,"enemies":"Gremlin Leader","floor":28,"turns":2},{"damage":31,"enemies":"Slavers","floor":29,"turns":4},{"damage":0,"enemies":"Book of Stabbing","floor":30,"turns":2},{"damage":9,"enemies":"Collector","floor":33,"turns":4},{"damage":55,"enemies":"3 Darklings","floor":35,"turns":1},{"damage":3,"enemies":"Nemesis","floor":39,"turns":2},{"damage":30,"enemies":"Giant Head","floor":40,"turns":3},{"damage":19,"enemies":"Nemesis","floor":41,"turns":2},{"damage":0,"enemies":"Reptomancer","floor":42,"turns":2},{"damage":0,"enemies":"Nemesis","floor":44,"turns":3},{"damage":0,"enemies":"Reptomancer","floor":45,"turns":3},{"damage":17,"enemies":"Nemesis","floor":46,"turns":2},{"damage":0,"enemies":"Giant Head","floor":47,"turns":5},{"damage":0,"enemies":"Nemesis","floor":48,"turns":3},{"damage":70,"enemies":"hubris:GrandSnecko","floor":50,"turns":3},{"damage":31,"enemies":"Time Eater","floor":51,"turns":2},{"damage":0,"enemies":"Small Slimes","floor":53,"turns":1}],"seed_played":"7277222522502517754","potions_obtained":[{"floor":6,"key":"SteroidPotion"},{"floor":6,"key":"Fire Potion"},{"floor":8,"key":"DuplicationPotion"},{"floor":11,"key":"Strength Potion"},{"floor":13,"key":"Weak Potion"},{"floor":14,"key":"LiquidMemories"},{"floor":14,"key":"DistilledChaos"},{"floor":16,"key":"FearPotion"}],"is_trial":true,"path_per_floor":["M","?","?","?","$","E","E","E","T","R","E","E","E","E","R","B",null,"M","AVR","?","$","?","E","NM","E","T","E","E","E","E","?","R","B",null,"M","?","?","$","E","E","E","E","T","E","E","E","E","E","R","B","B",null,"M"],"character_chosen":"REMILIA","items_purchased":["Chemical X","hubris:SlimyHat","Anchor","Boot","Frozen Eye"],"campfire_rested":0,"item_purchase_floors":[21,21,21,38,38],"current_hp_per_floor":[63,63,42,47,47,39,40,37,43,81,65,67,77,81,81,87,87,87,87,87,87,87,87,94,94,100,100,106,106,106,106,106,106,111,111,85,107,107,111,111,111,111,117,117,117,117,117,117,117,123,129,129,129,129],"gold":621,"neow_bonus":"","is_daily":false,"chose_seed":false,"campfire_upgraded":4,"win_rate":0.0,"timestamp":1614091042,"path_taken":["M","?","?","?","?","E","E","E","T","R","E","E","E","E","R","BOSS","M","AVR","?","$","?","E","NM","E","T","E","E","E","E","?","R","BOSS","M","?","?","?","?","E","E","E","T","E","E","E","E","E","R","BOSS","BOSS","M"],"items_purchased_type":["Relic","Relic","Relic","Relic","Relic"],"build_version":"2020-12-22","purchased_purges":4,"victory":false,"max_hp_per_floor":[70,70,70,75,75,75,75,75,81,81,81,81,81,81,81,87,87,87,87,87,87,87,87,94,94,100,100,106,106,106,106,106,106,111,111,111,111,111,111,111,111,111,117,117,117,117,117,117,117,123,129,129,129,129],"relic_stats":{"Darkstone Periapt":42,"Happy Flower":[28],"counters":[31,96],"Eternal Feather":38,"Bag of Preparation":[6],"Whetstone":["NightDance","StarOfDavid"],"Orichalcum":[0],"Cursed Key":3,"Question Card":33,"Smiling Mask":75,"Boot":[236],"Sozu":26,"Blood Vial":0,"Centennial Puzzle":[24],"Dream Catcher":0,"Ornamental Fan":[208],"Mummified Hand":[121],"Shuriken":[41],"Bird Faced Urn":[26],"Bronze Scales":[48],"Chemical X":[2],"obtain_stats":[{"Darkstone Periapt":0,"infinitespire:BottledMercury":28,"Calipers":14,"Tiny House":34,"FairyMaid":0,"hubris:SlimyHat":21,"Bag of Preparation":48,"Whetstone":2,"Cursed Key":0,"Smiling Mask":26,"Boot":38,"Sozu":17,"Blood Vial":47,"Frozen Eye":38,"Centennial Puzzle":29,"Dream Catcher":40,"hubris:Icosahedron":22,"HornCleat":31,"Matryoshka":46,"hubris:Backtick":52,"Mummified Hand":19,"Strawberry":24,"hubris:DeckOfHolding":39,"Chemical X":21,"hubris:TinFlute":23,"SimpleLauncher":52,"hubris:GlazedTorus":30,"Potion Belt":6,"hubris:MobiusCoin":11,"TypeBBloodRedTea":46,"Happy Flower":8,"Eternal Feather":9,"Omamori":28,"infinitespire:Lucky Rock":12,"Orichalcum":39,"Question Card":8,"Du-Vu Doll":0,"SlaversCollar":19,"Anchor":21,"Ornamental Fan":7,"Shuriken":23,"Bird Faced Urn":41,"Bronze Scales":42,"hubris:PeanutButter":44,"infinitespire:EmpoweringShard":43,"hubris:TenFootPole":45,"TungstenRod":25,"Unceasing Top":27},{"Darkstone Periapt":0,"infinitespire:BottledMercury":15,"Calipers":8,"Tiny House":18,"FairyMaid":0,"hubris:SlimyHat":10,"Bag of Preparation":28,"Whetstone":1,"Cursed Key":0,"Smiling Mask":13,"Boot":19,"Sozu":9,"Blood Vial":27,"Frozen Eye":19,"Centennial Puzzle":16,"Dream Catcher":21,"hubris:Icosahedron":10,"HornCleat":17,"Matryoshka":26,"hubris:Backtick":30,"Mummified Hand":10,"Strawberry":12,"hubris:DeckOfHolding":20,"Chemical X":10,"hubris:TinFlute":11,"SimpleLauncher":30,"hubris:GlazedTorus":17,"Potion Belt":2,"hubris:MobiusCoin":5,"TypeBBloodRedTea":26,"Happy Flower":4,"Eternal Feather":4,"Omamori":15,"infinitespire:Lucky Rock":6,"Orichalcum":20,"Question Card":4,"Du-Vu Doll":0,"SlaversCollar":10,"Anchor":10,"Ornamental Fan":3,"Shuriken":11,"Bird Faced Urn":22,"Bronze Scales":23,"hubris:PeanutButter":24,"infinitespire:EmpoweringShard":23,"hubris:TenFootPole":25,"TungstenRod":13,"Unceasing Top":14},{"Darkstone Periapt":0,"infinitespire:BottledMercury":54,"Calipers":38,"Tiny House":64,"FairyMaid":0,"hubris:SlimyHat":42,"Bag of Preparation":90,"Whetstone":1,"Cursed Key":0,"Smiling Mask":50,"Boot":65,"Sozu":40,"Blood Vial":87,"Frozen Eye":65,"Centennial Puzzle":58,"Dream Catcher":70,"hubris:Icosahedron":42,"HornCleat":60,"Matryoshka":82,"hubris:Backtick":95,"Mummified Hand":42,"Strawberry":47,"hubris:DeckOfHolding":67,"Chemical X":42,"hubris:TinFlute":43,"SimpleLauncher":95,"hubris:GlazedTorus":60,"Potion Belt":6,"hubris:MobiusCoin":21,"TypeBBloodRedTea":82,"Happy Flower":11,"Eternal Feather":11,"Omamori":54,"infinitespire:Lucky Rock":25,"Orichalcum":67,"Question Card":11,"Du-Vu Doll":0,"SlaversCollar":42,"Anchor":42,"Ornamental Fan":8,"Shuriken":43,"Bird Faced Urn":72,"Bronze Scales":74,"hubris:PeanutButter":77,"infinitespire:EmpoweringShard":74,"hubris:TenFootPole":80,"TungstenRod":50,"Unceasing Top":52}],"TungstenRod":46,"Unceasing Top":[56]},"card_choices":[{"not_picked":["MastersStateliness","Stigmanizer"],"picked":"RedMagic","floor":0},{"not_picked":["BloodHunter","ScarletNetherworld"],"picked":"NightLord","floor":0},{"not_picked":["RedRainbow","BloodHunter"],"picked":"Stigmanizer","floor":0},{"not_picked":["ScarletImprint","StarOfDavid"],"picked":"RedRainbow","floor":0},{"not_picked":["ScarletImprint","Septette"],"picked":"VampirishNight","floor":0},{"not_picked":["AfternoonTea","DevilSight"],"picked":"MiserableFate","floor":0},{"not_picked":["MastersStateliness","BombardNight"],"picked":"ScarletGensokyo","floor":0},{"not_picked":["ScarletSymphony","BloodyMagicSquare"],"picked":"EternalNight","floor":0},{"not_picked":["ScarletDevil","RedNightlessCastle"],"picked":"DiffusionOfMisfortune","floor":0},{"not_picked":["VampireFantasy","ScarletDevil"],"picked":"BlasphemousPunishment","floor":0},{"not_picked":["VampireFantasy","UnstableMagic"],"picked":"BloodAndWine","floor":0},{"not_picked":["UnderTheZenith","StarOfDavid"],"picked":"MillenniumVampire","floor":0},{"not_picked":["StarOfDavid","MastersStateliness"],"picked":"DiffusionOfMisfortune","floor":0},{"not_picked":["BloodHunter","VampireFantasy"],"picked":"ScarletGensokyo","floor":0},{"not_picked":["Stigmanizer","CharismaGuard"],"picked":"UltimateOffering","floor":0},{"not_picked":["BlasphemousPunishment","ScarletGensokyo"],"picked":"RedMagic","floor":1},{"not_picked":["BloodyHallows","CurseOfVladTepes"],"picked":"ChaoticDestiny","floor":6},{"not_picked":["ChaoticDestiny","CeilingFear"],"picked":"ScarletCoffin","floor":6},{"not_picked":["HeartBreak","CeilingFear"],"picked":"BloodySeventeenLaser","floor":7},{"not_picked":["ChaoticDestiny","BloodRain"],"picked":"ScarletCoffin","floor":8},{"not_picked":["CurseOfVladTepes","KillingBlow","ForecastOfChange"],"picked":"BloodySeventeenLaser","floor":11},{"not_picked":["BloodyCatastrophe","HellCatastrophe","TransientEternity"],"picked":"EquivalentExchange","floor":12},{"not_picked":["ScarletMeister","CeilingFear","BloodySeventeenLaser"],"picked":"QueenOfMidnight","floor":13},{"not_picked":["CurseOfVladTepes","TricksterDevil","QueenOfMidnight"],"picked":"BloodyCatastrophe","floor":14},{"not_picked":["CurseOfVladTepes","ScarletMeister","HellCatastrophe"],"picked":"BatForm","floor":16},{"not_picked":["StarOfDavid","HunterOfTheNight","MastersStateliness+1","RedRainbow"],"picked":"SKIP","floor":18},{"not_picked":["HeartBreak","TricksterDevil","ForecastOfChange"],"picked":"BloodyHallows","floor":23},{"not_picked":["ChaoticDestiny","HeartBreak","CeilingFear"],"picked":"TransientEternity","floor":24},{"not_picked":["EquivalentExchange","BloodRain","TransientEternity"],"picked":"ScarletCoffin","floor":25},{"not_picked":["BloodyCatastrophe","CurseOfVladTepes","CeilingFear"],"picked":"ScarletCoffin","floor":25},{"not_picked":["ForecastOfChange","ChaoticDestiny","ScarletMeister"],"picked":"CeilingFear","floor":27},{"not_picked":["TricksterDevil","QueenOfMidnight","EquivalentExchange"],"picked":"BatForm","floor":28},{"not_picked":["BloodRain","KillingBlow","BatForm"],"picked":"ScarletCoffin","floor":29},{"not_picked":["HellCatastrophe","BloodRain","ForecastOfChange"],"picked":"TransientEternity","floor":30},{"not_picked":["TransientEternity","CurseOfVladTepes","BloodRain"],"picked":"BatForm","floor":33},{"not_picked":["BombardNight","StarOfDavid","FavorOfDestiny"],"picked":"BlasphemousPunishment","floor":34},{"not_picked":["EndlessAdversity","MiserableFate","BloodySeventeenLaser"],"picked":"VampireKiss","floor":35},{"not_picked":["infinitespire:Gouge","infinitespire:Punishment"],"picked":"infinitespire:Collect","floor":36},{"not_picked":["BloodyHallows","HellCatastrophe","ChaoticDestiny"],"picked":"TransientEternity","floor":39},{"not_picked":["CurseOfVladTepes","BloodRain","ChaoticDestiny"],"picked":"TricksterDevil","floor":40},{"not_picked":["DemonKingCradle","HeartBreak","ForecastOfChange"],"picked":"BatForm","floor":41},{"not_picked":["TricksterDevil","QueenOfMidnight","HeartBreak"],"picked":"BloodyHallows","floor":42},{"not_picked":["KillingBlow","TricksterDevil","QueenOfMidnight"],"picked":"ScarletCoffin","floor":44},{"not_picked":["BloodySeventeenLaser","HeartBreak","BloodRain"],"picked":"BloodyHallows","floor":45},{"not_picked":["KillingBlow","ForecastOfChange","ChaoticDestiny"],"picked":"CeilingFear","floor":46},{"not_picked":["EquivalentExchange","BatForm","BloodySeventeenLaser"],"picked":"BloodyHallows","floor":47},{"not_picked":["KillingBlow","HeartBreak","CurseOfVladTepes"],"picked":"TransientEternity","floor":48},{"not_picked":["ForecastOfChange","BatForm","BloodySeventeenLaser"],"picked":"CeilingFear","floor":50},{"not_picked":["HellCatastrophe","ForecastOfChange","BloodySeventeenLaser"],"picked":"CeilingFear","floor":51}],"player_experience":1104941,"relics_obtained":[{"floor":2,"key":"Whetstone"},{"floor":6,"key":"Potion Belt"},{"floor":7,"key":"Ornamental Fan"},{"floor":8,"key":"Question Card"},{"floor":8,"key":"Happy Flower"},{"floor":9,"key":"Eternal Feather"},{"floor":11,"key":"hubris:MobiusCoin"},{"floor":12,"key":"infinitespire:Lucky Rock"},{"floor":14,"key":"Calipers"},{"floor":23,"key":"hubris:TinFlute"},{"floor":23,"key":"Shuriken"},{"floor":24,"key":"Strawberry"},{"floor":25,"key":"TungstenRod"},{"floor":26,"key":"Smiling Mask"},{"floor":27,"key":"Unceasing Top"},{"floor":28,"key":"infinitespire:BottledMercury"},{"floor":28,"key":"Omamori"},{"floor":29,"key":"Centennial Puzzle"},{"floor":30,"key":"hubris:GlazedTorus"},{"floor":39,"key":"Orichalcum"},{"floor":39,"key":"hubris:DeckOfHolding"},{"floor":40,"key":"Dream Catcher"},{"floor":41,"key":"Bird Faced Urn"},{"floor":42,"key":"Bronze Scales"},{"floor":43,"key":"infinitespire:EmpoweringShard"},{"floor":44,"key":"hubris:PeanutButter"},{"floor":45,"key":"hubris:TenFootPole"},{"floor":46,"key":"TypeBBloodRedTea"},{"floor":46,"key":"Matryoshka"},{"floor":47,"key":"Blood Vial"},{"floor":48,"key":"Bag of Preparation"}],"event_choices":[{"damage_healed":0,"gold_gain":0,"player_choice":"Entered Light","damage_taken":21,"max_hp_gain":0,"max_hp_loss":0,"event_name":"Shining Light","floor":3,"gold_loss":0,"cards_upgraded":["NightDance","RedRainbow"]},{"damage_healed":0,"gold_gain":0,"player_choice":"Donut","damage_taken":0,"max_hp_gain":5,"max_hp_loss":0,"event_name":"Big Fish","floor":4,"gold_loss":0},{"damage_healed":0,"gold_gain":0,"player_choice":"Read","damage_taken":0,"max_hp_gain":0,"max_hp_loss":0,"event_name":"The Library","floor":20,"gold_loss":0,"cards_obtained":["EquivalentExchange"]},{"damage_healed":0,"gold_gain":0,"player_choice":"Obtained Relic","damage_taken":0,"relics_obtained":["HornCleat"],"max_hp_gain":0,"max_hp_loss":0,"event_name":"Addict","floor":31,"gold_loss":85},{"damage_healed":22,"gold_gain":0,"player_choice":"Writhe","damage_taken":0,"max_hp_gain":0,"max_hp_loss":0,"event_name":"Winding Halls","floor":37,"gold_loss":0,"cards_obtained":["Writhe"]}],"is_beta":false,"boss_relics":[{"not_picked":["Ectoplasm","Snecko Eye"],"picked":"Sozu"},{"not_picked":["hubris:HollowSoul","hubris:Stopwatch"],"picked":"Tiny House"},{"not_picked":["Philosopher\u0027s Stone","hubris:CrackedHourglass"],"picked":"hubris:Backtick"}],"items_purged_floors":[5,19,21,38],"is_endless":true,"potions_floor_spawned":[6,8,14,18,27,28,30,33,39,41,42,44,46,50],"killed_by":"Small Slimes","ascension_level":20}}