{"host":"c1oza4x7xlyuasvd","time":1614080283,"event":{"mods":["ATMod(∞¢Ë™Mod)","Act Like it!","BaseMod","Better Vampires","Colored Powertips","Gensokyo","Marisa£®ÏF”Í°°ƒß¿Ì…≥£©","Minty Spire (QoL Compilation)","MostiFishMod","Reimu£®≤©¿ˆ¡È√Œ£©","StSLib","TestMod","The Animator","Waifu the Spire","Youmu£®ªÍ∆«—˝√Œ£©"],"gold_per_floor":[116,116,135,146,392,392,392],"floor_reached":6,"language":"ZHS","playtime":249,"items_purged":[],"score":67,"play_id":"9f68c48f-d914-4949-b055-3692896922a5","local_time":"20210223193803","is_ascension_mode":true,"campfire_choices":[],"circlet_count":0,"master_deck":["AscendersBane","Strike_G","Strike_G","Strike_G","Strike_G","Strike_G","Defend_G","Defend_G","Defend_G","Defend_G","Defend_G","Survivor","Neutralize","Cloak And Dagger"],"relics":["Ring of the Snake","testmod-TestBox","AT_ATBox","DaveBox","testmod-Antiphasic","Medical Kit","AT_SpeedBoots","SynthV:TestCard","Gensokyo:OccultBall"],"acts_visited":["Exordium"],"potions_floor_usage":[],"damage_taken":[{"damage":0.0,"enemies":"Gensokyo:Python","floor":1.0,"turns":4.0},{"damage":3.0,"enemies":"Gensokyo:2_Kodama","floor":3.0,"turns":4.0},{"damage":0.0,"enemies":"Gensokyo:3_Fairies","floor":4.0,"turns":5.0},{"damage":37.0,"enemies":"Gensokyo:Python_and_Kodama","floor":5.0,"turns":7.0},{"damage":0,"enemies":"Gensokyo:Cirno","floor":6,"turns":1}],"seed_played":"-304934653002225404","potions_obtained":[{"floor":1.0,"key":"SteroidPotion"}],"is_trial":false,"path_per_floor":["M","?","M","M","M","E"],"character_chosen":"THE_SILENT","items_purchased":[],"campfire_rested":0,"item_purchase_floors":[],"current_hp_per_floor":[59,59,56,56,24,24,24],"gold":392,"neow_bonus":"RANDOM_COMMON_RELIC","is_daily":false,"chose_seed":false,"campfire_upgraded":0,"win_rate":0.0,"timestamp":1614080283,"path_taken":["M","?","M","M","M","E"],"items_purchased_type":[],"build_version":"2020-12-22","purchased_purges":0,"victory":false,"max_hp_per_floor":[66,66,66,66,71,71,71],"card_choices":[{"not_picked":["Infinite Blades","Slice"],"picked":"Cloak And Dagger","floor":1.0},{"not_picked":["Poisoned Stab","Storm of Steel","Blade Dance","MostiFishMod:PerfectParry","Slice"],"picked":"SKIP","floor":3.0},{"not_picked":["Outmaneuver","Underhanded Strike","Cloak And Dagger","Slice","AT_ThistleTea"],"picked":"SKIP","floor":4.0},{"not_picked":["Quick Slash","Distraction","Backstab","Bane","Riddle With Holes"],"picked":"SKIP","floor":5.0}],"player_experience":267994,"relics_obtained":[{"floor":1.0,"key":"SynthV:TestCard"}],"event_choices":[],"is_beta":false,"boss_relics":[],"items_purged_floors":[],"is_endless":false,"potions_floor_spawned":[1],"killed_by":"Gensokyo:Cirno","ascension_level":15}}