{"host":"phy652c7lim9lcu2","time":1614056619,"event":{"mods":["BaseMod","Colored Powertips","Googly Eyes","Minty Spire (QoL Compilation)","Relic Stats","Spicy Shops","StSLib","everything is the same but u backflip on backflip"],"gold_per_floor":[114,64,139,154,154,181,33,49,49,78,97,130,148,171,171,244,244,254,274,274,286,301,334,334,363,363,363,363,381,396,396,396,475,475,492,510,510,9,29,29,39,39,39,39,58,58,58,58,58,58,58,58,7,37,37,37],"floor_reached":55,"language":"ENG","playtime":1922,"items_purged":["Strike_R"],"score":1233,"play_id":"7248cb0c-5931-4321-91a6-bd0873b915a3","local_time":"20210223150339","is_ascension_mode":true,"campfire_choices":[{"floor":15.0,"key":"REST"},{"data":"Whirlwind","floor":28.0,"key":"SMITH"},{"floor":32.0,"key":"REST"},{"floor":40.0,"key":"RECALL"},{"data":"Dark Embrace","floor":42.0,"key":"SMITH"},{"data":"Demon Form","floor":44.0,"key":"SMITH"},{"floor":49.0,"key":"REST"},{"data":"Inflame","floor":52.0,"key":"SMITH"}],"circlet_count":0,"master_deck":["AscendersBane","Strike_R","Strike_R","Defend_R","Defend_R","Defend_R","Defend_R","Bash","Heavy Blade","Sword Boomerang","Inflame","Whirlwind+1","Fiend Fire+1","True Grit+1","Armaments+1","Disarm+1","Dark Embrace+1","Heavy Blade","Feed","Flex+1","Reaper","Inflame+1","J.A.X.+1","Dual Wield+1","Demon Form+1","Heavy Blade+1","Heavy Blade+1","Whirlwind+1","Dark Shackles+1","Sentinel+1","Regret","Evolve+1"],"relics":["Burning Blood","Toxic Egg 2","Orrery","Pen Nib","Bag of Marbles","Bird Faced Urn","Centennial Puzzle","Busted Crown","Regal Pillow","Toy Ornithopter","Molten Egg 2","Cursed Key","Ice Cream","Red Skull"],"acts_visited":["Exordium","TheCity","TheBeyond","TheEnding"],"potions_floor_usage":[55,55],"damage_taken":[{"damage":1.0,"enemies":"Small Slimes","floor":1.0,"turns":4.0},{"damage":2.0,"enemies":"Jaw Worm","floor":4.0,"turns":3.0},{"damage":30.0,"enemies":"Gremlin Nob","floor":6.0,"turns":4.0},{"damage":6.0,"enemies":"Cultist","floor":8.0,"turns":3.0},{"damage":15.0,"enemies":"Lagavulin","floor":10.0,"turns":7.0},{"damage":3.0,"enemies":"Red Slaver","floor":11.0,"turns":5.0},{"damage":31.0,"enemies":"Gremlin Nob","floor":12.0,"turns":5.0},{"damage":12.0,"enemies":"Lots of Slimes","floor":13.0,"turns":2.0},{"damage":22.0,"enemies":"Slime Boss","floor":16.0,"turns":9.0},{"damage":7.0,"enemies":"3 Byrds","floor":18.0,"turns":4.0},{"damage":19.0,"enemies":"Spheric Guardian","floor":19.0,"turns":5.0},{"damage":10.0,"enemies":"Snecko","floor":21.0,"turns":3.0},{"damage":24.0,"enemies":"Snake Plant","floor":22.0,"turns":3.0},{"damage":45.0,"enemies":"Book of Stabbing","floor":23.0,"turns":5.0},{"damage":2.0,"enemies":"Slavers","floor":25.0,"turns":2.0},{"damage":18.0,"enemies":"Sentry and Sphere","floor":29.0,"turns":4.0},{"damage":32.0,"enemies":"Snecko","floor":30.0,"turns":5.0},{"damage":49.0,"enemies":"Champ","floor":33.0,"turns":7.0},{"damage":16.0,"enemies":"Orb Walker","floor":35.0,"turns":2.0},{"damage":6.0,"enemies":"3 Shapes","floor":36.0,"turns":4.0},{"damage":62.0,"enemies":"Writhing Mass","floor":39.0,"turns":8.0},{"damage":43.0,"enemies":"Transient","floor":41.0,"turns":5.0},{"damage":28.0,"enemies":"Sphere and 2 Shapes","floor":45.0,"turns":7.0},{"damage":69.0,"enemies":"Donu and Deca","floor":50.0,"turns":6.0},{"damage":69.0,"enemies":"Shield and Spear","floor":54.0,"turns":7.0},{"damage":83,"enemies":"The Heart","floor":55,"turns":6}],"seed_played":"-228565803405306688","potions_obtained":[{"floor":1.0,"key":"DuplicationPotion"},{"floor":6.0,"key":"DuplicationPotion"},{"floor":13.0,"key":"Ancient Potion"},{"floor":22.0,"key":"Block Potion"},{"floor":30.0,"key":"SteroidPotion"},{"floor":35.0,"key":"EssenceOfSteel"},{"floor":36.0,"key":"SpeedPotion"},{"floor":41.0,"key":"BlessingOfTheForge"}],"is_trial":false,"path_per_floor":["M","?","?","M","?","E","$","M","T","E","M","E","M","T","R","B",null,"M","M","?","M","M","E","?","E","T","?","R","M","M","?","R","B",null,"M","M","?","$","M","R","M","R","T","R","M","?","T","$","R","B",null,"R","$","E","B"],"character_chosen":"IRONCLAD","items_purchased":["Orrery","Ice Cream","Dark Shackles+1","SkillPotion"],"campfire_rested":3,"item_purchase_floors":[7,38,38,53],"current_hp_per_floor":[77,77,66,70,75,51,51,51,51,42,45,20,14,14,39,27,71,72,66,66,73,57,22,22,29,29,29,29,33,24,24,66,33,77,81,97,97,97,63,63,30,30,30,30,41,41,41,41,84,37,81,81,81,40,0,0],"gold":37,"neow_bonus":"THREE_CARDS","is_daily":false,"chose_seed":false,"campfire_upgraded":4,"win_rate":0.0,"timestamp":1614056619,"path_taken":["M","?","?","M","?","E","$","M","T","E","?","E","M","?","R","BOSS","M","M","?","?","?","E","?","E","T","?","R","M","M","?","R","BOSS","M","M","?","$","M","R","?","R","T","R","M","?","?","$","R","BOSS","R","$","E","BOSS"],"items_purchased_type":["Relic","Relic","Card","Potion"],"build_version":"2020-12-22","purchased_purges":1,"victory":false,"max_hp_per_floor":[80,80,80,80,85,85,85,85,85,85,85,85,85,85,85,85,85,85,88,88,88,88,88,88,91,91,91,91,91,91,91,91,91,91,94,97,97,97,100,100,100,100,100,100,100,95,95,95,95,95,95,95,95,95,95,95],"relic_stats":{"Centennial Puzzle":[54],"Regal Pillow":30,"Busted Crown":30,"counters":[26,125],"Bird Faced Urn":[78],"Pen Nib":[14],"Cursed Key":1,"obtain_stats":[{"Ice Cream":38,"Regal Pillow":23,"Pen Nib":9,"Cursed Key":34,"Burning Blood":0,"Centennial Puzzle":14,"Busted Crown":17,"Bird Faced Urn":12,"Orrery":7,"Molten Egg 2":26,"Bag of Marbles":10,"Toxic Egg 2":6,"Toy Ornithopter":25,"Red Skull":54},{"Ice Cream":20,"Regal Pillow":14,"Pen Nib":4,"Cursed Key":18,"Burning Blood":0,"Centennial Puzzle":8,"Busted Crown":9,"Bird Faced Urn":7,"Orrery":3,"Molten Egg 2":15,"Bag of Marbles":5,"Toxic Egg 2":3,"Toy Ornithopter":15,"Red Skull":25},{"Ice Cream":86,"Regal Pillow":62,"Pen Nib":14,"Cursed Key":80,"Burning Blood":0,"Centennial Puzzle":33,"Busted Crown":42,"Bird Faced Urn":31,"Orrery":11,"Molten Egg 2":64,"Bag of Marbles":21,"Toxic Egg 2":11,"Toy Ornithopter":64,"Red Skull":119}],"Burning Blood":150,"Toy Ornithopter":15},"card_choices":[{"not_picked":["Shockwave","Reckless Charge"],"picked":"Heavy Blade","floor":0.0},{"not_picked":["Ghostly Armor","Body Slam"],"picked":"Sword Boomerang","floor":1.0},{"not_picked":["Flame Barrier","Clash"],"picked":"Inflame","floor":4.0},{"not_picked":["Armaments+1","Brutality"],"picked":"Whirlwind","floor":6.0},{"not_picked":["Clash","Cleave"],"picked":"Fiend Fire","floor":7.0},{"not_picked":["Sword Boomerang","Havoc+1"],"picked":"True Grit+1","floor":7.0},{"not_picked":["Searing Blow","Body Slam"],"picked":"Armaments+1","floor":7.0},{"not_picked":["Warcry+1","True Grit+1"],"picked":"Disarm+1","floor":8.0},{"not_picked":["Sword Boomerang","Clothesline"],"picked":"Dark Embrace","floor":10.0},{"not_picked":["Infernal Blade+1","Pummel"],"picked":"Heavy Blade","floor":11.0},{"not_picked":["True Grit+1","Shockwave+1"],"picked":"Feed","floor":12.0},{"not_picked":["Thunderclap","Pommel Strike"],"picked":"Flex+1","floor":13.0},{"not_picked":["Juggernaut","Berserk"],"picked":"Reaper","floor":16.0},{"not_picked":["Shockwave+1"],"picked":"SKIP","floor":18.0},{"not_picked":["Warcry+1"],"picked":"SKIP","floor":19.0},{"not_picked":["Iron Wave"],"picked":"SKIP","floor":21.0},{"not_picked":["Headbutt"],"picked":"SKIP","floor":22.0},{"not_picked":["Iron Wave"],"picked":"SKIP","floor":23.0},{"not_picked":["Twin Strike"],"picked":"SKIP","floor":25.0},{"not_picked":["Clash+1"],"picked":"SKIP","floor":29.0},{"not_picked":[],"picked":"Dual Wield+1","floor":30.0},{"not_picked":[],"picked":"Demon Form","floor":33.0},{"not_picked":[],"picked":"Heavy Blade+1","floor":35.0},{"not_picked":[],"picked":"Heavy Blade+1","floor":36.0},{"not_picked":["Entrench+1"],"picked":"SKIP","floor":39.0},{"not_picked":[],"picked":"Sentinel+1","floor":41.0},{"not_picked":["Havoc+1"],"picked":"SKIP","floor":45.0},{"not_picked":[],"picked":"Evolve+1","floor":54.0}],"player_experience":356297,"relics_obtained":[{"floor":6.0,"key":"Toxic Egg 2"},{"floor":9.0,"key":"Pen Nib"},{"floor":10.0,"key":"Bag of Marbles"},{"floor":12.0,"key":"Bird Faced Urn"},{"floor":14.0,"key":"Centennial Puzzle"},{"floor":23.0,"key":"Regal Pillow"},{"floor":25.0,"key":"Toy Ornithopter"},{"floor":26.0,"key":"Molten Egg 2"},{"floor":54.0,"key":"Red Skull"}],"event_choices":[{"cards_removed":["Strike_R"],"damage_healed":0.0,"max_hp_gain":0.0,"max_hp_loss":0.0,"gold_gain":0.0,"event_name":"The Cleric","player_choice":"Card Removal","floor":2.0,"gold_loss":50.0,"damage_taken":0.0},{"damage_healed":0.0,"max_hp_gain":0.0,"max_hp_loss":0.0,"gold_gain":75.0,"event_name":"World of Goop","player_choice":"Gather Gold","floor":3.0,"gold_loss":0.0,"damage_taken":11.0},{"damage_healed":0.0,"max_hp_gain":5.0,"max_hp_loss":0.0,"gold_gain":0.0,"event_name":"Big Fish","player_choice":"Donut","floor":5.0,"gold_loss":0.0,"damage_taken":0.0},{"damage_healed":0.0,"max_hp_gain":0.0,"max_hp_loss":0.0,"gold_gain":0.0,"event_name":"Upgrade Shrine","player_choice":"Upgraded","floor":20.0,"gold_loss":0.0,"damage_taken":0.0,"cards_upgraded":["Fiend Fire"]},{"damage_healed":0.0,"max_hp_gain":0.0,"max_hp_loss":0.0,"gold_gain":0.0,"event_name":"The Library","player_choice":"Read","floor":24.0,"gold_loss":0.0,"damage_taken":0.0,"cards_obtained":["Inflame"]},{"damage_healed":0.0,"max_hp_gain":0.0,"max_hp_loss":0.0,"gold_gain":0.0,"event_name":"Drug Dealer","player_choice":"Obtain J.A.X.","floor":27.0,"gold_loss":0.0,"damage_taken":0.0,"cards_obtained":["J.A.X."]},{"damage_healed":0.0,"max_hp_gain":0.0,"max_hp_loss":0.0,"gold_gain":0.0,"event_name":"Vampires","player_choice":"Ignored","floor":31.0,"gold_loss":0.0,"damage_taken":0.0},{"damage_healed":0.0,"max_hp_gain":0.0,"max_hp_loss":0.0,"gold_gain":0.0,"cards_transformed":["Strike_R"],"event_name":"Transmorgrifier","player_choice":"Transformed","floor":37.0,"gold_loss":0.0,"damage_taken":0.0,"cards_obtained":["Whirlwind"]},{"damage_healed":0.0,"max_hp_gain":0.0,"max_hp_loss":5.0,"gold_gain":0.0,"event_name":"Winding Halls","player_choice":"Max HP","floor":46.0,"gold_loss":0.0,"damage_taken":0.0}],"is_beta":false,"boss_relics":[{"not_picked":["Pandora\u0027s Box","Black Blood"],"picked":"Busted Crown"},{"not_picked":["Black Star","Velvet Choker"],"picked":"Cursed Key"}],"items_purged_floors":[38],"is_endless":false,"potions_floor_spawned":[1,6,8,11,12,13,18,22,30,35,36,41,54],"killed_by":"The Heart","ascension_level":13}}