{"host":"mp4nw1ahnxiisuiw","time":1614096323,"event":{"mods":["BaseMod","Block Reminder","Colored Map","Colored Powertips","Curses Come First","DeckTracker","Dio Mod","Koishi","Marisa????????","Minty Spire (QoL Compilation)","Quick Restart","Rare Cards Sparkle","Relic Sorter","Relic Stats","Remilia??????","Small Relic Pack","StSLib","Td1madao Mod"],"gold_per_floor":[117,129,57,57,57,57,70,84,111,111,111,136,136,154,154,277,277,277,277],"floor_reached":18,"language":"ENG","playtime":453,"items_purged":[],"score":152,"play_id":"976a5185-de29-4911-81d5-e8a4dfe65fb6","local_time":"20210223170523","is_ascension_mode":false,"campfire_choices":[{"data":"dioMod:Muda","floor":6,"key":"SMITH"},{"data":"dioMod:Minions","floor":10,"key":"SMITH"},{"floor":13,"key":"REST"},{"data":"dioMod:SevenPageMuda","floor":15,"key":"SMITH"}],"circlet_count":0,"master_deck":["dioMod:Strike","dioMod:Strike","dioMod:Strike","dioMod:Strike","Bite","dioMod:Defend","dioMod:Defend","dioMod:Defend","dioMod:Defend","dioMod:Muda+1","dioMod:Minions+1","dioMod:Donut","dioMod:CutDeep","dioMod:VengefulMuda","dioMod:SevenPageMuda+1","dioMod:RoadRoller"],"relics":["dioMod:VampireBlood","NeowsBlessing","Golden Idol","Smiling Mask","relicPack:DSword","relicPack:ShieldShield"],"acts_visited":["Exordium","TheCity"],"potions_floor_usage":[16,16],"damage_taken":[{"damage":0,"enemies":"Jaw Worm","floor":1,"turns":1},{"damage":0,"enemies":"2 Louse","floor":2,"turns":1},{"damage":0,"enemies":"Small Slimes","floor":7,"turns":1},{"damage":22,"enemies":"2 Fungi Beasts","floor":8,"turns":5},{"damage":5,"enemies":"Looter","floor":12,"turns":3},{"damage":4,"enemies":"Blue Slaver","floor":14,"turns":3},{"damage":34,"enemies":"Slime Boss","floor":16,"turns":8},{"damage":0,"enemies":"2 Thieves","floor":18,"turns":1}],"seed_played":"-4823883406580773226","potions_obtained":[{"floor":2,"key":"SkillPotion"},{"floor":7,"key":"Ancient Potion"},{"floor":8,"key":"Weak Potion"}],"is_trial":false,"path_per_floor":["M","M","$","?","?","R","M","M","T","R","?","M","R","M","R","B",null,"M"],"character_chosen":"THE_DEFAULT","items_purchased":["dioMod:Donut"],"campfire_rested":1,"item_purchase_floors":[3],"current_hp_per_floor":[75,75,75,75,57,57,63,53,53,53,18,18,40,43,43,22,75,75,75],"gold":277,"neow_bonus":"THREE_ENEMY_KILL","is_daily":false,"chose_seed":false,"campfire_upgraded":3,"win_rate":0.0,"timestamp":1614096323,"path_taken":["M","M","$","?","?","R","M","M","T","R","?","M","R","M","R","BOSS","M"],"items_purchased_type":["Card"],"build_version":"2020-12-22","purchased_purges":0,"victory":false,"max_hp_per_floor":[75,75,75,75,75,75,75,75,75,75,75,75,75,75,75,75,75,75,75],"relic_stats":{"counters":[8,23],"Golden Idol":40,"Smiling Mask":0,"obtain_stats":[{"relicPack:DSword":11,"NeowsBlessing":0,"dioMod:VampireBlood":0,"Golden Idol":5,"relicPack:ShieldShield":17,"Smiling Mask":9},{"relicPack:DSword":4,"NeowsBlessing":0,"dioMod:VampireBlood":0,"Golden Idol":2,"relicPack:ShieldShield":7,"Smiling Mask":4},{"relicPack:DSword":8,"NeowsBlessing":0,"dioMod:VampireBlood":0,"Golden Idol":2,"relicPack:ShieldShield":22,"Smiling Mask":8}]},"card_choices":[{"not_picked":["dioMod:DaggerToss","dioMod:HeavyLifting"],"picked":"dioMod:Muda","floor":1},{"not_picked":["dioMod:StreetSign","dioMod:SecretPlan"],"picked":"dioMod:Minions","floor":2},{"not_picked":["dioMod:SadisticLaugh","dioMod:GoldVial"],"picked":"dioMod:CutDeep","floor":7},{"not_picked":["dioMod:SadisticLaugh","dioMod:ComposedMuda"],"picked":"dioMod:VengefulMuda","floor":8},{"not_picked":["dioMod:HeavyLifting","dioMod:BloodShield","dioMod:VengefulMuda"],"picked":"SKIP","floor":12},{"not_picked":["dioMod:CutDeep","dioMod:BloodShield"],"picked":"dioMod:SevenPageMuda","floor":14},{"not_picked":["dioMod:GoldVial","dioMod:SevenPageMuda"],"picked":"dioMod:RoadRoller","floor":16}],"player_experience":106127,"relics_obtained":[{"floor":9,"key":"Smiling Mask"}],"event_choices":[{"damage_healed":0,"gold_gain":0,"player_choice":"Leave","damage_taken":0,"max_hp_gain":0,"max_hp_loss":0,"event_name":"The Cleric","floor":4,"gold_loss":0},{"damage_healed":0,"gold_gain":0,"player_choice":"Take Damage","damage_taken":18,"relics_obtained":["Golden Idol"],"max_hp_gain":0,"max_hp_loss":0,"event_name":"Golden Idol","floor":5,"gold_loss":0}],"is_beta":false,"boss_relics":[{"not_picked":["SacredBark","Cursed Key"],"picked":"relicPack:ShieldShield"}],"items_purged_floors":[],"is_endless":false,"potions_floor_spawned":[2,7,8],"killed_by":"2 Thieves","ascension_level":0}}