{"host":"0kk91h4bq4kgfj0u","time":1614057528,"event":{"mods":["BaseMod","Bestiary","Block Reminder","Colored Map","Colored Powertips","Curses Come First","Highlight Path","Minty Spire (QoL Compilation)","Relic Stats","StSLib"],"gold_per_floor":[118,118,118,50,69,99,99,131,131,150,72,72,72,85,85,85,85],"floor_reached":16,"language":"ENG","playtime":528,"items_purged":[],"score":171,"play_id":"95de4496-705c-469d-9a02-525249578595","local_time":"20210223001848","is_ascension_mode":true,"campfire_choices":[{"floor":7,"key":"REST"},{"floor":12,"key":"REST"},{"floor":15,"key":"REST"}],"circlet_count":0,"master_deck":["Strike_G","Strike_G","Strike_G+1","Strike_G","Strike_G","Defend_G","Defend_G","Defend_G","Defend_G","Defend_G","Survivor","Neutralize+1","Quick Slash","Caltrops","Backflip","Underhanded Strike","Footwork","Poisoned Stab","Flying Knee","Accuracy","Distraction","Infinite Blades"],"relics":["Ring of the Snake","Prayer Wheel","Pear","Ginger"],"acts_visited":["Exordium"],"potions_floor_usage":[8,14],"damage_taken":[{"damage":4,"enemies":"2 Louse","floor":1,"turns":4},{"damage":7,"enemies":"Jaw Worm","floor":5,"turns":4},{"damage":32,"enemies":"Gremlin Nob","floor":6,"turns":5},{"damage":28,"enemies":"3 Sentries","floor":8,"turns":12},{"damage":2,"enemies":"Cultist","floor":10,"turns":4},{"damage":9,"enemies":"Gremlin Gang","floor":14,"turns":6},{"damage":58,"enemies":"The Guardian","floor":16,"turns":12}],"seed_played":"798241120409106623","potions_obtained":[{"floor":5,"key":"Energy Potion"},{"floor":6,"key":"AttackPotion"}],"is_trial":false,"path_per_floor":["M","?","?","$","M","E","R","E","T","M","$","R","$","M","R","B"],"character_chosen":"THE_SILENT","items_purchased":["Caltrops","Accuracy"],"campfire_rested":3,"item_purchase_floors":[4,11],"current_hp_per_floor":[66,51,51,51,44,12,35,17,17,15,15,41,41,32,58,0,0],"gold":85,"neow_bonus":"TEN_PERCENT_HP_BONUS","is_daily":false,"chose_seed":false,"campfire_upgraded":0,"win_rate":0.0,"timestamp":1614057528,"path_taken":["M","?","?","$","M","E","R","E","T","M","$","R","?","M","R","BOSS"],"items_purchased_type":["Card","Card"],"build_version":"2020-12-22","purchased_purges":0,"victory":false,"max_hp_per_floor":[77,77,77,77,77,77,77,87,87,87,87,87,87,87,87,87,87],"relic_stats":{"counters":[7,47],"Prayer Wheel":2,"Ginger":[3],"obtain_stats":[{"Pear":8,"Prayer Wheel":6,"Ginger":9,"Ring of the Snake":0},{"Pear":4,"Prayer Wheel":3,"Ginger":4,"Ring of the Snake":0},{"Pear":25,"Prayer Wheel":13,"Ginger":25,"Ring of the Snake":0}],"Ring of the Snake":[14]},"card_choices":[{"not_picked":["Deadly Poison","Sucker Punch"],"picked":"Quick Slash","floor":1},{"not_picked":["Bane","Underhanded Strike"],"picked":"Backflip","floor":5},{"not_picked":["Well Laid Plans","Calculated Gamble"],"picked":"Underhanded Strike","floor":6},{"not_picked":["Underhanded Strike","Slice"],"picked":"Footwork","floor":8},{"not_picked":["Slice","Heel Hook"],"picked":"Poisoned Stab","floor":10},{"not_picked":["Sucker Punch","Prepared"],"picked":"Flying Knee","floor":10},{"not_picked":["Underhanded Strike","Blur"],"picked":"Distraction","floor":14},{"not_picked":["Quick Slash","Grand Finale"],"picked":"Infinite Blades","floor":14}],"player_experience":911088,"relics_obtained":[{"floor":6,"key":"Prayer Wheel"},{"floor":8,"key":"Pear"},{"floor":9,"key":"Ginger"}],"event_choices":[{"damage_healed":0,"gold_gain":0,"player_choice":"Entered Light","damage_taken":15,"max_hp_gain":0,"max_hp_loss":0,"event_name":"Shining Light","floor":2,"gold_loss":0,"cards_upgraded":["Neutralize","Strike_G"]},{"damage_healed":0,"gold_gain":0,"player_choice":"Leave","damage_taken":0,"max_hp_gain":0,"max_hp_loss":0,"event_name":"The Cleric","floor":3,"gold_loss":0}],"is_beta":false,"boss_relics":[],"items_purged_floors":[],"is_endless":false,"potions_floor_spawned":[5,6],"killed_by":"The Guardian","ascension_level":7}}