{"host":"qp7xs8nuzfsyommi","time":1614104699,"event":{"mods":["2.2 Compatiblity","BaseMod","Colored Powertips","DeckTracker","Highlight Path","Minty Spire (QoL Compilation)","Permanent Neow","Quick Restart","StSLib","Weighted Paths"],"gold_per_floor":[119,136,101,118,193,218,278,292,292,305,305,315,104,122,122,196,196,210,210,210,135,21,21,40,40,113,143,160,160,177,8,8,87,87,97,111,123,148,166,166,176,176,203,253,253,253,302,314,314,314,314,314],"floor_reached":51,"language":"ENG","playtime":3289,"items_purged":[],"score":1413,"play_id":"a4415318-ed4d-4c57-8aae-a538f0cd86f1","local_time":"20210223132459","is_ascension_mode":true,"campfire_choices":[{"data":"Sunder","floor":15.0,"key":"SMITH"},{"floor":23.0,"key":"RECALL"},{"data":"Hologram","floor":25.0,"key":"SMITH"},{"floor":29.0,"key":"REST"},{"data":"Loop","floor":32.0,"key":"SMITH"},{"floor":40.0,"key":"REST"},{"data":"Storm","floor":42.0,"key":"SMITH"},{"data":"Defragment","floor":46.0,"key":"SMITH"},{"data":"1","floor":49.0,"key":"LIFT"}],"circlet_count":0,"master_deck":["AscendersBane","Zap","Dualcast","Electrodynamics","Go for the Eyes","Buffer","Steam","Leap","Hello World","Defragment+1","Heatsinks","Hologram+1","Lockon","Force Field","Doom and Gloom","Chill","Undo","Storm+1","Loop+1","Sunder+1","Thunder Strike","Skim","Necronomicurse","Stack+1","Storm","Tempest","Compile Driver","Core Surge","Turbo","Turbo","White Noise+1","Steam","Creative AI","Writhe","Capacitor"],"relics":["Pandora\u0027s Box","Nunchaku","Shuriken","White Beast Statue","Potion Belt","Nuclear Battery","Necronomicon","Bottled Tornado","Matryoshka","Tiny Chest","SacredBark","Girya","Happy Flower","Pocketwatch","Pantograph","DataDisk"],"acts_visited":["Exordium","TheCity","TheBeyond"],"potions_floor_usage":[50,50,51],"damage_taken":[{"damage":13.0,"enemies":"2 Louse","floor":1.0,"turns":2.0},{"damage":9.0,"enemies":"Jaw Worm","floor":2.0,"turns":3.0},{"damage":2.0,"enemies":"Small Slimes","floor":4.0,"turns":2.0},{"damage":14.0,"enemies":"3 Sentries","floor":6.0,"turns":4.0},{"damage":22.0,"enemies":"Lagavulin Event","floor":7.0,"turns":6.0},{"damage":4.0,"enemies":"Looter","floor":8.0,"turns":4.0},{"damage":0.0,"enemies":"Large Slime","floor":10.0,"turns":5.0},{"damage":0.0,"enemies":"2 Fungi Beasts","floor":12.0,"turns":4.0},{"damage":0.0,"enemies":"Blue Slaver","floor":14.0,"turns":4.0},{"damage":0.0,"enemies":"The Guardian","floor":16.0,"turns":7.0},{"damage":7.0,"enemies":"Shell Parasite","floor":18.0,"turns":6.0},{"damage":0.0,"enemies":"2 Thieves","floor":24.0,"turns":2.0},{"damage":0.0,"enemies":"Book of Stabbing","floor":27.0,"turns":4.0},{"damage":12.0,"enemies":"Cultist and Chosen","floor":28.0,"turns":5.0},{"damage":2.0,"enemies":"Snake Plant","floor":30.0,"turns":4.0},{"damage":36.0,"enemies":"Automaton","floor":33.0,"turns":8.0},{"damage":4.0,"enemies":"3 Shapes","floor":35.0,"turns":4.0},{"damage":33.0,"enemies":"3 Darklings","floor":36.0,"turns":5.0},{"damage":29.0,"enemies":"Sphere and 2 Shapes","floor":37.0,"turns":6.0},{"damage":16.0,"enemies":"Mind Bloom Boss Battle","floor":38.0,"turns":6.0},{"damage":22.0,"enemies":"4 Shapes","floor":39.0,"turns":4.0},{"damage":20.0,"enemies":"Writhing Mass","floor":41.0,"turns":5.0},{"damage":0.0,"enemies":"2 Orb Walkers","floor":44.0,"turns":2.0},{"damage":0.0,"enemies":"Transient","floor":48.0,"turns":6.0},{"damage":46,"enemies":"Donu and Deca","floor":50,"turns":5},{"damage":53,"enemies":"Awakened One","floor":51,"turns":3}],"seed_played":"-3494312555861305392","potions_obtained":[{"floor":1.0,"key":"Fire Potion"},{"floor":2.0,"key":"Energy Potion"},{"floor":8.0,"key":"Block Potion"},{"floor":10.0,"key":"SteroidPotion"},{"floor":12.0,"key":"FearPotion"},{"floor":14.0,"key":"BlessingOfTheForge"},{"floor":16.0,"key":"EssenceOfDarkness"},{"floor":18.0,"key":"Swift Potion"},{"floor":24.0,"key":"Energy Potion"},{"floor":27.0,"key":"Weak Potion"},{"floor":28.0,"key":"PotionOfCapacity"},{"floor":30.0,"key":"Explosive Potion"},{"floor":35.0,"key":"Regen Potion"},{"floor":36.0,"key":"LiquidBronze"},{"floor":37.0,"key":"CultistPotion"},{"floor":38.0,"key":"Ancient Potion"},{"floor":39.0,"key":"Strength Potion"},{"floor":41.0,"key":"DistilledChaos"},{"floor":44.0,"key":"FocusPotion"},{"floor":48.0,"key":"EssenceOfSteel"}],"is_trial":false,"path_per_floor":["M","M","?","M","?","E","?","M","T","M","?","M","$","M","R","B",null,"M","?","?","?","$","R","M","R","T","E","M","R","M","$","R","B",null,"M","M","M","?","M","R","M","R","T","?","?","R","T","M","R","B","B"],"character_chosen":"DEFECT","items_purchased":["Potion Belt","Loop","FairyPotion","Tiny Chest"],"campfire_rested":2,"item_purchase_floors":[13,13,22,31],"current_hp_per_floor":[51,42,59,57,46,32,10,6,6,6,29,29,29,29,29,29,61,54,68,47,47,47,47,47,47,47,47,35,56,54,54,54,18,58,54,21,32,16,42,63,43,43,43,43,57,57,57,57,57,25,0,0],"gold":314,"neow_bonus":"BOSS_RELIC","is_daily":false,"chose_seed":false,"campfire_upgraded":5,"win_rate":0.0,"timestamp":1614104699,"path_taken":["M","M","?","M","?","E","?","M","T","M","?","M","$","M","R","BOSS","M","?","?","?","$","R","M","R","T","E","M","R","M","?","R","BOSS","M","M","M","?","M","R","M","R","T","?","?","R","?","M","R","BOSS","BOSS"],"items_purchased_type":["Relic","Card","Potion","Relic"],"build_version":"2020-12-22","purchased_purges":0,"victory":false,"max_hp_per_floor":[71,71,71,71,71,71,71,71,71,71,71,71,71,71,71,71,71,71,71,71,71,71,71,71,71,71,71,71,71,71,71,71,71,71,71,71,71,71,71,71,71,71,71,71,71,71,71,71,71,71,71,71],"card_choices":[{"not_picked":["Leap","White Noise"],"picked":"Heatsinks","floor":1.0},{"not_picked":["Aggregate","Hello World"],"picked":"Hologram","floor":2.0},{"not_picked":["Beam Cell","Barrage"],"picked":"Lockon","floor":4.0},{"not_picked":["Hello World","Darkness"],"picked":"Force Field","floor":6.0},{"not_picked":["Static Discharge","Streamline"],"picked":"Doom and Gloom","floor":7.0},{"not_picked":["Consume","Steam"],"picked":"Chill","floor":8.0},{"not_picked":["Turbo","Coolheaded"],"picked":"Undo","floor":10.0},{"not_picked":["BootSequence","Rebound"],"picked":"Storm","floor":12.0},{"not_picked":["Scrape","Double Energy"],"picked":"Sunder","floor":14.0},{"not_picked":["Creative AI","Rainbow"],"picked":"Thunder Strike","floor":16.0},{"not_picked":["Sweeping Beam","Scrape"],"picked":"Skim","floor":18.0},{"not_picked":["Sweeping Beam","Ball Lightning"],"picked":"Stack+1","floor":24.0},{"not_picked":["Ball Lightning+1","Chaos"],"picked":"Storm","floor":27.0},{"not_picked":["Blizzard","FTL"],"picked":"Tempest","floor":28.0},{"not_picked":["Sweeping Beam","Go for the Eyes"],"picked":"Compile Driver","floor":30.0},{"not_picked":["Meteor Strike","Hyperbeam"],"picked":"Core Surge","floor":33.0},{"not_picked":["Coolheaded","Stack+1"],"picked":"Turbo","floor":35.0},{"not_picked":["Beam Cell","Streamline"],"picked":"Turbo","floor":36.0},{"not_picked":["Sweeping Beam","Barrage","Lockon"],"picked":"SKIP","floor":37.0},{"not_picked":["Heatsinks","Hologram"],"picked":"White Noise+1","floor":39.0},{"not_picked":["Streamline","Turbo"],"picked":"Steam","floor":41.0},{"not_picked":["Coolheaded","Ball Lightning+1"],"picked":"Creative AI","floor":44.0},{"not_picked":["Sweeping Beam","Storm+1"],"picked":"Capacitor","floor":48.0}],"player_experience":1484773,"relics_obtained":[{"floor":6.0,"key":"Nunchaku"},{"floor":7.0,"key":"Shuriken"},{"floor":9.0,"key":"White Beast Statue"},{"floor":20.0,"key":"Necronomicon"},{"floor":26.0,"key":"Bottled Tornado"},{"floor":27.0,"key":"Matryoshka"},{"floor":38.0,"key":"Girya"},{"floor":43.0,"key":"Happy Flower"},{"floor":44.0,"key":"Pocketwatch"},{"floor":47.0,"key":"Pantograph"},{"floor":47.0,"key":"DataDisk"}],"event_choices":[{"damage_healed":17.0,"max_hp_gain":0.0,"max_hp_loss":0.0,"gold_gain":0.0,"event_name":"The Cleric","player_choice":"Healed","floor":3.0,"gold_loss":35.0,"damage_taken":0.0},{"damage_healed":0.0,"max_hp_gain":0.0,"max_hp_loss":0.0,"gold_gain":75.0,"event_name":"World of Goop","player_choice":"Gather Gold","floor":5.0,"gold_loss":0.0,"damage_taken":11.0},{"damage_healed":0.0,"max_hp_gain":0.0,"max_hp_loss":0.0,"gold_gain":30.0,"event_name":"Dead Adventurer","player_choice":"Searched \u00272\u0027 times","floor":7.0,"gold_loss":0.0,"damage_taken":0.0},{"damage_healed":23.0,"max_hp_gain":0.0,"max_hp_loss":0.0,"gold_gain":0.0,"event_name":"Big Fish","player_choice":"Banana","floor":11.0,"gold_loss":0.0,"damage_taken":0.0},{"damage_healed":14.0,"max_hp_gain":0.0,"max_hp_loss":0.0,"gold_gain":0.0,"event_name":"The Library","player_choice":"Heal","floor":19.0,"gold_loss":0.0,"damage_taken":0.0},{"damage_healed":0.0,"max_hp_gain":0.0,"max_hp_loss":0.0,"gold_gain":0.0,"event_name":"Cursed Tome","player_choice":"Obtained Book","floor":20.0,"gold_loss":0.0,"damage_taken":21.0},{"cards_removed":["Scrape"],"damage_healed":0.0,"max_hp_gain":0.0,"max_hp_loss":0.0,"gold_gain":0.0,"event_name":"Beggar","player_choice":"Gave Gold","floor":21.0,"gold_loss":75.0,"damage_taken":0.0},{"damage_healed":0.0,"max_hp_gain":0.0,"max_hp_loss":0.0,"gold_gain":0.0,"event_name":"MindBloom","player_choice":"Fight","floor":38.0,"gold_loss":0.0,"damage_taken":0.0},{"damage_healed":0.0,"max_hp_gain":0.0,"max_hp_loss":0.0,"gold_gain":0.0,"event_name":"Mysterious Sphere","player_choice":"Fight","floor":44.0,"gold_loss":0.0,"damage_taken":0.0},{"damage_healed":14.0,"max_hp_gain":0.0,"max_hp_loss":0.0,"gold_gain":0.0,"event_name":"Winding Halls","player_choice":"Writhe","floor":45.0,"gold_loss":0.0,"damage_taken":0.0,"cards_obtained":["Writhe"]}],"is_beta":false,"boss_relics":[{"not_picked":["Cursed Key","Ectoplasm"],"picked":"Nuclear Battery"},{"not_picked":["Inserter","Black Star"],"picked":"SacredBark"}],"items_purged_floors":[],"is_endless":false,"potions_floor_spawned":[1,2,8,10,12,14,16,18,24,27,28,30,33,35,36,37,38,39,41,44,48],"killed_by":"Awakened One","ascension_level":20}}