{"host":"yassvrowvc2yfwp2","time":1614056630,"event":{"mods":["2.2 Compatiblity","Act Like it!","BaseMod","Better Note","Curses Come First","Dota2Spire","Downfall","HololiveMod","Jorbs\u0027s Wanderer Trilogy","Minty Spire (QoL Compilation)","Prisma Mod","Rare Cards Sparkle","Reimu£®≤©¿ˆ¡È√Œ£©","Replay The Spire","Say the Spire","Spicy Shops","StSLib","The Bug Knight","The Cursed","The Servant 0.9.4"],"gold_per_floor":[66,81,100,111,111,126,126,126,143,161,174,203,203,203,223,321,321,321,341,341,441,526,224,224,251,262,291,291,318,50,77,96,194,194,194,244,263,278,278,278,278,289,361,395,408,156,56,81,91,97],"floor_reached":51,"language":"ZHS","playtime":2579,"items_purged":["Shame"],"score":1590,"play_id":"912bde33-34d6-4e8e-b4b9-7266164fc3e5","local_time":"20210223130350","is_ascension_mode":true,"campfire_choices":[{"data":"Hololive_CallAmaneKanata","floor":1.0,"key":"SMITH"},{"data":"Hololive_FlareMind","floor":13.0,"key":"SMITH"},{"floor":18.0,"key":"DIG"},{"data":"Hololive_FlareMind","floor":28,"key":"SMITH"},{"data":"Hololive_CallHoshimachiSuisei","floor":35,"key":"SMITH"},{"data":"Hololive_ASMR","floor":40,"key":"SMITH"},{"data":"Apotheosis","floor":47,"key":"SMITH"}],"circlet_count":0,"master_deck":["Hololive_Strike","Hololive_Strike","Hololive_Defend","Hololive_Defend","Hololive_StrengthChampion","Hololive_CallFriendA","Hololive_CallMurasakiShion","Hololive_CallShirakamiFubuki","Hololive_CallAmaneKanata+1","Hololive_CallAyundaRisu","Poisoned Strike","Hololive_CallShiroganeNoel","Hololive_CallUsadaPekora","Hololive_CallTokinoSora","Hololive_CallAkaiHaato","Hololive_CallOmaruPolka","Hololive_CallHoshimachiSuisei+1","Hololive_Spy","Hololive_FlareMind+1","Hololive_CallShiroganeNoel","Hololive_FlareMind+1","Hololive_CallYogiri+1","Hololive_CallOzoraSubaru","Hololive_CocoNews+1","Hololive_IdolExercise","Hololive_FlyingPonyTail+1","Hololive_AWSL","Hololive_ManjiGathering","Hololive_MaximGun","expansioncontent:DashGenerateEvil","Hololive_CallMoonaHoshinova","Hololive_Spy","Hololive_ASMR+1","Hololive_Spy+1","Hololive_CallHoushouMarine+1","Hololive_CallMomosuzuNene+2","expansioncontent:Hexaburn","expansioncontent:AwakenDeath","Hololive_StarCraft","Hololive_CallAiraniIofifteen","Hololive_BringToTrial+1","Hololive_CallArtia+1","Apotheosis+1","Hololive_CallOkamiMio","Hololive_FlareMind","Hololive_CallTokoyamiTowa"],"relics":["Hololive_TheStar","Blue Candle","White Beast Statue","Replay:Mystery Machine","Dota2Spire:RefresherOrb","Unceasing Top","Eternal Feather","Hololive_LightStick","Ice Cream","StrikeDummy","Dota2Spire:CrimsonGuard","Replay:Wax Seal","ClockworkSouvenir","Ginger","Bag of Preparation","bronze:MakeshiftBattery","StoneCalendar","Mango","Art of War","Dota2Spire:ArcaneBoots","downfall:HeartBlessingGreen","Durian"],"acts_visited":["Exordium","TheCity","TheBeyond"],"potions_floor_usage":[29,30],"damage_taken":[{"damage":0.0,"enemies":"2 Louse","floor":2.0,"turns":2.0},{"damage":2.0,"enemies":"Jaw Worm","floor":3.0,"turns":2.0},{"damage":0.0,"enemies":"Cultist","floor":4.0,"turns":3.0},{"damage":0.0,"enemies":"Large Slime","floor":6.0,"turns":4.0},{"damage":0.0,"enemies":"3 Louse","floor":9.0,"turns":3.0},{"damage":0.0,"enemies":"2 Fungi Beasts","floor":10.0,"turns":3.0},{"damage":0.0,"enemies":"Blue Slaver","floor":11.0,"turns":3.0},{"damage":0.0,"enemies":"Lagavulin","floor":12.0,"turns":4.0},{"damage":0.0,"enemies":"Looter","floor":15.0,"turns":2.0},{"damage":0.0,"enemies":"DF_ARCHETYPE_STREAMLINE","floor":16.0,"turns":4.0},{"damage":0,"enemies":"3 Byrds","floor":19,"turns":3},{"damage":0,"enemies":"downfall:FleeingMerchant","floor":23,"turns":4},{"damage":0,"enemies":"Book of Stabbing","floor":25,"turns":3},{"damage":0,"enemies":"Shell Parasite","floor":26,"turns":3},{"damage":0,"enemies":"Replay:Snechameleon","floor":27,"turns":3},{"damage":0,"enemies":"Slavers","floor":29,"turns":3},{"damage":0,"enemies":"downfall:FleeingMerchant","floor":30,"turns":4},{"damage":0,"enemies":"Snecko","floor":32,"turns":2},{"damage":0,"enemies":"IC_MUSHROOM_ARCHETYPE","floor":33,"turns":4},{"damage":0,"enemies":"IC_MUSHROOM_ARCHETYPE","floor":36,"turns":4},{"damage":0,"enemies":"Orb Walker","floor":37,"turns":2},{"damage":0,"enemies":"3 Shapes","floor":38,"turns":2},{"damage":0,"enemies":"Transient","floor":42,"turns":5},{"damage":0,"enemies":"HollowMod:StalkingDevout","floor":44,"turns":4},{"damage":0,"enemies":"Maw","floor":45,"turns":4},{"damage":0,"enemies":"R_Hoarder","floor":48,"turns":4},{"damage":0,"enemies":"Writhing Mass","floor":49,"turns":3},{"damage":0,"enemies":"WA_ARCHETYPE_DIVINITY","floor":50,"turns":7}],"seed_played":"-7513394969701662113","potions_obtained":[{"floor":6.0,"key":"LiquidBronze"},{"floor":8.0,"key":"Regen Potion"},{"floor":8.0,"key":"Death Potion"},{"floor":9.0,"key":"SmokeBomb"},{"floor":10.0,"key":"Milkshake"},{"floor":11.0,"key":"Strength Potion"},{"floor":16.0,"key":"Elixir"},{"floor":23,"key":"PowerPotion"},{"floor":29,"key":"Fruit Juice"},{"floor":30,"key":"Adrenaline Potion"},{"floor":37,"key":"Dota2Spire:HealingSalve"}],"is_trial":false,"path_per_floor":["R","M","M","M","?","M","T","?","M","M","M","E","R","?","M","B",null,"R","M","?","?","?","$","T","E","M","E","R","E","$","T","M","B",null,"R","?","M","M","?","R","T","M","?","E","M","$","R","E","M","B",null],"character_chosen":"Hololive_HololiveCharacter","items_purchased":["Eternal Feather","Hololive_LightStick","ClockworkSouvenir","Ginger","expansioncontent:DashGenerateEvil","Hololive_CallMoonaHoshinova","Apotheosis","Hololive_CallOkamiMio"],"campfire_rested":0,"item_purchase_floors":[23,23,30,30,30,30,46,46],"current_hp_per_floor":[23,23,21,21,16,16,16,16,25,25,25,25,25,7,7,7,28,28,28,28,28,18,18,18,18,18,18,33,34,40,40,41,42,44,44,45,46,47,42,47,61,62,38,39,40,40,64,70,71,72],"gold":97,"neow_bonus":"RANDOM_COLORLESS_2","is_daily":false,"chose_seed":false,"campfire_upgraded":6,"win_rate":0.0,"timestamp":1614056630,"path_taken":["R","M","M","M","?","M","T","?","?","M","M","E","R","?","M","BOSS","R","M","?","?","?","$","T","E","M","E","R","E","?","?","M","BOSS","R","?","M","M","?","R","T","M","?","E","M","$","R","E","M","BOSS"],"items_purchased_type":["Relic","Relic","Relic","Relic","Card","Card","Card","Card"],"build_version":"2020-12-22","purchased_purges":1,"victory":true,"max_hp_per_floor":[35,35,35,35,35,35,35,35,35,35,35,35,35,35,35,35,35,35,35,35,35,35,35,35,35,35,35,35,36,42,42,43,44,44,44,45,46,47,47,47,61,62,62,63,64,64,64,70,71,72],"card_choices":[{"not_picked":["Secret Technique","Thinking Ahead"],"picked":"Poisoned Strike","floor":0.0},{"not_picked":["Hololive_CocoNews","Hololive_HuntDinosaur","Hololive_RevenueBasedLive"],"picked":"Hololive_CallShiroganeNoel","floor":2.0},{"not_picked":["Hololive_FlyingPonyTail","Hololive_CocoNews","Hololive_Drill"],"picked":"Hololive_CallUsadaPekora","floor":3.0},{"not_picked":["Hololive_HuntDinosaur","Hololive_FlyingPonyTail","Hololive_Breathe"],"picked":"Hololive_CallTokinoSora","floor":4.0},{"not_picked":["Hololive_BeCareful","Hololive_RevenueBasedLive","Hololive_HuntDinosaur"],"picked":"Hololive_CallAkaiHaato","floor":6.0},{"not_picked":["Hololive_CallShiroganeNoel","Hololive_RevenueBasedLive","Hololive_Trident"],"picked":"Hololive_CallOmaruPolka","floor":9.0},{"not_picked":["Hololive_CallMinatoAqua","Hololive_CocoNews","Hololive_Psychosis"],"picked":"Hololive_CallHoshimachiSuisei","floor":10.0},{"not_picked":["Hololive_HuntDinosaur","Hololive_LuckPotion","Hololive_CallTokinoSora"],"picked":"Hololive_Spy","floor":11.0},{"not_picked":["Hololive_CallAiraniIofifteen","Hololive_Rebound","Hololive_LuckPotion"],"picked":"Hololive_FlareMind","floor":12.0},{"not_picked":["Hololive_HuntDinosaur","Hololive_LuckPotion","Hololive_CocoNews"],"picked":"Hololive_CallShiroganeNoel","floor":15.0},{"not_picked":["Hololive_HighAtkLowDef","Hololive_AWSL","Hololive_ScarfAndHalo"],"picked":"Hololive_FlareMind","floor":16.0},{"not_picked":["Hololive_CallAkiRosenthal+1","Hololive_Rebound+1","Hololive_StrengthChampion"],"picked":"Hololive_CallYogiri+1","floor":19},{"not_picked":["Hololive_SoulCatcher","Hololive_Psychosis","Hololive_StrengthChampion"],"picked":"Hololive_CocoNews+1","floor":23},{"not_picked":["Hololive_CallManoAloe","Hololive_CocoNews","Hololive_Breathe+1"],"picked":"Hololive_IdolExercise","floor":25},{"not_picked":["Hololive_LuckPotion","Hololive_Breathe","Hololive_Psychosis"],"picked":"Hololive_FlyingPonyTail+1","floor":26},{"not_picked":["Hololive_RevenueBasedLive","Hololive_CocoNews+1","Hololive_Trident"],"picked":"Hololive_AWSL","floor":27},{"not_picked":["Hololive_Sequa","Hololive_Rebound","Hololive_Trident"],"picked":"Hololive_ManjiGathering","floor":29},{"not_picked":["Hololive_Drill+1","Hololive_SoulCatcher","Hololive_CallOzoraSubaru"],"picked":"Hololive_MaximGun","floor":30},{"not_picked":["Hololive_Rebound","Hololive_StrengthChampion","Hololive_OvertimeWork"],"picked":"Hololive_Spy","floor":32},{"not_picked":["Hololive_OpenUp","Hololive_BeCareful","Hololive_ScarfAndHalo"],"picked":"Hololive_ASMR","floor":33},{"not_picked":["Hololive_CocoNews","Hololive_Rebound","Hololive_Sequa"],"picked":"Hololive_Spy+1","floor":36},{"not_picked":["Hololive_Psychosis","Hololive_CallHoshimachiSuisei","Hololive_CallOzoraSubaru+1"],"picked":"Hololive_CallHoushouMarine+1","floor":37},{"not_picked":["Hololive_Psychosis","Hololive_Drill","Hololive_HuntDinosaur+1"],"picked":"Hololive_CallMomosuzuNene","floor":38},{"not_picked":["expansioncontent:YouAreMine","expansioncontent:HyperBeam"],"picked":"expansioncontent:Hexaburn","floor":39},{"not_picked":["expansioncontent:Chronoboost","Replay:SS_fish_1"],"picked":"expansioncontent:AwakenDeath","floor":39},{"not_picked":["Hololive_StrengthChampion+1","Hololive_OvertimeWork","Hololive_Drill+1"],"picked":"Hololive_StarCraft","floor":42},{"not_picked":["Hololive_RevenueBasedLive+1","Hololive_CocoNews","Hololive_Psychosis+1"],"picked":"Hololive_CallAiraniIofifteen","floor":43},{"not_picked":["Hololive_RevenueBasedLive","Hololive_StrengthChampion","Hololive_CandyCastle"],"picked":"Hololive_BringToTrial+1","floor":44},{"not_picked":["Hololive_ManjiGathering+1","Hololive_FlyingPonyTail+1","Hololive_OvertimeWork"],"picked":"Hololive_CallArtia+1","floor":45},{"not_picked":["Hololive_CallTokoyamiTowa+1","Hololive_CallShiranuiFlare+1","Hololive_CocoNews"],"picked":"Hololive_FlareMind","floor":48},{"not_picked":["Hololive_SummonFox+1","Hololive_FlyingPonyTail+1","Hololive_Trident"],"picked":"Hololive_CallTokoyamiTowa","floor":49}],"player_experience":2194158,"relics_obtained":[{"floor":7.0,"key":"White Beast Statue"},{"floor":12.0,"key":"Replay:Mystery Machine"},{"floor":18.0,"key":"Unceasing Top"},{"floor":24,"key":"Ice Cream"},{"floor":25,"key":"StrikeDummy"},{"floor":27,"key":"Dota2Spire:CrimsonGuard"},{"floor":29,"key":"Replay:Wax Seal"},{"floor":31,"key":"Bag of Preparation"},{"floor":36,"key":"StoneCalendar"},{"floor":41,"key":"Mango"},{"floor":43,"key":"Art of War"},{"floor":44,"key":"Dota2Spire:ArcaneBoots"},{"floor":48,"key":"Durian"}],"event_choices":[{"damage_healed":0.0,"max_hp_gain":0.0,"max_hp_loss":0.0,"gold_gain":0.0,"event_name":"Lab","player_choice":"Got Potions","floor":8.0,"gold_loss":0.0,"damage_taken":0.0},{"damage_healed":0.0,"max_hp_gain":0.0,"max_hp_loss":0.0,"gold_gain":0.0,"event_name":"Scrap Ooze","player_choice":"Fled","floor":14.0,"gold_loss":0.0,"damage_taken":18.0},{"damage_healed":0,"gold_gain":0,"player_choice":"Read","damage_taken":0,"max_hp_gain":0,"max_hp_loss":0,"event_name":"The Library","floor":20,"gold_loss":0,"cards_obtained":["Hololive_CallOzoraSubaru"]}],"is_beta":false,"boss_relics":[{"not_picked":["Snecko Heart","Runic Pyramid"],"picked":"Dota2Spire:RefresherOrb"},{"not_picked":["Replay:Wanted Poster","Snecko Eye"],"picked":"bronze:MakeshiftBattery"}],"items_purged_floors":[30],"is_endless":false,"potions_floor_spawned":[6,9,10,11,12,15,16,19,23,25,26,27,29,30,32,33,36,37,38,42,44,45,48,49],"ascension_level":7}}