{"host":"1mv6gj0zv8k9e9tz","time":1614072329,"event":{"mods":["AchievementEnabler","BaseMod","Better Third Choice","Colored Map","DeckTracker","Highlight Path","KOR Keyword Fix","Keyboard Shortcuts","Minty Spire (QoL Compilation)","Permanent Neow","Quick Restart","Rare Cards Sparkle","StSLib","SuperFastMode","everything is the same but u backflip on backflip"],"gold_per_floor":[114,129,179,196,271,271,284,284,284],"floor_reached":8,"language":"KOR","playtime":109,"items_purged":[],"score":94,"play_id":"b1ed0504-1905-4e1a-b193-61f18a39bb3f","local_time":"20210223182529","is_ascension_mode":true,"campfire_choices":[{"data":"Zap","floor":6,"key":"SMITH"}],"circlet_count":0,"master_deck":["AscendersBane","Strike_B","Strike_B","Strike_B","Strike_B","Defend_B","Defend_B","Defend_B","Defend_B","Zap+1","Dualcast","Sweeping Beam","Conserve Battery","Cold Snap","Coolheaded"],"relics":["Velvet Choker"],"acts_visited":["Exordium"],"potions_floor_usage":[],"damage_taken":[{"damage":7.0,"enemies":"Jaw Worm","floor":1.0,"turns":3.0},{"damage":1.0,"enemies":"Cultist","floor":2.0,"turns":4.0},{"damage":8,"enemies":"2 Louse","floor":4,"turns":3},{"damage":4,"enemies":"Blue Slaver","floor":7,"turns":4},{"damage":41,"enemies":"Gremlin Nob","floor":8,"turns":3}],"seed_played":"-1021720110903566860","potions_obtained":[],"is_trial":false,"path_per_floor":["M","M","?","M","?","R","M","E"],"character_chosen":"DEFECT","items_purchased":[],"campfire_rested":0,"item_purchase_floors":[],"current_hp_per_floor":[57,56,56,48,37,37,33,0,0],"gold":284,"neow_bonus":"BOSS_RELIC","is_daily":false,"chose_seed":false,"campfire_upgraded":1,"win_rate":0.0,"timestamp":1614072329,"path_taken":["M","M","?","?","?","R","M","E"],"items_purchased_type":[],"build_version":"2020-12-22","purchased_purges":0,"victory":false,"max_hp_per_floor":[71,71,71,71,71,71,71,71,71],"card_choices":[{"not_picked":["Steam","Leap"],"picked":"Sweeping Beam","floor":1.0},{"not_picked":["Turbo","Beam Cell"],"picked":"Conserve Battery","floor":2.0},{"not_picked":["Reprogram","Sweeping Beam"],"picked":"Cold Snap","floor":4},{"not_picked":["Loop","Hyperbeam"],"picked":"Coolheaded","floor":7}],"player_experience":658711,"relics_obtained":[],"event_choices":[{"damage_healed":0.0,"max_hp_gain":0.0,"max_hp_loss":0.0,"gold_gain":50.0,"event_name":"Golden Shrine","player_choice":"Pray","floor":3.0,"gold_loss":0.0,"damage_taken":0.0},{"damage_healed":0,"gold_gain":75,"player_choice":"Gold","damage_taken":11,"max_hp_gain":0,"max_hp_loss":0,"event_name":"betterThird:BetterGoop","floor":5,"gold_loss":0}],"is_beta":false,"boss_relics":[],"items_purged_floors":[],"is_endless":false,"potions_floor_spawned":[],"killed_by":"Gremlin Nob","ascension_level":19}}