{"host":"9slw7l0ws16384qq","time":1614097646,"event":{"mods":["A Penny For Your Troubles","BaseMod","Colored Map","Downfall","Evolution","Hubris","Minty Spire (QoL Compilation)","Replay The Spire","StS++","StSLib"],"gold_per_floor":[199,199,199,199,299,299,326,326,326,344,358,179,197,217,231,231,231,231],"floor_reached":16,"language":"FRA","playtime":464,"items_purged":["downfall:Icky"],"score":187,"play_id":"a4f922c5-c2b1-4e8c-bdd5-024a927f376d","local_time":"20210223172726","is_ascension_mode":true,"campfire_choices":[{"floor":9.0,"key":"RECALL"}],"circlet_count":0,"master_deck":["AscendersBane","Guardian:PrimingBeam+1","Guardian:PrimingBeam","Guardian:PrimingBeam","Guardian:PrimingBeam","Guardian:Defend_Guardian","Guardian:Defend_Guardian","Guardian:Defend_Guardian","Guardian:Defend_Guardian+1","Guardian:CurlUp+1","Guardian:TwinSlam","Guardian:PrimingBeam","Guardian:Gem_Blue","Guardian:SentryBeam"],"relics":["Guardian:ModeShifter","EVO:Axolotl","downfall:HeartsMalice","War Paint","downfall:ShatteredFragment"],"acts_visited":["Exordium"],"potions_floor_usage":[16,16],"damage_taken":[{"damage":0.0,"enemies":"Small Slimes","floor":2.0,"turns":1.0},{"damage":0.0,"enemies":"2 Louse","floor":3.0,"turns":1.0},{"damage":0.0,"enemies":"Jaw Worm","floor":6.0,"turns":1.0},{"damage":7.0,"enemies":"downfall:LooterAlt","floor":10.0,"turns":3.0},{"damage":0.0,"enemies":"Exordium Wildlife","floor":11.0,"turns":4.0},{"damage":5,"enemies":"downfall:FleeingMerchant","floor":12,"turns":4},{"damage":5,"enemies":"Large Slime","floor":13,"turns":6},{"damage":5,"enemies":"2 Fungi Beasts","floor":14,"turns":4},{"damage":0,"enemies":"Blue Slaver","floor":15,"turns":3},{"damage":38,"enemies":"DF_ARCHETYPE_STREAMLINE","floor":16,"turns":9}],"seed_played":"-3220581308031575509","potions_obtained":[{"floor":10.0,"key":"BlessingOfTheForge"},{"floor":14,"key":"Swift Potion"}],"is_trial":false,"path_per_floor":["R_BF","M","M","?","?","M","T","?","R","M","M","$","M","M","M","B"],"character_chosen":"GUARDIAN","items_purchased":["Guardian:Gem_Blue"],"campfire_rested":0,"item_purchase_floors":[12],"current_hp_per_floor":[65,65,65,65,65,65,65,41,41,34,34,29,24,19,19,0,0,0],"gold":231,"neow_bonus":"THREE_ENEMY_KILL","is_daily":false,"chose_seed":false,"campfire_upgraded":0,"win_rate":0.0,"timestamp":1614097646,"path_taken":["R_BF","M","M","?","?","M","T","?","R","M","M","?","M","M","M","BOSS"],"items_purchased_type":["Card"],"build_version":"2020-12-22","purchased_purges":1,"victory":false,"max_hp_per_floor":[72,72,72,72,72,72,72,72,72,72,72,72,72,72,72,72,72,72],"card_choices":[{"not_picked":["Guardian:CrystalBeam","Guardian:TemporalStrike"],"picked":"Guardian:PrimingBeam","floor":2.0},{"not_picked":["Guardian:Emergency","Guardian:BronzeOrb","Guardian:Preprogram"],"picked":"SKIP","floor":3.0},{"not_picked":["Guardian:RollAttack","Guardian:RefractedBeam","Guardian:Harden"],"picked":"SKIP","floor":6.0},{"not_picked":["Guardian:ChargeCore","Guardian:VentSteam","Guardian:CrystalBeam"],"picked":"SKIP","floor":10.0},{"not_picked":["Guardian:TimeCapacitor","Guardian:WalkerClaw","Guardian:CrystalBeam"],"picked":"SKIP","floor":11.0},{"not_picked":["Guardian:CrystalBeam","Guardian:Gem_Red","Guardian:Clone"],"picked":"SKIP","floor":12},{"not_picked":["Guardian:BronzeArmor","Guardian:TemporalShield","Guardian:Harden"],"picked":"SKIP","floor":13},{"not_picked":["Guardian:TemporalShield","Guardian:DecasProtection","Guardian:VentSteam"],"picked":"SKIP","floor":14},{"not_picked":["Guardian:SphericShield","Guardian:PrimingBeam"],"picked":"Guardian:SentryBeam","floor":15}],"player_experience":1725527,"relics_obtained":[{"floor":7.0,"key":"War Paint"}],"event_choices":[],"is_beta":false,"boss_relics":[],"items_purged_floors":[12],"is_endless":false,"potions_floor_spawned":[10,14],"killed_by":"DF_ARCHETYPE_STREAMLINE","ascension_level":16}}