{"host":"mp4nw1ahnxiisuiw","time":1614120954,"event":{"mods":["AchievementEnabler","BaseMod","Better Note","Block Reminder","Colored Map","Colored Powertips","Curses Come First","DeckTracker","Dio Mod","Hero for Fun","Highlight Path","Koishi","Marisa????????","Minty Spire (QoL Compilation)","Permanent Neow","Quick Restart","Rare Cards Sparkle","Relic Sorter","Relic Stats","Remilia??????","Small Relic Pack","Spikes Relics","StSLib","Td1madao Mod","The Animator","The Bug Knight","Waifu the Spire"],"gold_per_floor":[175,188,111,141,23,23,23],"floor_reached":6,"language":"ENG","playtime":391,"items_purged":[],"score":36,"play_id":"79d78f52-f6e9-4c12-a176-b61e81e9b7bf","local_time":"20210223235554","is_ascension_mode":false,"campfire_choices":[],"circlet_count":0,"master_deck":["animator:Strike_Konosuba","animator:Defend_Konosuba","animator:Strike","animator:Strike","animator:Strike","animator:Defend","animator:Defend+1","animator:Defend","animator:Kazuma","animator:Aqua","animator:KyokoSakura","animator:Emonzaemon","animator:Melzalgald","animator:Hitei","animator:Mitsurugi","animator:Darkness","animator:Shimakaze"],"relics":["animator:TheMissingPiece","Tiny House"],"acts_visited":["Exordium"],"potions_floor_usage":[],"damage_taken":[{"damage":0,"enemies":"Cultist","floor":1,"turns":4},{"damage":0,"enemies":"2 Louse","floor":2,"turns":3},{"damage":0,"enemies":"Small Slimes","floor":4,"turns":4},{"damage":32,"enemies":"Lagavulin","floor":6,"turns":9}],"seed_played":"7743238147702689742","potions_obtained":[{"floor":0,"key":"Dexterity Potion"},{"floor":2,"key":"FearPotion"}],"is_trial":false,"path_per_floor":["M","M","$","M","$","E"],"character_chosen":"THE_ANIMATOR","items_purchased":["animator:Hitei","animator:Darkness","animator:Shimakaze"],"campfire_rested":0,"item_purchase_floors":[3,5,5],"current_hp_per_floor":[71,71,71,71,71,41,41],"gold":23,"neow_bonus":"BOSS_RELIC","is_daily":false,"chose_seed":false,"campfire_upgraded":0,"win_rate":0.0,"timestamp":1614120954,"path_taken":["M","M","$","M","$","E"],"items_purchased_type":["Card","Card","Card"],"build_version":"2020-12-22","purchased_purges":0,"victory":false,"max_hp_per_floor":[71,71,71,71,71,71,71],"relic_stats":{"counters":[4,20],"obtain_stats":[{"Tiny House":0,"animator:TheMissingPiece":0,"animator:LivingPicture":0},{"Tiny House":0,"animator:TheMissingPiece":0,"animator:LivingPicture":0},{"Tiny House":0,"animator:TheMissingPiece":0,"animator:LivingPicture":0}]},"card_choices":[{"not_picked":["animator:YunYun","animator:YuiTsuruno"],"picked":"animator:KyokoSakura","floor":0},{"not_picked":["animator:MumenRider","animator:KrulTepes"],"picked":"animator:Emonzaemon","floor":1},{"not_picked":["animator:Shigure","animator:Layla"],"picked":"animator:Melzalgald","floor":2},{"not_picked":["animator:Yoichi","animator:Layla"],"picked":"animator:Mitsurugi","floor":4}],"player_experience":118024,"relics_obtained":[],"event_choices":[],"is_beta":false,"boss_relics":[],"items_purged_floors":[],"is_endless":false,"potions_floor_spawned":[2],"killed_by":"Lagavulin","ascension_level":0}}