{"host":"pirkuvwza0ghvq8i","time":1614050762,"event":{"mods":["Aspiration","BaseMod","Colored Map","Colored Powertips","DeckTracker","Highlight Path","Hubris","Infinite Spire","Minty Spire (QoL Compilation)","Quick Restart","Random Character Button","Relic Sorter","Replay The Spire","StSLib","Synergy Search","The Cursed","The Disciple","The Jungle","The Runesmith"],"gold_per_floor":[119,135,85,10,21,70,70,70,97,116,116,116,116],"floor_reached":12,"language":"ENG","playtime":742,"items_purged":["Strike_G"],"score":78,"play_id":"8fe3c7f1-66f6-474b-8017-c6197a87ab27","local_time":"20210222192602","is_ascension_mode":false,"campfire_choices":[{"data":"Catalyst","floor":7,"key":"SMITH"},{"floor":11,"key":"REST"}],"circlet_count":0,"master_deck":["Strike_G","Strike_G","Strike_G","Defend_G","Defend_G","Defend_G","Defend_G","Defend_G","Survivor","Neutralize","Deadly Poison","Accuracy","All Out Attack","Catalyst+1","infinitespire:Execution","Burst","Leg Sweep"],"relics":["Ring of the Snake","NeowsBlessing","Dream Catcher"],"acts_visited":["Exordium"],"potions_floor_usage":[6,12],"damage_taken":[{"damage":0,"enemies":"Cultist","floor":1,"turns":1},{"damage":0,"enemies":"2 Louse","floor":2,"turns":1},{"damage":0,"enemies":"Jaw Worm","floor":5,"turns":1},{"damage":20,"enemies":"Gremlin Nob","floor":6,"turns":5},{"damage":5,"enemies":"Looter","floor":10,"turns":2},{"damage":13,"enemies":"3 Sentries","floor":12,"turns":4}],"seed_played":"-3179779984874503550","potions_obtained":[{"floor":2,"key":"ColorlessPotion"},{"floor":6,"key":"SpeedPotion"},{"floor":10,"key":"Venom Potion"}],"is_trial":false,"path_per_floor":["M","M","?","$","M","E","R","?","T","M","R","E"],"character_chosen":"THE_SILENT","items_purchased":[],"campfire_rested":1,"item_purchase_floors":[],"current_hp_per_floor":[70,70,70,70,70,50,50,33,33,28,49,36,36],"gold":116,"neow_bonus":"THREE_ENEMY_KILL","is_daily":false,"chose_seed":false,"campfire_upgraded":1,"win_rate":0.0,"timestamp":1614050762,"path_taken":["M","?","?","$","M","E","R","?","T","M","R","E"],"items_purchased_type":[],"build_version":"2020-12-22","purchased_purges":1,"victory":false,"max_hp_per_floor":[70,70,70,70,70,70,70,70,70,70,70,70,70],"card_choices":[{"not_picked":["Blade Dance","Bane"],"picked":"Deadly Poison","floor":1},{"not_picked":["Cloak And Dagger","hubris:SlightOfHand"],"picked":"Accuracy","floor":2},{"not_picked":["ReplayTheSpireMod:Tripwire","Dagger Spray"],"picked":"All Out Attack","floor":5},{"not_picked":["Footwork","Deflect"],"picked":"Catalyst","floor":6},{"not_picked":["infinitespire:NeuralNetwork","hubris:Rewind"],"picked":"infinitespire:Execution","floor":8},{"not_picked":["Blade Dance","Dagger Spray"],"picked":"Burst","floor":10},{"not_picked":["Outmaneuver","Underhanded Strike"],"picked":"Leg Sweep","floor":11}],"player_experience":101234,"relics_obtained":[{"floor":9,"key":"Dream Catcher"}],"event_choices":[{"cards_removed":["Strike_G"],"damage_healed":0,"gold_gain":0,"player_choice":"Card Removal","damage_taken":0,"max_hp_gain":0,"max_hp_loss":0,"event_name":"The Cleric","floor":3,"gold_loss":50}],"is_beta":false,"boss_relics":[],"items_purged_floors":[4],"is_endless":false,"potions_floor_spawned":[2,6,10],"killed_by":"3 Sentries","ascension_level":0}}