{"host":"jt67skv49snb75sm","time":1614122872,"event":{"mods":["BaseMod","Bestiary","Minty Spire (QoL Compilation)","Relic Stats"],"gold_per_floor":[116,127,127,10,27,27,27,40,65,83,112,112,141,202,202,276,276,289,339,353,365,415,415,446,92,137,187,205,205,39,135,135,218,218,245,295,30,101,121,160,210,210,236,236,295,319,378,406,406,406,406,406,406,6,40,40,40],"floor_reached":56,"language":"ENG","playtime":3037,"items_purged":["Strike_B","Strike_B"],"score":2116,"play_id":"118c0179-11f6-4716-aa4a-53313b93895d","local_time":"20210224002752","is_ascension_mode":true,"campfire_choices":[{"data":"Ball Lightning","floor":6.0,"key":"SMITH"},{"data":"Buffer","floor":15.0,"key":"SMITH"},{"data":"Defragment","floor":23.0,"key":"SMITH"},{"floor":29.0,"key":"REST"},{"floor":32.0,"key":"REST"},{"data":"Storm","floor":42.0,"key":"SMITH"},{"data":"Biased Cognition","floor":44.0,"key":"SMITH"},{"floor":49.0,"key":"RECALL"},{"data":"Chill","floor":53.0,"key":"SMITH"}],"circlet_count":0,"master_deck":["AscendersBane","Defend_B+1","Defend_B+1","Defend_B+1","Defend_B+1","Zap","Loop","Ball Lightning","Auto Shields","FTL","Ball Lightning+1","Lockon","Coolheaded","Defragment+1","Compile Driver","Buffer+1","Hyperbeam","Aggregate","Biased Cognition+1","Skim","Sweeping Beam+1","Heatsinks","Conserve Battery","Skim","Machine Learning","Chill+1","Capacitor+1","Storm+1","Mind Blast","Steam Power+1","Biased Cognition+1"],"relics":["Cracked Core","Centennial Puzzle","Pen Nib","Anchor","SsserpentHead","Strawberry","Snecko Eye","Bottled Flame","OrangePellets","CeramicFish","Blood Vial","Omamori","Inserter","DataDisk","Mummified Hand","PreservedInsect","Prayer Wheel","Bottled Tornado","Vajra"],"acts_visited":["Exordium","TheCity","TheBeyond","TheEnding"],"potions_floor_usage":[56,56],"damage_taken":[{"damage":0.0,"enemies":"2 Louse","floor":1.0,"turns":2.0},{"damage":1.0,"enemies":"Cultist","floor":2.0,"turns":4.0},{"damage":7.0,"enemies":"Jaw Worm","floor":5.0,"turns":3.0},{"damage":0.0,"enemies":"Exordium Thugs","floor":8.0,"turns":4.0},{"damage":0.0,"enemies":"Looter","floor":10.0,"turns":2.0},{"damage":24.0,"enemies":"3 Sentries","floor":11.0,"turns":6.0},{"damage":0.0,"enemies":"Gremlin Nob","floor":13.0,"turns":3.0},{"damage":0.0,"enemies":"Red Slaver","floor":14.0,"turns":2.0},{"damage":0.0,"enemies":"Slime Boss","floor":16.0,"turns":8.0},{"damage":0.0,"enemies":"3 Byrds","floor":18.0,"turns":4.0},{"damage":4.0,"enemies":"Spheric Guardian","floor":20.0,"turns":5.0},{"damage":0.0,"enemies":"3 Cultists","floor":21.0,"turns":4.0},{"damage":0.0,"enemies":"Slavers","floor":24.0,"turns":4.0},{"damage":46.0,"enemies":"Shelled Parasite and Fungi","floor":28.0,"turns":6.0},{"damage":6.0,"enemies":"Automaton","floor":33.0,"turns":12.0},{"damage":5.0,"enemies":"Orb Walker","floor":35.0,"turns":4.0},{"damage":0.0,"enemies":"3 Darklings","floor":38.0,"turns":3.0},{"damage":11.0,"enemies":"Maw","floor":39.0,"turns":7.0},{"damage":14.0,"enemies":"Nemesis","floor":40.0,"turns":7.0},{"damage":0.0,"enemies":"Spire Growth","floor":46.0,"turns":3.0},{"damage":0.0,"enemies":"Reptomancer","floor":48.0,"turns":4.0},{"damage":32.0,"enemies":"Awakened One","floor":50.0,"turns":6.0},{"damage":14.0,"enemies":"Time Eater","floor":51.0,"turns":6.0},{"damage":6.0,"enemies":"Shield and Spear","floor":55.0,"turns":3.0},{"damage":72,"enemies":"The Heart","floor":56,"turns":6}],"seed_played":"-7037150025572386736","potions_obtained":[{"floor":1.0,"key":"FairyPotion"},{"floor":7.0,"key":"Swift Potion"},{"floor":7.0,"key":"Fire Potion"},{"floor":11.0,"key":"DistilledChaos"},{"floor":13.0,"key":"Strength Potion"},{"floor":14.0,"key":"Regen Potion"},{"floor":21.0,"key":"DistilledChaos"},{"floor":33.0,"key":"SteroidPotion"},{"floor":35.0,"key":"ColorlessPotion"},{"floor":48.0,"key":"SteroidPotion"},{"floor":55.0,"key":"Swift Potion"}],"is_trial":false,"path_per_floor":["M","M","?","$","M","R","?","M","T","M","E","?","E","M","R","B",null,"M","?","M","M","?","R","E","$","T","?","M","R","$","T","R","B",null,"M","T","$","M","M","E","?","R","T","R","?","M","?","E","R","B","B",null,"R","$","E","B"],"character_chosen":"DEFECT","items_purchased":["FTL","OrangePellets","Skim","Blood Vial","Mummified Hand","Bottled Tornado","PowerPotion","Regen Potion"],"campfire_rested":2,"item_purchase_floors":[4,25,25,30,37,54,54,54],"current_hp_per_floor":[64,63,63,63,56,56,56,56,56,56,32,32,39,39,39,39,68,68,68,64,73,51,51,51,51,51,51,5,29,29,29,53,49,75,72,72,72,74,65,53,53,53,53,53,53,55,55,57,57,27,15,66,66,66,67,0,0],"gold":40,"neow_bonus":"RANDOM_COMMON_RELIC","is_daily":false,"chose_seed":false,"campfire_upgraded":6,"win_rate":0.0,"timestamp":1614122872,"path_taken":["M","M","?","?","M","R","?","?","T","M","E","?","E","?","R","BOSS","M","?","M","M","?","R","E","$","T","?","M","R","$","?","R","BOSS","M","?","$","?","M","E","?","R","T","R","?","M","?","E","R","BOSS","BOSS","R","$","E","BOSS"],"items_purchased_type":["Card","Relic","Card","Relic","Relic","Relic","Potion","Potion"],"build_version":"2020-12-22","purchased_purges":2,"victory":false,"max_hp_per_floor":[71,71,71,71,71,71,71,71,71,71,71,71,78,78,78,78,78,78,78,78,78,83,83,83,83,83,83,83,83,83,83,83,83,83,83,83,83,83,83,83,83,83,83,83,83,83,83,83,83,83,83,83,83,83,83,83,83],"relic_stats":{"Inserter":[24],"counters":[25,118],"CeramicFish":63,"Pen Nib":[16],"PreservedInsect":138,"Blood Vial":22,"SsserpentHead":500,"OrangePellets":[34],"Centennial Puzzle":[39],"Mummified Hand":[92],"Snecko Eye":[68,71,68,56],"Prayer Wheel":0,"obtain_stats":[{"Inserter":34,"CeramicFish":26,"Vajra":55,"Pen Nib":9,"PreservedInsect":40,"Omamori":31,"Bottled Tornado":54,"Blood Vial":30,"SsserpentHead":12,"OrangePellets":25,"Centennial Puzzle":0,"Anchor":11,"Bottled Flame":24,"DataDisk":36,"Mummified Hand":37,"Strawberry":13,"Snecko Eye":17,"Prayer Wheel":48,"Cracked Core":0},{"Inserter":15,"CeramicFish":13,"Vajra":24,"Pen Nib":4,"PreservedInsect":19,"Omamori":14,"Bottled Tornado":23,"Blood Vial":14,"SsserpentHead":6,"OrangePellets":13,"Centennial Puzzle":0,"Anchor":6,"Bottled Flame":13,"DataDisk":16,"Mummified Hand":16,"Strawberry":7,"Snecko Eye":9,"Prayer Wheel":21,"Cracked Core":0},{"Inserter":69,"CeramicFish":51,"Vajra":112,"Pen Nib":13,"PreservedInsect":90,"Omamori":57,"Bottled Tornado":109,"Blood Vial":57,"SsserpentHead":21,"OrangePellets":51,"Centennial Puzzle":0,"Anchor":21,"Bottled Flame":51,"DataDisk":73,"Mummified Hand":73,"Strawberry":24,"Snecko Eye":34,"Prayer Wheel":97,"Cracked Core":0}]},"card_choices":[{"not_picked":["Steam","White Noise"],"picked":"Loop","floor":1.0},{"not_picked":["Go for the Eyes","Stack"],"picked":"Ball Lightning","floor":2.0},{"not_picked":["Go for the Eyes","Beam Cell"],"picked":"Ball Lightning","floor":5.0},{"not_picked":["Rebound","Redo"],"picked":"Lockon","floor":8.0},{"not_picked":["Hologram","Rip and Tear"],"picked":"Coolheaded","floor":10.0},{"not_picked":["Hyperbeam","Rip and Tear"],"picked":"Defragment","floor":11.0},{"not_picked":["Streamline","Steam"],"picked":"Compile Driver","floor":13.0},{"not_picked":["Rebound","Conserve Battery"],"picked":"Buffer","floor":14.0},{"not_picked":["Multi-Cast","Reboot"],"picked":"Hyperbeam","floor":16.0},{"not_picked":["Coolheaded","Gash"],"picked":"Aggregate","floor":18.0},{"not_picked":["BootSequence+1","Darkness"],"picked":"Sweeping Beam+1","floor":20.0},{"not_picked":["Coolheaded","Chill"],"picked":"Heatsinks","floor":21.0},{"not_picked":["Redo","Loop"],"picked":"Conserve Battery","floor":24.0},{"not_picked":["Force Field","Blizzard","Aggregate"],"picked":"SKIP","floor":28.0},{"not_picked":["Thunder Strike","All For One"],"picked":"Machine Learning","floor":33.0},{"not_picked":["Compile Driver","Darkness"],"picked":"Chill","floor":35.0},{"not_picked":["Gash","Fusion"],"picked":"Capacitor+1","floor":38.0},{"not_picked":["Redo","Rebound","Go for the Eyes"],"picked":"SKIP","floor":39.0},{"not_picked":["Rebound","Sunder"],"picked":"Storm","floor":40.0},{"not_picked":["Dramatic Entrance","Finesse"],"picked":"Mind Blast","floor":45.0},{"not_picked":["Conserve Battery","Sweeping Beam"],"picked":"Steam Power+1","floor":46.0},{"not_picked":["Go for the Eyes","FTL","Sweeping Beam"],"picked":"SKIP","floor":48.0},{"not_picked":["Gash","Conserve Battery+1","Lockon"],"picked":"SKIP","floor":55.0}],"player_experience":888457,"relics_obtained":[{"floor":9.0,"key":"Pen Nib"},{"floor":11.0,"key":"Anchor"},{"floor":13.0,"key":"Strawberry"},{"floor":24.0,"key":"Bottled Flame"},{"floor":26.0,"key":"CeramicFish"},{"floor":31.0,"key":"Omamori"},{"floor":36.0,"key":"DataDisk"},{"floor":40.0,"key":"PreservedInsect"},{"floor":48.0,"key":"Prayer Wheel"},{"floor":55.0,"key":"Vajra"}],"event_choices":[{"damage_healed":0.0,"max_hp_gain":0.0,"max_hp_loss":0.0,"gold_gain":0.0,"event_name":"Match and Keep!","player_choice":"1 cards matched","floor":3.0,"gold_loss":0.0,"damage_taken":0.0,"cards_obtained":["Auto Shields"]},{"damage_healed":0.0,"max_hp_gain":0.0,"max_hp_loss":0.0,"gold_gain":0.0,"event_name":"Lab","player_choice":"Got Potions","floor":7.0,"gold_loss":0.0,"damage_taken":0.0},{"damage_healed":0.0,"max_hp_gain":0.0,"max_hp_loss":0.0,"gold_gain":0.0,"event_name":"FaceTrader","player_choice":"Trade","floor":12.0,"gold_loss":0.0,"damage_taken":0.0,"relics_obtained":["SsserpentHead"]},{"damage_healed":0.0,"max_hp_gain":0.0,"max_hp_loss":0.0,"gold_gain":0.0,"cards_transformed":["Strike_B","Strike_B"],"event_name":"Drug Dealer","player_choice":"Became Test Subject","floor":19.0,"gold_loss":0.0,"damage_taken":0.0,"cards_obtained":["Biased Cognition","Skim"]},{"damage_healed":0.0,"max_hp_gain":5.0,"max_hp_loss":0.0,"gold_gain":0.0,"event_name":"Forgotten Altar","player_choice":"Shed Blood","floor":22.0,"gold_loss":0.0,"damage_taken":27.0},{"damage_healed":0.0,"max_hp_gain":0.0,"max_hp_loss":0.0,"gold_gain":0.0,"event_name":"Back to Basics","player_choice":"Simplicity","floor":27.0,"gold_loss":0.0,"damage_taken":0.0,"cards_upgraded":["Defend_B","Defend_B","Defend_B","Defend_B"]},{"cards_removed":["Dualcast"],"damage_healed":0.0,"max_hp_gain":0.0,"max_hp_loss":0.0,"gold_gain":0.0,"event_name":"Falling","player_choice":"Removed Skill","floor":41.0,"gold_loss":0.0,"damage_taken":0.0},{"damage_healed":0.0,"max_hp_gain":0.0,"max_hp_loss":0.0,"gold_gain":0.0,"event_name":"SensoryStone","player_choice":"Memory 1","floor":45.0,"gold_loss":0.0,"damage_taken":0.0},{"damage_healed":0.0,"max_hp_gain":0.0,"max_hp_loss":0.0,"gold_gain":0.0,"event_name":"Duplicator","player_choice":"Copied","floor":47.0,"gold_loss":0.0,"damage_taken":0.0,"cards_obtained":["Biased Cognition"]}],"is_beta":false,"boss_relics":[{"not_picked":["Sozu","Busted Crown"],"picked":"Snecko Eye"},{"not_picked":["SlaversCollar","Fusion Hammer"],"picked":"Inserter"}],"items_purged_floors":[4,25],"is_endless":false,"potions_floor_spawned":[1,11,13,14,16,18,21,33,35,39,40,48,55],"killed_by":"The Heart","ascension_level":20}}