{"host":"hyzmf9jejtktdcwr","time":1614091248,"event":{"mods":["100% Spire Juice","ATMod(°¢èªMod)","Act Like it!","Arknights","Aspiration","BaseMod","Dota2Spire","Hermit","Luminous","Minty Spire (QoL Compilation)","MostiFishMod","Prisma Mod","Quick Restart","Reliquary","Shop Mod","StSLib","The Animator","The Blackbeard","The Construct","The Poker Player","[IsaacMod]ÒÔÈö¼âËþ"],"gold_per_floor":[109,123,48,61,80,80,124,124,124,157,232,257,274,274,274,376,376,386,386,386,96,109,139,139,170,194,207,222,234,234,266,266,371,371,390,410,132,149,159,184,204,231,309,324,324,324,374,399,399,399,399,399,23,48,48],"floor_reached":56,"language":"ZHS","playtime":2506,"items_purged":["ats:Strike V","Regret","ats:Armor Crushing Shot","ats:Poison Spread","ats:Defend","ats:Strike G"],"score":1976,"play_id":"bc5c8c72-ea79-469e-acc1-06c2084e521e","local_time":"20210223224048","is_ascension_mode":true,"campfire_choices":[{"data":"ats:Emotion Absorption","floor":6,"key":"SMITH"},{"data":"AT_FamilyPortrait","floor":15,"key":"SMITH"},{"floor":24,"key":"RECALL"},{"data":"ats:Soul Absorption","floor":32,"key":"SMITH"},{"data":"ats:Assault Order","floor":45,"key":"SMITH"},{"data":"ats:Dogmatic Field","floor":49,"key":"SMITH"},{"data":"ats:Neurotoxin","floor":52,"key":"SMITH"}],"circlet_count":0,"master_deck":["AscendersBane","ats:Defend","ats:Defend+1","ats:Defend","ats:Emotion Absorption+1","AT_FamilyPortrait+1","ats:Neurotoxin","ats:Shadow Assault","ats:Absolute Focus+1","ats:Demon Strength","ats:Explosion Area Strengthen","ats:Thorns","ats:Thorns","ats:Soul Rend","ats:Neurotoxin+1","ats:Cat Scratch","ats:Consecutive Shot Auto","ats:Red Shift","ats:Explosion Area Strengthen+1","ats:Soul Absorption+1","ats:Mental Burst+1","ats:Part Time Job+1","ats:Dogmatic Field+1","ats:Red Shift","ats:Absolute Focus+1","ats:Consecutive Shot Auto","ats:Assault Order+1","ats:Thermite Blade","ats:Apocalypse+1","ats:Blood Oath+1","ats:Chain Hook"],"relics":["ats:Sanity","DaveBox","AT_ATBox","HushsDoor","NeowsBlessing","GuppysHead","EGODaCapo","SynthV:TestCard","ats:Originium","Orichalcum","AT_EbonyIvory","Bottled Lightning","ats:Berate","ExusiaiGun","GuppysCollar","MutagenicStrength","aspiration:Nostalgia","PrismaMod:PrismaRuby","Incense Burner","ats:Hidden Killer","War Paint","GuppysTail","AT_TrinityForce","ats:Rhine Circuitry","Dota2Spire:MantaStyle","Anchor","Dota2Spire:Desolator","Unceasing Top","AT_BladeRuinedKing","ats:Snipe","Dota2Spire:DrumOfEndurance"],"acts_visited":["Exordium","TheCity","TheBeyond","TheEnding"],"potions_floor_usage":[55,55,55,55,55],"damage_taken":[{"damage":0,"enemies":"Jaw Worm","floor":1,"turns":1},{"damage":0,"enemies":"2 Louse","floor":2,"turns":2},{"damage":0,"enemies":"Small Slimes","floor":4,"turns":1},{"damage":13,"enemies":"Looter","floor":5,"turns":3},{"damage":7,"enemies":"Gremlin Nob","floor":7,"turns":3},{"damage":9,"enemies":"Lagavulin","floor":10,"turns":5},{"damage":1,"enemies":"Gremlin Nob","floor":12,"turns":3},{"damage":0,"enemies":"Exordium Thugs","floor":13,"turns":3},{"damage":8,"enemies":"Slime Boss","floor":16,"turns":7},{"damage":0,"enemies":"2 Thieves","floor":18,"turns":2},{"damage":0,"enemies":"3 Byrds","floor":22,"turns":2},{"damage":0,"enemies":"Book of Stabbing","floor":23,"turns":1},{"damage":0,"enemies":"Slavers","floor":25,"turns":1},{"damage":0,"enemies":"Snake Plant","floor":27,"turns":3},{"damage":0,"enemies":"Centurion and Healer","floor":28,"turns":1},{"damage":0,"enemies":"Shelled Parasite and Fungi","floor":29,"turns":1},{"damage":0,"enemies":"Gremlin Leader","floor":31,"turns":3},{"damage":0,"enemies":"Champ","floor":33,"turns":3},{"damage":0,"enemies":"3 Darklings","floor":35,"turns":2},{"damage":4,"enemies":"3 Shapes","floor":36,"turns":1},{"damage":12,"enemies":"Sphere and 2 Shapes","floor":38,"turns":1},{"damage":0,"enemies":"Spire Growth","floor":39,"turns":1},{"damage":0,"enemies":"Giant Head","floor":40,"turns":1},{"damage":0,"enemies":"Maw","floor":41,"turns":2},{"damage":0,"enemies":"Nemesis","floor":42,"turns":1},{"damage":0,"enemies":"Writhing Mass","floor":44,"turns":1},{"damage":0,"enemies":"Mind Bloom Boss Battle","floor":47,"turns":1},{"damage":0,"enemies":"Giant Head","floor":48,"turns":1},{"damage":0,"enemies":"Donu and Deca","floor":50,"turns":2},{"damage":0,"enemies":"Shield and Spear","floor":54,"turns":1},{"damage":17,"enemies":"Delirium","floor":55,"turns":12}],"seed_played":"-6770173141603233522","potions_obtained":[{"floor":5,"key":"PowerPotion"},{"floor":7,"key":"ats:Emergency Sanity Potion"},{"floor":13,"key":"FearPotion"},{"floor":23,"key":"SkillPotion"},{"floor":33,"key":"EntropicBrew"}],"is_trial":false,"path_per_floor":["M","M","$","M","M","R","E","?","T","E","?","E","M","?","R","B",null,"M","?","?","$","M","E","R","E","T","M","M","M","?","E","R","B",null,"M","M","$","M","M","E","M","E","T","M","R","?","?","E","R","B",null,"R","$","E","B",null],"character_chosen":"DOCTOR_CLASS","items_purchased":["GuppysCollar","ats:Neurotoxin","aspiration:Nostalgia","ats:Consecutive Shot Auto","ats:Red Shift","ats:Rhine Circuitry","ats:Snipe","ats:Chain Hook"],"campfire_rested":0,"item_purchase_floors":[17,17,21,21,34,37,53,53],"current_hp_per_floor":[65,70,70,72,59,59,52,45,45,36,25,24,24,24,24,16,42,42,42,42,42,42,42,42,42,42,42,42,42,42,42,42,42,41,41,37,37,25,25,25,25,25,25,25,25,25,25,25,25,41,41,41,41,41,41],"gold":48,"neow_bonus":"THREE_ENEMY_KILL","is_daily":false,"chose_seed":false,"campfire_upgraded":6,"win_rate":0.0,"timestamp":1614091248,"path_taken":["M","M","$","M","M","R","E","?","T","E","?","E","M","?","R","BOSS","M","?","?","$","M","E","R","E","T","?","M","M","?","E","R","BOSS","M","M","$","M","M","E","M","E","T","M","R","?","?","E","R","BOSS","R","$","E","BOSS"],"items_purchased_type":["Relic","Card","Relic","Card","Card","Relic","Relic","Card"],"build_version":"2020-12-22","purchased_purges":6,"victory":true,"max_hp_per_floor":[72,72,72,72,72,72,72,72,72,72,72,72,72,72,72,72,51,51,51,51,51,51,51,51,51,51,51,51,51,51,51,51,51,41,41,41,41,41,41,41,41,41,41,41,41,41,41,41,41,41,41,41,41,41,41],"card_choices":[{"not_picked":[],"picked":"BettingIsNotGood","floor":0},{"not_picked":["ats:Closed Bolt Burst Fire","ats:Very Hot Blade"],"picked":"ats:Neurotoxin","floor":1},{"not_picked":["ats:Spore Proliferation","ats:Blood Oath","ats:Leaping Hammer","ats:Cat Scratch"],"picked":"ats:Poison Spread","floor":2},{"not_picked":["ats:Very Hot Blade","ats:Defend Order","ats:Closed Bolt Burst Fire","ats:Chain Hook"],"picked":"ats:Shadow Assault","floor":4},{"not_picked":["ats:Sword Rain","Bomb","ats:Beaten Up","ats:Powerful Strike"],"picked":"ats:Absolute Focus","floor":5},{"not_picked":["ats:Magnetic Hammer","ats:Flexible Camouflage","ats:Absolute Focus","ats:Very Hot Blade"],"picked":"ats:Demon Strength","floor":7},{"not_picked":["ats:Cat Scratch","ats:Part Time Job","ats:Burning Ground","ats:Poison Spread"],"picked":"ats:Explosion Area Strengthen","floor":10},{"not_picked":["ats:Closed Bolt Burst Fire","ats:Hook Shot","ats:Red Shift","ats:Thermite Blade"],"picked":"ats:Thorns","floor":12},{"not_picked":["ats:Revitalization","ats:Encircling Forest","ats:Closed Bolt Burst Fire","ats:Absolute Focus"],"picked":"ats:Thorns","floor":13},{"not_picked":["ats:Nebulous Foxfire","ats:Fractured Body","ats:Wolf Pack","ats:Roar Of Ursus"],"picked":"ats:Soul Rend","floor":16},{"not_picked":["ats:Part Time Job+1","ats:Flexible Camouflage","ats:Leaping Hammer+1","ats:Shell Defense"],"picked":"ats:Cat Scratch","floor":18},{"not_picked":["ats:Curse Doll","ats:Hammer On","ats:Powerful Strike","ats:Serious Mode","ats:Sword Rain"],"picked":"SKIP","floor":22},{"not_picked":["ats:Collapsing Strike","ats:Volcano","ats:Chain Hook+1","ats:Explosion Area Strengthen+1"],"picked":"ats:Red Shift","floor":23},{"not_picked":["ats:Very Hot Blade","ats:Shadow Raid","ats:Ignite","ats:Defend Order","ats:Charging Defense"],"picked":"SKIP","floor":25},{"not_picked":["ats:Burning Ground","ats:Revitalization","ats:Directed Diagnosis","ats:Leaping Hammer"],"picked":"ats:Explosion Area Strengthen+1","floor":27},{"not_picked":["ats:Healing Drone","ats:Curse Doll","ats:Blood Oath","ats:Magnetic Hammer"],"picked":"ats:Soul Absorption","floor":28},{"not_picked":["ats:Counter Healing Mode","ats:Cat Scratch","ats:Steam Pump","ats:Very Hot Blade"],"picked":"ats:Mental Burst+1","floor":29},{"not_picked":["ats:Guardian Obelisk","ats:Poison Spread+1","ats:Steam Pump","ats:Explosion Area Strengthen"],"picked":"ats:Part Time Job+1","floor":31},{"not_picked":["ats:Wolf Pack","ats:True Silver Slash","ats:Rat Pack","ats:Roar Of Ursus"],"picked":"ats:Dogmatic Field","floor":33},{"not_picked":["ats:Guardian Obelisk","ats:Powerful Strike+1","ats:Shell Defense","ats:Hammer On"],"picked":"ats:Absolute Focus+1","floor":35},{"not_picked":["ats:Encircling Forest+1","ats:Absolute Focus","ats:Powerful Strike+1","ats:Flexible Camouflage+1","ats:Cat Scratch+1"],"picked":"SKIP","floor":36},{"not_picked":["ats:Leaping Hammer","ats:Poison Spread","ats:Very Hot Blade","ats:Powerful Strike+1"],"picked":"ats:Consecutive Shot Auto","floor":38},{"not_picked":["ats:Healing Strengthening+1","ats:Burning Ground","ats:Very Hot Blade","ats:Sunburst+1"],"picked":"ats:Assault Order","floor":39},{"not_picked":["ats:Shell Defense","ats:Apocalypse","ats:Absolute Focus+1","ats:Shadow Assault"],"picked":"ats:Thermite Blade","floor":40},{"not_picked":["ats:Assault Order+1","ats:Leaping Hammer+1","ats:Revitalization","ats:Phantom+1"],"picked":"ats:Apocalypse+1","floor":41},{"not_picked":["ats:Curse Doll","ats:Beaten Up","ats:Explosion Area Strengthen+1","ats:Cat Scratch","ats:Automatic Cover+1"],"picked":"SKIP","floor":42},{"not_picked":["ats:Apocalypse+1","ats:Consecutive Shot Auto+1","ats:Roar Of Ursus","ats:Song Of Battle+1"],"picked":"ats:Blood Oath+1","floor":44},{"not_picked":["ats:Flexible Camouflage","ats:Fractured Body","ats:Revitalization","ats:Echo Reverb","ats:Explosion Area Strengthen"],"picked":"SKIP","floor":48},{"not_picked":["ats:Apocalypse","ats:Shell Defense","ats:Explosion Area Strengthen","ats:Leaping Hammer+1","ats:Guardian Obelisk"],"picked":"SKIP","floor":54}],"player_experience":228383,"relics_obtained":[{"floor":1,"key":"SynthV:TestCard"},{"floor":7,"key":"ats:Originium"},{"floor":7,"key":"Orichalcum"},{"floor":10,"key":"ats:Originium"},{"floor":10,"key":"AT_EbonyIvory"},{"floor":12,"key":"ats:Originium"},{"floor":12,"key":"Bottled Lightning"},{"floor":23,"key":"ats:Originium"},{"floor":23,"key":"Incense Burner"},{"floor":25,"key":"ats:Hidden Killer"},{"floor":26,"key":"War Paint"},{"floor":31,"key":"GuppysTail"},{"floor":40,"key":"Dota2Spire:MantaStyle"},{"floor":42,"key":"Anchor"},{"floor":43,"key":"Dota2Spire:Desolator"},{"floor":47,"key":"Unceasing Top"},{"floor":48,"key":"AT_BladeRuinedKing"},{"floor":54,"key":"Dota2Spire:DrumOfEndurance"}],"event_choices":[{"cards_removed":["BettingIsNotGood"],"damage_healed":0,"gold_gain":0,"player_choice":"Card Removal","damage_taken":7,"max_hp_gain":0,"max_hp_loss":0,"event_name":"Golden Wing","floor":8,"gold_loss":0},{"damage_healed":0,"gold_gain":75,"player_choice":"Gather Gold","damage_taken":11,"max_hp_gain":0,"max_hp_loss":0,"event_name":"World of Goop","floor":11,"gold_loss":0},{"damage_healed":0,"gold_gain":0,"player_choice":"Box","damage_taken":0,"relics_obtained":["ats:Berate"],"max_hp_gain":0,"max_hp_loss":0,"event_name":"Big Fish","floor":14,"gold_loss":0,"cards_obtained":["Regret"]},{"cards_removed":["ats:Strike C"],"damage_healed":0,"gold_gain":0,"player_choice":"Elegance","damage_taken":0,"max_hp_gain":0,"max_hp_loss":0,"event_name":"Back to Basics","floor":19,"gold_loss":0},{"damage_healed":0,"gold_gain":0,"player_choice":"Inject Mutagens","damage_taken":0,"relics_obtained":["MutagenicStrength"],"max_hp_gain":0,"max_hp_loss":0,"event_name":"Drug Dealer","floor":20,"gold_loss":0},{"cards_removed":["ats:Strike S"],"damage_healed":0,"gold_gain":0,"player_choice":"Purged","damage_taken":0,"max_hp_gain":0,"max_hp_loss":0,"event_name":"Purifier","floor":46,"gold_loss":0},{"damage_healed":0,"gold_gain":0,"player_choice":"Fight","damage_taken":0,"max_hp_gain":0,"max_hp_loss":0,"event_name":"MindBloom","floor":47,"gold_loss":0}],"is_beta":false,"boss_relics":[{"not_picked":["Runic Pyramid","Black Star"],"picked":"ExusiaiGun"},{"not_picked":[]},{"not_picked":["reliquary:WritOfMandamus","Tiny House"],"picked":"AT_TrinityForce"},{"not_picked":[]}],"items_purged_floors":[3,17,21,34,37,53],"is_endless":false,"potions_floor_spawned":[5,7,13,22,23,28,31,33,38,42,47,48],"ascension_level":10}}