{"host":"tnuwi4l1p9i8nc6x","time":1614087734,"event":{"mods":["Act Like it!","Aspiration","Astrologer","BaseMod","Beaked The Cultist","Better Third Choice","BetterRewards","Colored Map","Colored Powertips","Conspire","Defuse TimeMaze Blight","Downfall","Extra Virgin Snecko Oil","Friendly Minions","Hermit","Hubris","Infinite Spire","Jorbs\u0027s Wanderer Trilogy","Marisa????????","Minty Spire (QoL Compilation)","Permanent Neow","Rare Cards Sparkle","Remilia??????","Replay The Spire","Shop Mod","StSLib","The Bug Knight","The Construct","The Cursed","The Disciple","The Hierophant","The Jungle","The Marked","The Necromancer","The Poker Player","The Runesmith","The Senshi","The Servant 0.9.4","TheBandit"],"gold_per_floor":[115,115,115,115,135,166,185,185,210,210,210,30,85,112,112,215,215,235,235,249,279,279,279],"floor_reached":21,"language":"ENG","playtime":1533,"items_purged":[],"score":187,"play_id":"5873a9ab-24dc-44d1-8c4d-9c4f7498b305","local_time":"20210223084214","is_ascension_mode":false,"campfire_choices":[{"floor":8,"key":"REST"},{"data":"wariomod:AbandonGame","floor":10,"key":"SMITH"},{"floor":15,"key":"REST"}],"circlet_count":0,"master_deck":["wariomod:Strike","wariomod:Strike","wariomod:Strike","wariomod:Defend","wariomod:Defend","wariomod:Defend","wariomod:Step","wariomod:Leap","wariomod:AbandonGame+1","wariomod:BlastDash","hubris:DuctTapeCard","wariomod:Leapslam","wariomod:HastyRush","wariomod:HastyRush","wariomod:DisarmingMoves","Crow Ritual","Flash of Steel","Specialist","wariomod:DoubleDash","wariomod:OctoJump","wariomod:PoisonBombs","wariomod:TheGrandJourney","wariomod:HastyRush"],"relics":["wariomod:TheHat","hubris:DuctTape","theSenshi:FeatherClipsRelic","PreservedInsect","ReplayTheSpireMod:Ring of Challenge","ReplayTheSpireMod:ShopPack","aspiration:EmptySkull","wariomod:DoomHat"],"acts_visited":["Exordium","TheCity"],"potions_floor_usage":[14,14,16,18],"damage_taken":[{"damage":10,"enemies":"conspire:RoseBush","floor":1,"turns":3},{"damage":10,"enemies":"Jaw Worm","floor":5,"turns":4},{"damage":22,"enemies":"3 Sentries","floor":6,"turns":5},{"damage":6,"enemies":"2 Louse","floor":7,"turns":2},{"damage":14,"enemies":"Looter","floor":13,"turns":3},{"damage":26,"enemies":"Lagavulin","floor":14,"turns":4},{"damage":66,"enemies":"The Guardian","floor":16,"turns":13},{"damage":15,"enemies":"2 Thieves","floor":18,"turns":3},{"damage":41,"enemies":"Shell Parasite","floor":20,"turns":6},{"damage":47,"enemies":"Centurion and Healer","floor":21,"turns":6}],"seed_played":"-2438387851724265367","potions_obtained":[{"floor":5,"key":"conspire:TimeTravelPotion"},{"floor":7,"key":"Explosive Potion"},{"floor":13,"key":"SteroidPotion"},{"floor":16,"key":"Explosive Potion"},{"floor":20,"key":"FearPotion"}],"is_trial":false,"path_per_floor":["M","?","?","T","M","E","M","R","T","R","?","$","M","E","R_BF","B",null,"M","?","M","M"],"character_chosen":"THE_BANDIT","items_purchased":["wariomod:DisarmingMoves","ReplayTheSpireMod:ShopPack"],"campfire_rested":2,"item_purchase_floors":[12,12],"current_hp_per_floor":[46,72,72,72,62,40,40,64,64,64,64,64,56,54,78,18,80,71,71,36,0,0,0],"gold":279,"neow_bonus":"THREE_RARE_CARDS","is_daily":false,"chose_seed":false,"campfire_upgraded":1,"win_rate":0.0,"timestamp":1614087734,"path_taken":["M","?","?","?","M","E","M","R","T","R","?","?","M","E","R_BF","BOSS","M","?","?","M"],"items_purchased_type":["Card","Relic"],"build_version":"2020-12-22","purchased_purges":0,"victory":false,"max_hp_per_floor":[80,80,80,80,80,80,80,80,80,80,80,80,80,80,80,80,80,80,80,80,80,80,80],"card_choices":[{"not_picked":["wariomod:WipeClean","wariomod:EnergizedBombs"],"picked":"wariomod:AbandonGame","floor":0},{"not_picked":["wariomod:PayItForwards","wariomod:DisarmingMoves"],"picked":"wariomod:BlastDash","floor":1},{"not_picked":["wariomod:NullJump","wariomod:Smackflip"],"picked":"wariomod:Leapslam","floor":5},{"not_picked":["wariomod:AwfulLook","wariomod:ThatsNotAll"],"picked":"wariomod:HastyRush","floor":6},{"not_picked":["wariomod:DropBash","wariomod:EmptyMind"],"picked":"wariomod:HastyRush","floor":7},{"not_picked":["HandOfGreed","Midas Touch"],"picked":"Crow Ritual","floor":12},{"not_picked":["Enlightenment","Replay:Sssssssssstrike"],"picked":"Flash of Steel","floor":12},{"not_picked":["Flash of Steel","Discovery"],"picked":"Specialist","floor":12},{"not_picked":["wariomod:SimpleShield","wariomod:Goblast"],"picked":"wariomod:DoubleDash","floor":13},{"not_picked":["wariomod:TreasureDig","wariomod:TempestBlasts"],"picked":"wariomod:OctoJump","floor":14},{"not_picked":["wariomod:GoAgain","wariomod:BoomForm"],"picked":"wariomod:PoisonBombs","floor":16},{"not_picked":["wariomod:CursedSpaces+1","wariomod:Boomsmack+1"],"picked":"wariomod:TheGrandJourney","floor":18},{"not_picked":["wariomod:SmackSlam","wariomod:AwfulLook+1"],"picked":"wariomod:HastyRush","floor":20}],"player_experience":758587,"relics_obtained":[{"floor":4,"key":"hubris:DuctTape"},{"floor":6,"key":"theSenshi:FeatherClipsRelic"},{"floor":9,"key":"PreservedInsect"},{"floor":11,"key":"ReplayTheSpireMod:Ring of Challenge"},{"floor":14,"key":"aspiration:EmptySkull"}],"event_choices":[{"damage_healed":26,"gold_gain":0,"player_choice":"Banana","damage_taken":0,"max_hp_gain":0,"max_hp_loss":0,"event_name":"Big Fish","floor":2,"gold_loss":0},{"damage_healed":0,"gold_gain":0,"player_choice":"Leave","damage_taken":0,"max_hp_gain":0,"max_hp_loss":0,"event_name":"conspire:Investor","floor":3,"gold_loss":0},{"cards_removed":["Languid"],"damage_healed":0,"gold_gain":0,"player_choice":"Removed Curses","damage_taken":0,"max_hp_gain":0,"max_hp_loss":0,"event_name":"Fountain of Cleansing","floor":19,"gold_loss":0}],"is_beta":false,"boss_relics":[{"not_picked":["Ring of Chaos","construct:WeddingRing"],"picked":"wariomod:DoomHat"}],"items_purged_floors":[],"is_endless":false,"potions_floor_spawned":[5,7,13,16,20],"killed_by":"Centurion and Healer","ascension_level":0}}