{"host":"ymmeoa1x24ihslbm","time":1614044685,"event":{"mods":["AchievementEnabler","BaseMod","Colored Map","Colored Powertips","Defuse TimeMaze Blight","Highlight Path","Minty Spire (QoL Compilation)","Permanent Neow","Quick Restart","StSLib","The Marked","Unceasing Turn Reminder"],"gold_per_floor":[112,126,126,151,165,165,165,165,240,240,240,255,32,75,87,222,234,271,303,315,315],"floor_reached":20,"language":"ENG","playtime":1892,"items_purged":["Pain"],"score":199,"play_id":"b2d2d2b4-9f1b-46ab-93b7-132b9287b98f","local_time":"20210223024445","is_ascension_mode":false,"campfire_choices":[{"data":"theMarked:SoldierOfQuellstein","floor":6,"key":"SMITH"},{"data":"theMarked:MysticalArsenal","floor":8,"key":"SMITH"},{"data":"theMarked:Vacuum","floor":11,"key":"SMITH"},{"floor":15,"key":"REST"}],"circlet_count":0,"master_deck":["theMarked:Strike","theMarked:Strike","theMarked:Strike","theMarked:Strike","theMarked:Defend","theMarked:Defend","theMarked:Defend","theMarked:SoldierOfQuellstein+1","theMarked:Vacuum+1","theMarked:MysticalArsenal+1","theMarked:Indomitable+1","theMarked:SwordAndMagic","theMarked:Aftermath","theMarked:RogueSparks","theMarked:Generate","theMarked:BiggerThanFate","theMarked:ResourceFulStrike"],"relics":["theMarked:ArtifactOfAir","Golden Idol","Bottled Tornado","WarpedTongs","Boot","MawBank","Empty Cage"],"acts_visited":["Exordium","TheCity"],"potions_floor_usage":[18,18],"damage_taken":[{"damage":1,"enemies":"Jaw Worm","floor":1,"turns":3},{"damage":11,"enemies":"Small Slimes","floor":2,"turns":5},{"damage":6,"enemies":"2 Louse","floor":4,"turns":3},{"damage":24,"enemies":"Gremlin Gang","floor":5,"turns":6},{"damage":9,"enemies":"Exordium Wildlife","floor":12,"turns":4},{"damage":0,"enemies":"Lagavulin","floor":14,"turns":4},{"damage":18,"enemies":"Hexaghost","floor":16,"turns":7},{"damage":37,"enemies":"2 Thieves","floor":18,"turns":4},{"damage":9,"enemies":"Chosen","floor":19,"turns":5},{"damage":39,"enemies":"3 Cultists","floor":20,"turns":4}],"seed_played":"5402377531239713017","potions_obtained":[{"floor":1,"key":"ColorlessPotion"},{"floor":14,"key":"Dexterity Potion"},{"floor":16,"key":"LiquidBronze"},{"floor":18,"key":"Fruit Juice"}],"is_trial":false,"path_per_floor":["M","M","?","M","M","R","?","R","T","?","R","M","$","E","R","B",null,"M","M","M"],"character_chosen":"THE_DEFAULT","items_purchased":["Boot"],"campfire_rested":1,"item_purchase_floors":[13],"current_hp_per_floor":[71,60,42,36,12,12,12,12,12,12,12,3,3,3,24,6,72,40,31,0,0],"gold":315,"neow_bonus":"ONE_RANDOM_RARE_CARD","is_daily":false,"chose_seed":false,"campfire_upgraded":3,"win_rate":0.0,"timestamp":1614044685,"path_taken":["M","M","?","M","M","R","?","R","T","?","R","M","$","E","R","BOSS","M","?","M"],"items_purchased_type":["Relic"],"build_version":"2020-12-22","purchased_purges":1,"victory":false,"max_hp_per_floor":[72,72,72,72,72,72,72,72,72,72,72,72,72,72,72,72,72,77,77,77,77],"card_choices":[{"not_picked":["theMarked:Standoff","theMarked:WastefulAttack"],"picked":"theMarked:MysticalArsenal","floor":1},{"not_picked":["theMarked:TwofoldDefense","theMarked:EmpowerWeapon"],"picked":"theMarked:Indomitable","floor":2},{"not_picked":["theMarked:GodGivenPower","theMarked:Parry"],"picked":"theMarked:SwordAndMagic","floor":4},{"not_picked":["theMarked:Frustration","theMarked:SelfDefenseTraining"],"picked":"theMarked:Aftermath","floor":5},{"not_picked":["theMarked:ElectricStrings","theMarked:RepellingDischarge"],"picked":"theMarked:RogueSparks","floor":12},{"not_picked":["theMarked:EnhanceMovement","theMarked:Electrify"],"picked":"theMarked:Generate","floor":14},{"not_picked":["theMarked:Levitate","theMarked:UnarmedFury"],"picked":"theMarked:BiggerThanFate","floor":16},{"not_picked":["theMarked:Generate","theMarked:CreepingChasm"],"picked":"theMarked:ResourceFulStrike","floor":18},{"not_picked":["theMarked:EnhanceMovement+1","theMarked:Heritage","theMarked:ElectricStrings"],"picked":"SKIP","floor":19}],"player_experience":631954,"relics_obtained":[{"floor":9,"key":"Bottled Tornado"},{"floor":14,"key":"MawBank"}],"event_choices":[{"damage_healed":0,"gold_gain":0,"player_choice":"Take Damage","damage_taken":18,"relics_obtained":["Golden Idol"],"max_hp_gain":0,"max_hp_loss":0,"event_name":"Golden Idol","floor":3,"gold_loss":0},{"damage_healed":0,"gold_gain":0,"player_choice":"Grow","damage_taken":0,"max_hp_gain":0,"max_hp_loss":0,"event_name":"Living Wall","floor":7,"gold_loss":0,"cards_upgraded":["theMarked:Indomitable"]},{"damage_healed":0,"gold_gain":0,"player_choice":"Rummage","damage_taken":0,"relics_obtained":["WarpedTongs"],"max_hp_gain":0,"max_hp_loss":0,"event_name":"Accursed Blacksmith","floor":10,"gold_loss":0,"cards_obtained":["Pain"]}],"is_beta":false,"boss_relics":[{"not_picked":["Sozu","theMarked:BronzeBlade"],"picked":"Empty Cage"}],"items_purged_floors":[13],"is_endless":false,"potions_floor_spawned":[1,14,16,18],"killed_by":"3 Cultists","ascension_level":0}}