{"host":"nxma0dbhh74lxenq","time":1614087292,"event":{"mods":["Astrologer","BaseMod","Beaked The Cultist","CapriCore","Colored Map","DeckTracker","Gremlin Mod","Highlight Path","Koishi","Mad Scientist","Minty Spire (QoL Compilation)","StSLib","SuperFastMode","The Bladedancer","The Cursed","The Immortal","The Mystic","YoumuÅiç∞ÈÆódöÎÅj"],"gold_per_floor":[214,224,5,5,5,5,5],"floor_reached":6,"language":"JPN","playtime":225,"items_purged":[],"score":66,"play_id":"38aa090f-3ce5-4ddf-8186-69c487a98822","local_time":"20210223223452","is_ascension_mode":true,"campfire_choices":[],"circlet_count":0,"master_deck":["AscendersBane","Koishi:BasicStrike","Koishi:BasicStrike","Koishi:BasicStrike","Koishi:BasicDefend","Koishi:BasicDefend","Koishi:BasicDefend","Koishi:BasicDefend","Koishi:Provoke","Koishi:HauntingSlash+1","Koishi:TremblingHands","Koishi:Prune","Koishi:RacingHeart","Koishi:SpiritedAway"],"relics":["Koishi:ImaginaryFriend","Membership Card"],"acts_visited":["Exordium"],"potions_floor_usage":[6,6],"damage_taken":[{"damage":9,"enemies":"Cultist","floor":1,"turns":5},{"damage":12,"enemies":"Small Slimes","floor":2,"turns":4},{"damage":38,"enemies":"Lagavulin","floor":6,"turns":9}],"seed_played":"-4525642359239390903","potions_obtained":[{"floor":1,"key":"PowerPotion"},{"floor":2,"key":"SpeedPotion"}],"is_trial":false,"path_per_floor":["M","M","$","?","?","E"],"character_chosen":"KOISHI","items_purchased":["Membership Card","Koishi:RacingHeart","Koishi:SpiritedAway"],"campfire_rested":0,"item_purchase_floors":[3,3,3],"current_hp_per_floor":[45,34,34,34,34,0,0],"gold":5,"neow_bonus":"HUNDRED_GOLD","is_daily":false,"chose_seed":false,"campfire_upgraded":0,"win_rate":0.0,"timestamp":1614087292,"path_taken":["M","M","$","?","?","E"],"items_purchased_type":["Relic","Card","Card"],"build_version":"2020-12-22","purchased_purges":0,"victory":false,"max_hp_per_floor":[57,57,57,57,57,57,57],"card_choices":[{"not_picked":["Koishi:LastRemote","Koishi:CatchAndRose"],"picked":"Koishi:TremblingHands","floor":1},{"not_picked":["Koishi:EmbersOfLove","Koishi:UnconsciousUprising"],"picked":"Koishi:Prune","floor":2}],"player_experience":470491,"relics_obtained":[],"event_choices":[{"damage_healed":0,"gold_gain":0,"player_choice":"Grow","damage_taken":0,"max_hp_gain":0,"max_hp_loss":0,"event_name":"Living Wall","floor":4,"gold_loss":0,"cards_upgraded":["Koishi:HauntingSlash"]},{"cards_removed":["Koishi:BasicStrike"],"damage_healed":0,"gold_gain":0,"player_choice":"Purged","damage_taken":0,"max_hp_gain":0,"max_hp_loss":0,"event_name":"Purifier","floor":5,"gold_loss":0}],"is_beta":false,"boss_relics":[],"items_purged_floors":[],"is_endless":false,"potions_floor_spawned":[1,2],"killed_by":"Lagavulin","ascension_level":19}}