{"host":"nlbr7nnijupf3yfg","time":1614111056,"event":{"mods":["AchievementEnabler","BaseMod","BetterRewards","Card Forge","Colored Powertips","DeckTracker","Downfall","Hubris","Infinite Spire","Minty Spire (QoL Compilation)","Quick Restart","Relic Stats","Replay The Spire","Shop Mod","StSLib","SuperFastMode"],"gold_per_floor":[99,114,129,129,144,174,174,189,189,189,189,267,297,447,462,562,562,562,577,592,592,592,622,622,637,312,342,357,387,387,402,417,517,517,517,532,382,397,97,97,122,137,152,182,182,212,227,242,257,257],"floor_reached":51,"language":"ENG","playtime":329,"items_purged":["Pain"],"score":1256,"play_id":"70484feb-29a4-4ce7-bc11-4f57b43c5895","local_time":"20210223151056","daily_mods":["Heirloom","Red Cards","Elite Swarm"],"is_ascension_mode":false,"campfire_choices":[{"floor":1,"key":"DIG"},{"floor":11,"key":"DIG"},{"data":"hubris:InfiniteBlow+2697","floor":18,"key":"SMITH"},{"floor":35,"key":"DIG"},{"floor":40,"key":"DIG"}],"circlet_count":0,"master_deck":["hubris:InfiniteBlow+2698","infinitespire:FutureSight+1","infinitespire:Collect+1","hubris:InfiniteBlow+2698","hubris:InfiniteBlow+2697"],"relics":["champ:ChampionCrown","Hammer of Thor","Seething Fire","Anvil of the Gods","infinitespire:Lychee Nut","Chameleon Ring","Replay:Multitool","Replay:Rubber Ducky","Ring of Fangs","Ring of Peace","Gremlin Food","infinitespire:FocusingShard","War Paint","Philosopher\u0027s Stone","WarpedTongs","hubris:Spice","Question Card","hubris:MobiusCoin","Pet Ghost","hubris:Towel","hubris:CrystalStatue"],"acts_visited":["Exordium","TheCity","TheBeyond"],"potions_floor_usage":[],"damage_taken":[{"damage":0,"enemies":"Jaw Worm","floor":2,"turns":1},{"damage":0,"enemies":"infinitespire:Voidling","floor":3,"turns":1},{"damage":0,"enemies":"2 Louse","floor":5,"turns":1},{"damage":0,"enemies":"Gremlin Nob","floor":6,"turns":1},{"damage":0,"enemies":"Looter","floor":8,"turns":1},{"damage":0,"enemies":"Lagavulin","floor":13,"turns":1},{"damage":0,"enemies":"downfall:FleeingMerchant","floor":14,"turns":1},{"damage":0,"enemies":"Large Slime","floor":15,"turns":1},{"damage":0,"enemies":"IC_STATUS_ARCHETYPE","floor":16,"turns":1},{"damage":0,"enemies":"Chosen","floor":19,"turns":1},{"damage":0,"enemies":"Shell Parasite","floor":20,"turns":1},{"damage":0,"enemies":"Replay:Snechameleon","floor":23,"turns":1},{"damage":1,"enemies":"Centurion and Healer","floor":25,"turns":1},{"damage":0,"enemies":"Gremlin Leader","floor":27,"turns":1},{"damage":0,"enemies":"Shelled Parasite and Fungi","floor":28,"turns":1},{"damage":0,"enemies":"Book of Stabbing","floor":29,"turns":1},{"damage":0,"enemies":"Snake Plant","floor":31,"turns":1},{"damage":0,"enemies":"Snecko","floor":32,"turns":1},{"damage":0,"enemies":"SI_MIRROR_ARCHETYPE","floor":33,"turns":1},{"damage":0,"enemies":"Orb Walker","floor":36,"turns":1},{"damage":0,"enemies":"3 Darklings","floor":38,"turns":1},{"damage":0,"enemies":"Writhing Mass","floor":42,"turns":1},{"damage":0,"enemies":"Sphere and 2 Shapes","floor":43,"turns":1},{"damage":0,"enemies":"R_Hoarder","floor":44,"turns":1},{"damage":0,"enemies":"Nemesis","floor":46,"turns":1},{"damage":0,"enemies":"4 Shapes","floor":47,"turns":1},{"damage":0,"enemies":"Maw","floor":48,"turns":1},{"damage":0,"enemies":"Writhing Mass","floor":49,"turns":1},{"damage":0,"enemies":"DF_ARCHETYPE_ORBS","floor":50,"turns":1}],"seed_played":"-7386017133472573341","potions_obtained":[{"floor":2,"key":"Reflective Coating"},{"floor":3,"key":"Milkshake"},{"floor":6,"key":"Cursed Concoction"},{"floor":15,"key":"DuplicationPotion"}],"is_trial":false,"path_per_floor":["R","M","M","?","M","E","T","M","?","?","R","?","E","$","M","B",null,"R","M","M","?","?","E","T","M","$","E","M","E","?","M","M","B",null,"R","M","?","M","$","R","T","M","M","E","?","E","M","M","M","B",null],"character_chosen":"THE_CHAMP","items_purchased":["War Paint","hubris:MobiusCoin","hubris:Spice"],"campfire_rested":0,"item_purchase_floors":[14,26,39],"current_hp_per_floor":[67,67,67,67,67,67,67,67,54,54,54,54,54,54,54,54,67,67,67,67,55,55,63,63,62,62,62,62,70,70,70,70,70,80,80,80,90,90,82,74,66,66,66,58,61,53,53,53,53,53],"gold":257,"neow_bonus":"","is_daily":true,"chose_seed":false,"campfire_upgraded":1,"win_rate":0.0,"timestamp":1614111056,"path_taken":["R","M","M","?","M","E","T","?","?","?","R","?","E","?","M","BOSS","R","M","M","?","?","E","T","?","$","E","M","E","?","M","M","BOSS","R","M","?","M","$","R","T","?","M","E","?","E","M","M","M","BOSS"],"items_purchased_type":["Relic","Relic","Relic"],"build_version":"2020-12-22","purchased_purges":1,"victory":true,"max_hp_per_floor":[67,67,67,67,67,67,67,67,67,67,67,67,67,67,67,67,67,67,67,67,72,72,80,80,80,80,80,80,88,88,88,88,88,80,80,80,90,90,82,74,66,66,66,58,61,53,53,53,53,53],"relic_stats":{"counters":[29,29],"War Paint":["infinitespire:Collect"],"Question Card":38,"obtain_stats":[{"Gremlin Food":11,"hubris:MobiusCoin":26,"hubris:CrystalStatue":35,"champ:ChampionCrown":0,"Hammer of Thor":0,"infinitespire:FocusingShard":13,"Replay:Multitool":6,"Seething Fire":0,"War Paint":14,"hubris:Towel":30,"Question Card":24,"Pet Ghost":27,"Replay:Rubber Ducky":7,"WarpedTongs":22,"Chameleon Ring":1,"Ring of Fangs":10,"Anvil of the Gods":0,"infinitespire:Lychee Nut":0,"hubris:Spice":23,"Ring of Peace":10,"Philosopher\u0027s Stone":17},{"Gremlin Food":5,"hubris:MobiusCoin":13,"hubris:CrystalStatue":19,"champ:ChampionCrown":0,"Hammer of Thor":0,"infinitespire:FocusingShard":6,"Replay:Multitool":4,"Seething Fire":0,"War Paint":7,"hubris:Towel":16,"Question Card":12,"Pet Ghost":14,"Replay:Rubber Ducky":4,"WarpedTongs":11,"Chameleon Ring":0,"Ring of Fangs":5,"Anvil of the Gods":0,"infinitespire:Lychee Nut":0,"hubris:Spice":12,"Ring of Peace":5,"Philosopher\u0027s Stone":9},{"Gremlin Food":5,"hubris:MobiusCoin":13,"hubris:CrystalStatue":19,"champ:ChampionCrown":0,"Hammer of Thor":0,"infinitespire:FocusingShard":6,"Replay:Multitool":4,"Seething Fire":0,"War Paint":7,"hubris:Towel":16,"Question Card":12,"Pet Ghost":14,"Replay:Rubber Ducky":4,"WarpedTongs":11,"Chameleon Ring":0,"Ring of Fangs":5,"Anvil of the Gods":0,"infinitespire:Lychee Nut":0,"hubris:Spice":12,"Ring of Peace":5,"Philosopher\u0027s Stone":9}],"WarpedTongs":[18]},"card_choices":[{"not_picked":["champ:BerserkersShout","champ:DefensiveShout","champ:Shatter"],"picked":"SKIP","floor":2},{"not_picked":["champ:RageSigil","champ:GutPunch","Hemokinesis"],"picked":"SKIP","floor":3},{"not_picked":["Dropkick","Heavy Blade","hubris:StunningStrike"],"picked":"SKIP","floor":5},{"not_picked":["Demonic Infusion","champ:CheapShot","champ:SteelEdge"],"picked":"SKIP","floor":6},{"not_picked":["Second Wind","champ:CrownThrow","champ:StanceDance"],"picked":"SKIP","floor":8},{"not_picked":["Barricade","champ:LastStand","champ:VampiricStrike"],"picked":"SKIP","floor":13},{"not_picked":["Rampage","Iron Wave","Dual Wield"],"picked":"SKIP","floor":14},{"not_picked":["Disarm","champ:CrownThrow","champ:StanceDance"],"picked":"SKIP","floor":15},{"not_picked":["Heavy Blade","champ:PreciseThrust","Combust"],"picked":"SKIP","floor":19},{"not_picked":["champ:RisingSlash+1","Run Through","Armaments"],"picked":"SKIP","floor":20},{"not_picked":["Reaper","champ:EnchantShield","champ:UltimateStance"],"picked":"SKIP","floor":23},{"not_picked":["Run Through","Twin Strike","hubris:SharpeningStone+1","champ:ViciousMockery+1"],"picked":"SKIP","floor":25},{"not_picked":["Impervious","champ:SwordThrow","Offering","champ:UltimateStance"],"picked":"SKIP","floor":27},{"not_picked":["champ:PerfectedStrike+1","True Grit+1","Dark Embrace","Shrug It Off"],"picked":"SKIP","floor":28},{"not_picked":["Hemogenesis","Limit Break","champ:TripleStrike","Double Tap"],"picked":"SKIP","floor":29},{"not_picked":["champ:GutPunch","True Grit","champ:EnGarde","champ:PreciseThrust"],"picked":"SKIP","floor":31},{"not_picked":["Intimidate","Clash+1","Replay:Undeath\u0027s Touch","hubris:SpiceAddiction"],"picked":"SKIP","floor":32},{"not_picked":["ReplayReversal+1","Carnage+1","Dual Wield","champ:PreemptiveStrike+1"],"picked":"SKIP","floor":36},{"not_picked":["champ:DefensiveShout","Flame Barrier","champ:GutPunch+1","champ:Backstep+1"],"picked":"SKIP","floor":38},{"not_picked":["hubris:SpiceAddiction","Sword Boomerang","Blood for Blood","hubris:StunningStrike"],"picked":"SKIP","floor":42},{"not_picked":["Warcry+1","Heavy Blade+1","champ:FlashCut","Clothesline"],"picked":"SKIP","floor":43},{"not_picked":["champ:HoldFirm","Offering","champ:IgnorePain","hubris:SpiceAddiction"],"picked":"SKIP","floor":44},{"not_picked":["hubris:StunningStrike","hubris:SpiceAddiction","hubris:SpiceAddiction","hubris:SpiceAddiction"],"picked":"SKIP","floor":46},{"not_picked":["champ:FalseCounter+1","Havoc+1","Clash","Wild Strike+1"],"picked":"SKIP","floor":47},{"not_picked":["Pommel Strike+1","Infernal Blade+1","champ:Shatter+1","Armaments+1"],"picked":"SKIP","floor":48},{"not_picked":["Shockwave","champ:PerfectedStrike+1","Entrench+1","Clothesline+1"],"picked":"SKIP","floor":49}],"player_experience":121814,"relics_obtained":[{"floor":1,"key":"Chameleon Ring"},{"floor":6,"key":"Replay:Multitool"},{"floor":7,"key":"Replay:Rubber Ducky"},{"floor":10,"key":"Ring of Fangs"},{"floor":10,"key":"Ring of Peace"},{"floor":11,"key":"Gremlin Food"},{"floor":13,"key":"infinitespire:FocusingShard"},{"floor":23,"key":"hubris:Spice"},{"floor":24,"key":"Question Card"},{"floor":27,"key":"Pet Ghost"},{"floor":29,"key":"hubris:Spice"},{"floor":35,"key":"hubris:CrystalStatue"},{"floor":40,"key":"hubris:Spice"},{"floor":41,"key":"hubris:Spice"},{"floor":44,"key":"hubris:Spice"},{"floor":46,"key":"hubris:Spice"}],"event_choices":[{"damage_healed":0,"gold_gain":0,"player_choice":"Entered Light","damage_taken":13,"max_hp_gain":0,"max_hp_loss":0,"event_name":"Shining Light","floor":9,"gold_loss":0,"cards_upgraded":["hubris:InfiniteBlow","infinitespire:FutureSight"]},{"damage_healed":0,"gold_gain":78,"player_choice":"Gained Gold","damage_taken":0,"max_hp_gain":0,"max_hp_loss":0,"event_name":"Golden Wing","floor":12,"gold_loss":0},{"damage_healed":0,"gold_gain":0,"player_choice":"Rummage","damage_taken":0,"relics_obtained":["WarpedTongs"],"max_hp_gain":0,"max_hp_loss":0,"event_name":"Accursed Blacksmith","floor":22,"gold_loss":0,"cards_obtained":["Pain"]}],"is_beta":false,"boss_relics":[{"not_picked":["champ:PowerArmor","hubris:VirtuousBlindfold"],"picked":"Philosopher\u0027s Stone"},{"not_picked":["Ring of Chaos","Runic Dome"],"picked":"hubris:Spice"}],"items_purged_floors":[26],"is_endless":false,"potions_floor_spawned":[2,3,6,15,16,23,28,31,33,42,43,44,48,49],"ascension_level":0}}