{"host":"j4b88pk2ewfl8ntk","time":1614105034,"event":{"mods":["2.2 Compatiblity","BaseMod","Bestiary","Colored Map","Colored Powertips","Curses Come First","Highlight Path","Keyboard Shortcuts","Minty Spire (QoL Compilation)","Relic Stats","StSLib","SuperFastMode"],"gold_per_floor":[161,111,36,51,51,51,79,79,79,93,93,124,124,142,142,237,237,250,175,175,29,44,79,79,97,97,127,127,144,144,171,171,272,272,286,286,286,306,316,316,134,147,147,166,166,184,184,212,212,212],"floor_reached":51,"language":"ENG","playtime":2332,"items_purged":["Defend_P","Normality"],"score":1264,"play_id":"be663de2-56fd-48c7-94dc-d2cd6be743c6","local_time":"20210223223034","is_ascension_mode":true,"campfire_choices":[{"data":"Eruption","floor":6,"key":"SMITH"},{"data":"FlurryOfBlows","floor":8,"key":"SMITH"},{"data":"Protect","floor":15,"key":"SMITH"},{"floor":24,"key":"REST"},{"floor":30,"key":"REST"},{"floor":32,"key":"REST"},{"data":"BattleHymn","floor":40,"key":"SMITH"},{"data":"Panacea","floor":45,"key":"SMITH"},{"data":"Madness","floor":47,"key":"SMITH"},{"data":"Madness","floor":49,"key":"SMITH"}],"circlet_count":0,"master_deck":["Strike_P","Strike_P","Defend_P","Defend_P+1","Eruption+1","Vigilance","EmptyBody","FollowUp","FlurryOfBlows+1","Protect+1","BattleHymn+1","Consecrate","FlurryOfBlows+1","Evaluate+1","Crescendo+1","FlurryOfBlows","Madness+1","Madness+1","Protect+1","Panacea+1","Sanctity","Wallop","EmptyFist+1","FlurryOfBlows+1"],"relics":["Tiny House","Juzu Bracelet","Meat on the Bone","Bottled Lightning","Shuriken","Cursed Key","Sling","InkBottle","Prayer Wheel","Singing Bowl","Enchiridion","Centennial Puzzle","Coffee Dripper","White Beast Statue"],"acts_visited":["Exordium","TheCity","TheBeyond"],"potions_floor_usage":[7,7,12,12,16,16,27,27,33,39,44],"damage_taken":[{"damage":9,"enemies":"2 Louse","floor":1,"turns":4},{"damage":0,"enemies":"Jaw Worm","floor":4,"turns":4},{"damage":0,"enemies":"Gremlin Nob","floor":7,"turns":3},{"damage":0,"enemies":"Cultist","floor":10,"turns":2},{"damage":0,"enemies":"Lagavulin","floor":12,"turns":4},{"damage":0,"enemies":"Large Slime","floor":14,"turns":2},{"damage":11,"enemies":"Slime Boss","floor":16,"turns":8},{"damage":15,"enemies":"2 Thieves","floor":18,"turns":4},{"damage":4,"enemies":"3 Byrds","floor":22,"turns":4},{"damage":44,"enemies":"Book of Stabbing","floor":23,"turns":5},{"damage":1,"enemies":"Centurion and Healer","floor":25,"turns":4},{"damage":5,"enemies":"Slavers","floor":27,"turns":3},{"damage":0,"enemies":"Sentry and Sphere","floor":29,"turns":4},{"damage":23,"enemies":"Book of Stabbing","floor":31,"turns":4},{"damage":28,"enemies":"Champ","floor":33,"turns":10},{"damage":2,"enemies":"3 Darklings","floor":35,"turns":4},{"damage":11,"enemies":"Orb Walker","floor":38,"turns":4},{"damage":5,"enemies":"Maw","floor":39,"turns":5},{"damage":0,"enemies":"Spire Growth","floor":42,"turns":3},{"damage":0,"enemies":"Transient","floor":44,"turns":5},{"damage":2,"enemies":"Sphere and 2 Shapes","floor":46,"turns":3},{"damage":9,"enemies":"Nemesis","floor":48,"turns":3},{"damage":42,"enemies":"Donu and Deca","floor":50,"turns":8}],"seed_played":"6905859265737570193","potions_obtained":[{"floor":0,"key":"DistilledChaos"},{"floor":5,"key":"Block Potion"},{"floor":5,"key":"SteroidPotion"},{"floor":5,"key":"EntropicBrew"},{"floor":12,"key":"Explosive Potion"},{"floor":23,"key":"Block Potion"},{"floor":25,"key":"CultistPotion"},{"floor":29,"key":"Fire Potion"},{"floor":31,"key":"ColorlessPotion"},{"floor":38,"key":"Block Potion"},{"floor":42,"key":"Weak Potion"}],"is_trial":false,"path_per_floor":["M","?","$","M","?","R","E","R","T","M","?","E","?","M","R","B",null,"M","?","?","$","M","E","R","M","T","E","?","M","R","E","R","B",null,"M","?","?","M","M","R","$","M","T","M","R","M","R","E","R","B",null],"character_chosen":"WATCHER","items_purchased":["Sling","Panacea"],"campfire_rested":3,"item_purchase_floors":[21,41],"current_hp_per_floor":[61,61,61,61,61,61,61,61,61,61,54,54,36,48,48,49,70,55,55,77,77,73,41,64,63,63,60,44,46,70,49,73,47,76,76,68,57,50,59,59,59,59,59,63,63,63,63,54,54,24],"gold":212,"neow_bonus":"BOSS_RELIC","is_daily":false,"chose_seed":false,"campfire_upgraded":7,"win_rate":0.0,"timestamp":1614105034,"path_taken":["M","?","$","M","?","R","E","R","T","M","?","E","?","M","R","BOSS","M","?","?","$","M","E","R","M","T","E","?","M","R","E","R","BOSS","M","?","?","M","M","R","$","M","T","M","R","M","R","E","R","BOSS"],"items_purchased_type":["Relic","Card"],"build_version":"2020-12-22","purchased_purges":2,"victory":true,"max_hp_per_floor":[77,77,77,77,77,77,77,77,77,77,77,77,77,77,77,77,77,77,77,77,77,77,77,77,77,77,79,79,81,81,83,83,85,85,87,87,87,91,93,93,93,93,93,97,97,99,99,99,99,99],"relic_stats":{"Centennial Puzzle":[21],"Singing Bowl":22,"counters":[23,100],"Shuriken":[72],"Prayer Wheel":7,"Juzu Bracelet":2,"Cursed Key":1,"obtain_stats":[{"Tiny House":0,"Singing Bowl":27,"Enchiridion":28,"Juzu Bracelet":7,"Cursed Key":17,"Sling":21,"White Beast Statue":48,"Centennial Puzzle":31,"Shuriken":13,"Prayer Wheel":26,"Coffee Dripper":34,"Bottled Lightning":12,"PureWater":0,"InkBottle":23,"Meat on the Bone":9},{"Tiny House":0,"Singing Bowl":12,"Enchiridion":12,"Juzu Bracelet":3,"Cursed Key":7,"Sling":8,"White Beast Statue":22,"Centennial Puzzle":14,"Shuriken":5,"Prayer Wheel":11,"Coffee Dripper":15,"Bottled Lightning":5,"PureWater":0,"InkBottle":10,"Meat on the Bone":3},{"Tiny House":0,"Singing Bowl":47,"Enchiridion":47,"Juzu Bracelet":11,"Cursed Key":27,"Sling":31,"White Beast Statue":92,"Centennial Puzzle":55,"Shuriken":17,"Prayer Wheel":44,"Coffee Dripper":65,"Bottled Lightning":17,"PureWater":0,"InkBottle":40,"Meat on the Bone":11}],"InkBottle":[34],"Meat on the Bone":60},"card_choices":[{"not_picked":["JustLucky","Crescendo"],"picked":"EmptyBody","floor":0},{"not_picked":["CrushJoints","FlyingSleeves"],"picked":"FollowUp","floor":1},{"not_picked":["FlyingSleeves","ClearTheMind"],"picked":"FlurryOfBlows","floor":4},{"not_picked":["Devotion","Adaptation"],"picked":"Protect","floor":7},{"not_picked":["BowlingBash","ThirdEye"],"picked":"BattleHymn","floor":10},{"not_picked":["BowlingBash","Worship","FlyingSleeves"],"picked":"SKIP","floor":12},{"not_picked":["BowlingBash","LikeWater"],"picked":"Consecrate","floor":14},{"not_picked":["Evaluate","ClearTheMind"],"picked":"FlurryOfBlows+1","floor":18},{"not_picked":["Collect","FearNoEvil","FlyingSleeves"],"picked":"SKIP","floor":22},{"not_picked":["Omniscience","Swivel"],"picked":"Evaluate+1","floor":23},{"not_picked":["ClearTheMind","Halt","CutThroughFate"],"picked":"SKIP","floor":25},{"not_picked":["WheelKick","JustLucky","EmptyBody"],"picked":"Singing Bowl","floor":27},{"not_picked":["PathToVictory","SashWhip"],"picked":"Crescendo+1","floor":29},{"not_picked":["Omniscience","JustLucky","Swivel+1"],"picked":"Singing Bowl","floor":29},{"not_picked":["ClearTheMind","Fasting2+1","Evaluate"],"picked":"Singing Bowl","floor":31},{"not_picked":["SpiritShield","Devotion","ConjureBlade"],"picked":"Singing Bowl","floor":33},{"not_picked":["CrushJoints","Perseverance+1"],"picked":"FlurryOfBlows","floor":35},{"not_picked":["ClearTheMind","Prostrate","SignatureMove+1"],"picked":"Singing Bowl","floor":35},{"not_picked":["Nirvana","CarveReality","InnerPeace+1"],"picked":"Singing Bowl","floor":38},{"not_picked":["Halt","PathToVictory","BowlingBash"],"picked":"Singing Bowl","floor":38},{"not_picked":["Tantrum+1","EmptyMind","BowlingBash+1"],"picked":"Singing Bowl","floor":39},{"not_picked":["SashWhip+1","CrushJoints"],"picked":"Protect+1","floor":39},{"not_picked":["ThirdEye","ReachHeaven"],"picked":"Sanctity","floor":42},{"not_picked":["Brilliance","CutThroughFate"],"picked":"Wallop","floor":42},{"not_picked":["Halt","CutThroughFate","SignatureMove+1"],"picked":"Singing Bowl","floor":44},{"not_picked":["BattleHymn","SashWhip","Vengeance"],"picked":"Singing Bowl","floor":44},{"not_picked":["Crescendo","Evaluate","WindmillStrike+1"],"picked":"Singing Bowl","floor":46},{"not_picked":["JustLucky+1","ClearTheMind"],"picked":"EmptyFist+1","floor":46},{"not_picked":["Evaluate","CutThroughFate+1"],"picked":"FlurryOfBlows+1","floor":48}],"player_experience":1248342,"relics_obtained":[{"floor":7,"key":"Juzu Bracelet"},{"floor":9,"key":"Meat on the Bone"},{"floor":12,"key":"Bottled Lightning"},{"floor":23,"key":"InkBottle"},{"floor":26,"key":"Prayer Wheel"},{"floor":27,"key":"Singing Bowl"},{"floor":28,"key":"Enchiridion"},{"floor":31,"key":"Centennial Puzzle"},{"floor":48,"key":"White Beast Statue"}],"event_choices":[{"cards_removed":["Strike_P"],"damage_healed":0,"gold_gain":0,"player_choice":"Card Removal","damage_taken":0,"max_hp_gain":0,"max_hp_loss":0,"event_name":"The Cleric","floor":2,"gold_loss":50},{"damage_healed":0,"gold_gain":0,"player_choice":"Got Potions","damage_taken":0,"max_hp_gain":0,"max_hp_loss":0,"event_name":"Lab","floor":5,"gold_loss":0},{"cards_removed":["Defend_P"],"damage_healed":0,"gold_gain":0,"player_choice":"Card Removal","damage_taken":7,"max_hp_gain":0,"max_hp_loss":0,"event_name":"Golden Wing","floor":11,"gold_loss":0},{"damage_healed":0,"gold_gain":0,"player_choice":"Success","damage_taken":18,"relics_obtained":["Shuriken"],"max_hp_gain":0,"max_hp_loss":0,"event_name":"Scrap Ooze","floor":13,"gold_loss":0},{"cards_removed":["Strike_P"],"damage_healed":0,"gold_gain":0,"player_choice":"Gave Gold","damage_taken":0,"max_hp_gain":0,"max_hp_loss":0,"event_name":"Beggar","floor":19,"gold_loss":75},{"damage_healed":25,"gold_gain":0,"player_choice":"Heal","damage_taken":0,"max_hp_gain":0,"max_hp_loss":0,"event_name":"The Library","floor":20,"gold_loss":0},{"damage_healed":0,"gold_gain":0,"player_choice":"Obtained Book","damage_taken":16,"max_hp_gain":0,"max_hp_loss":0,"event_name":"Cursed Tome","floor":28,"gold_loss":0},{"damage_healed":0,"gold_gain":0,"player_choice":"Damaged","damage_taken":8,"max_hp_gain":0,"max_hp_loss":0,"event_name":"Wheel of Change","floor":36,"gold_loss":0},{"damage_healed":0,"gold_gain":0,"player_choice":"Embrace Madness","damage_taken":11,"max_hp_gain":0,"max_hp_loss":0,"event_name":"Winding Halls","floor":37,"gold_loss":0,"cards_obtained":["Madness","Madness"]}],"is_beta":false,"boss_relics":[{"not_picked":["SacredBark","VioletLotus"],"picked":"Cursed Key"},{"not_picked":["Fusion Hammer","Runic Pyramid"],"picked":"Coffee Dripper"}],"items_purged_floors":[3,41],"is_endless":false,"potions_floor_spawned":[12,14,23,25,29,31,38,42],"ascension_level":9}}