{"host":"4bjf3jtd8i13astb","time":1614119215,"event":{"mods":["AchievementEnabler","BaseMod","Colored Map","Colored Powertips","Highlight Path","Minty Spire (QoL Compilation)","StSLib"],"gold_per_floor":[17,17,36,54,329,356,356,373,373,389,389,389,389,409,409,504,504,518,528,538,313,313,313,21,32,32,61,61,61,61,16,16,113,113,123,136,11,11,23,23,43,56,56,11,11,24,40,0,0,0,0],"floor_reached":50,"language":"ENG","playtime":2654,"items_purged":["Regret","Strike_R","Strike_R"],"score":464,"play_id":"8be19d00-fcde-4c7e-ae1f-712ac2e4fa11","local_time":"20210223172655","is_ascension_mode":false,"campfire_choices":[{"data":"Berserk","floor":7.0,"key":"SMITH"},{"data":"Armaments","floor":11.0,"key":"SMITH"},{"data":"Bash","floor":13.0,"key":"SMITH"},{"floor":15.0,"key":"REST"},{"data":"Bludgeon","floor":23,"key":"SMITH"},{"data":"Mayhem","floor":28,"key":"SMITH"},{"data":"Wild Strike","floor":30,"key":"SMITH"},{"data":"True Grit","floor":32,"key":"SMITH"},{"data":"Juggernaut","floor":40,"key":"SMITH"},{"floor":45,"key":"REST"},{"floor":49,"key":"REST"}],"circlet_count":0,"master_deck":["Strike_R","Strike_R","Defend_R","Defend_R","Defend_R","Defend_R","Bash+1","Berserk+1","Cleave","Armaments+1","Wild Strike","Shrug It Off","Shrug It Off","Thunderclap","Pommel Strike","Bludgeon+1","Immolate","Berserk+1","Mayhem+1","Wild Strike+1","True Grit+1","Juggernaut+1","Seeing Red+1","Carnage","True Grit","Inflame"],"relics":["Burning Blood","Kunai","White Beast Statue","MealTicket","Mark of Pain","DollysMirror","Juzu Bracelet","Letter Opener","Busted Crown","Mercury Hourglass","Red Mask"],"acts_visited":["Exordium","TheCity","TheBeyond"],"potions_floor_usage":[25,27,33,36,39,47,50,50],"damage_taken":[{"damage":7.0,"enemies":"2 Louse","floor":1.0,"turns":4.0},{"damage":0.0,"enemies":"Small Slimes","floor":3.0,"turns":3.0},{"damage":1.0,"enemies":"Cultist","floor":4.0,"turns":3.0},{"damage":47.0,"enemies":"Lagavulin","floor":6.0,"turns":8.0},{"damage":15.0,"enemies":"Exordium Wildlife","floor":8.0,"turns":4.0},{"damage":10.0,"enemies":"Blue Slaver","floor":10.0,"turns":4.0},{"damage":18.0,"enemies":"Exordium Thugs","floor":14.0,"turns":6.0},{"damage":20.0,"enemies":"The Guardian","floor":16.0,"turns":10.0},{"damage":24,"enemies":"2 Thieves","floor":18,"turns":4},{"damage":1,"enemies":"Spheric Guardian","floor":19,"turns":3},{"damage":20,"enemies":"Snake Plant","floor":20,"turns":4},{"damage":18,"enemies":"3 Cultists","floor":25,"turns":4},{"damage":44,"enemies":"Book of Stabbing","floor":27,"turns":6},{"damage":58,"enemies":"Collector","floor":33,"turns":8},{"damage":24,"enemies":"Orb Walker","floor":35,"turns":4},{"damage":9,"enemies":"3 Shapes","floor":36,"turns":4},{"damage":46,"enemies":"Transient","floor":39,"turns":5},{"damage":26,"enemies":"3 Darklings","floor":41,"turns":3},{"damage":11,"enemies":"Maw","floor":42,"turns":6},{"damage":20,"enemies":"4 Shapes","floor":46,"turns":6},{"damage":0,"enemies":"Transient","floor":47,"turns":5},{"damage":69,"enemies":"Time Eater","floor":50,"turns":4}],"seed_played":"7526851201297324474","potions_obtained":[{"floor":3.0,"key":"Fire Potion"},{"floor":10.0,"key":"GamblersBrew"},{"floor":14.0,"key":"DistilledChaos"},{"floor":16.0,"key":"Explosive Potion"},{"floor":18,"key":"DistilledChaos"},{"floor":19,"key":"FairyPotion"},{"floor":25,"key":"ElixirPotion"},{"floor":27,"key":"Swift Potion"},{"floor":33,"key":"Swift Potion"},{"floor":35,"key":"Weak Potion"},{"floor":36,"key":"SteroidPotion"},{"floor":39,"key":"LiquidMemories"},{"floor":47,"key":"LiquidBronze"}],"is_trial":false,"path_per_floor":["M","?","M","M","?","E","R","M","T","M","R","T","R","M","R","B",null,"M","M","M","$","?","R","$","M","T","E","R","$","R","$","R","B",null,"M","M","$","?","M","R","M","M","T","$","R","M","M","?","R","B"],"character_chosen":"IRONCLAD","items_purchased":["DollysMirror","Mayhem","True Grit","True Grit"],"campfire_rested":3,"item_purchase_floors":[21,24,31,44],"current_hp_per_floor":[79,79,80,80,80,39,39,30,30,26,26,26,26,14,38,24,80,62,67,53,68,53,53,68,56,56,18,18,33,33,48,48,31,85,67,64,79,79,39,39,19,14,14,29,53,39,45,45,69,0,0],"gold":0,"neow_bonus":"THREE_RARE_CARDS","is_daily":false,"chose_seed":false,"campfire_upgraded":8,"win_rate":0.0,"timestamp":1614119215,"path_taken":["M","?","M","M","?","E","R","M","T","?","R","?","R","M","R","BOSS","M","M","M","$","?","R","?","M","T","E","R","$","R","$","R","BOSS","M","M","$","?","M","R","M","M","T","$","R","M","M","?","R","BOSS"],"items_purchased_type":["Relic","Card","Card","Card"],"build_version":"2020-12-22","purchased_purges":3,"victory":false,"max_hp_per_floor":[80,80,80,80,80,80,80,80,80,80,80,80,80,80,80,80,80,80,80,80,80,85,85,85,85,85,85,85,85,85,85,85,85,85,85,85,85,81,81,81,81,81,81,81,81,81,81,81,81,81,81],"card_choices":[{"not_picked":["Bludgeon","Brutality"],"picked":"Berserk","floor":0.0},{"not_picked":["Flame Barrier","Whirlwind"],"picked":"Cleave","floor":1.0},{"not_picked":["Clothesline","Dual Wield"],"picked":"Armaments","floor":3.0},{"not_picked":["Uppercut","Heavy Blade"],"picked":"Wild Strike","floor":4.0},{"not_picked":["Sword Boomerang","Perfected Strike"],"picked":"Shrug It Off","floor":6.0},{"not_picked":["Seeing Red","Perfected Strike"],"picked":"Shrug It Off","floor":8.0},{"not_picked":["Entrench","Headbutt"],"picked":"Thunderclap","floor":10.0},{"not_picked":["Twin Strike","Bludgeon"],"picked":"Pommel Strike","floor":14.0},{"not_picked":["Fiend Fire","Brutality"],"picked":"Bludgeon","floor":16.0},{"not_picked":["Rupture","Perfected Strike","Anger"],"picked":"SKIP","floor":18},{"not_picked":["Iron Wave","Headbutt","Sword Boomerang+1"],"picked":"SKIP","floor":19},{"not_picked":["Body Slam+1","Twin Strike"],"picked":"Immolate","floor":20},{"not_picked":["Iron Wave","Thunderclap","Uppercut"],"picked":"SKIP","floor":25},{"not_picked":["Headbutt","Sever Soul"],"picked":"Wild Strike","floor":27},{"not_picked":["Demon Form","Bludgeon"],"picked":"Juggernaut","floor":33},{"not_picked":[],"picked":"Seeing Red+1","floor":35},{"not_picked":["Hemokinesis"],"picked":"SKIP","floor":36},{"not_picked":["Cleave+1"],"picked":"SKIP","floor":39},{"not_picked":[],"picked":"Carnage","floor":41},{"not_picked":["Body Slam+1"],"picked":"SKIP","floor":42},{"not_picked":[],"picked":"Inflame","floor":46},{"not_picked":["Twin Strike"],"picked":"SKIP","floor":47}],"player_experience":1220627,"relics_obtained":[{"floor":6.0,"key":"Kunai"},{"floor":9.0,"key":"White Beast Statue"},{"floor":12.0,"key":"MealTicket"},{"floor":26,"key":"Juzu Bracelet"},{"floor":27,"key":"Letter Opener"},{"floor":43,"key":"Mercury Hourglass"}],"event_choices":[{"cards_removed":["Strike_R"],"damage_healed":0.0,"max_hp_gain":0.0,"max_hp_loss":0.0,"gold_gain":0.0,"event_name":"Living Wall","player_choice":"Forget","floor":2.0,"gold_loss":0.0,"damage_taken":0.0},{"damage_healed":0.0,"max_hp_gain":0.0,"max_hp_loss":0.0,"gold_gain":275.0,"event_name":"Golden Shrine","player_choice":"Desecrate","floor":5.0,"gold_loss":0.0,"damage_taken":0.0,"cards_obtained":["Regret"]},{"damage_healed":0,"gold_gain":0,"player_choice":"Shed Blood","damage_taken":20,"max_hp_gain":5,"max_hp_loss":0,"event_name":"Forgotten Altar","floor":22,"gold_loss":0},{"damage_healed":0,"gold_gain":0,"player_choice":"Max HP","damage_taken":0,"max_hp_gain":0,"max_hp_loss":4,"event_name":"Winding Halls","floor":38,"gold_loss":0},{"damage_healed":0,"gold_gain":0,"player_choice":"Paid","damage_taken":0,"relics_obtained":["Red Mask"],"max_hp_gain":0,"max_hp_loss":0,"event_name":"Tomb of Lord Red Mask","floor":48,"gold_loss":40}],"is_beta":false,"boss_relics":[{"not_picked":["Astrolabe","Snecko Eye"],"picked":"Mark of Pain"},{"not_picked":["Pandora\u0027s Box","Fusion Hammer"],"picked":"Busted Crown"}],"items_purged_floors":[21,24,37],"is_endless":false,"potions_floor_spawned":[3,10,14,16,18,19,20,25,27,33,35,36,39,41,42,46,47],"killed_by":"Time Eater","ascension_level":0}}