{"host":"vpaavrwbmey593fx","time":1614109916,"event":{"mods":["AchievementEnabler","BaseMod","Bestiary","Colored Map","Colored Powertips","DeckTracker","Minty Spire (QoL Compilation)","Relic Sorter"],"gold_per_floor":[18,18,30,47,58,58,68,103,153,153,153,185,185,214,214,214,214],"floor_reached":16,"language":"ENG","playtime":1094,"items_purged":[],"score":180,"play_id":"a218be0c-3822-4d25-88c0-1b6a40c6f7db","local_time":"20210223115156","is_ascension_mode":true,"campfire_choices":[{"data":"Cloak And Dagger","floor":6,"key":"SMITH"},{"data":"Doppelganger","floor":15,"key":"SMITH"}],"circlet_count":0,"master_deck":["AscendersBane","Strike_G","Strike_G","Strike_G","Strike_G","Defend_G","Defend_G","Defend_G","Defend_G","Defend_G","Survivor","Neutralize","Cloak And Dagger+1","Predator","Blur","Doppelganger+1","PiercingWail"],"relics":["Ring of the Snake","Tingsha","StrikeDummy","Regal Pillow","The Courier","Mercury Hourglass","NlothsMask","Smiling Mask"],"acts_visited":["Exordium"],"potions_floor_usage":[8,12,16],"damage_taken":[{"damage":0,"enemies":"Small Slimes","floor":1,"turns":5},{"damage":4,"enemies":"Cultist","floor":3,"turns":4},{"damage":0,"enemies":"2 Louse","floor":4,"turns":2},{"damage":3,"enemies":"Blue Slaver","floor":5,"turns":3},{"damage":18,"enemies":"Lots of Slimes","floor":7,"turns":6},{"damage":24,"enemies":"Lagavulin","floor":8,"turns":10},{"damage":1,"enemies":"Gremlin Nob","floor":12,"turns":3},{"damage":13,"enemies":"3 Sentries","floor":14,"turns":6},{"damage":23,"enemies":"Hexaghost","floor":16,"turns":10}],"seed_played":"-7069065259657216966","potions_obtained":[{"floor":3,"key":"EssenceOfSteel"},{"floor":8,"key":"SteroidPotion"},{"floor":14,"key":"Poison Potion"}],"is_trial":false,"path_per_floor":["M","?","M","M","M","R","M","E","T","?","T","E","?","E","R","B"],"character_chosen":"THE_SILENT","items_purchased":[],"campfire_rested":0,"item_purchase_floors":[],"current_hp_per_floor":[63,63,59,59,56,56,38,14,14,37,37,36,36,23,23,0,0],"gold":214,"neow_bonus":"ONE_RARE_RELIC","is_daily":false,"chose_seed":false,"campfire_upgraded":2,"win_rate":0.0,"timestamp":1614109916,"path_taken":["M","?","M","M","?","R","M","E","T","?","?","E","?","E","R","BOSS"],"items_purchased_type":[],"build_version":"2020-12-22","purchased_purges":0,"victory":false,"max_hp_per_floor":[70,70,70,70,70,70,70,70,70,70,70,70,70,70,70,70,70],"card_choices":[{"not_picked":["Backflip","Sucker Punch"],"picked":"Cloak And Dagger","floor":1},{"not_picked":["Backflip","Prepared"],"picked":"Predator","floor":3},{"not_picked":["Endless Agony","Cloak And Dagger","Deflect"],"picked":"SKIP","floor":4},{"not_picked":["Endless Agony","Outmaneuver","Flying Knee"],"picked":"SKIP","floor":5},{"not_picked":["Slice","Eviscerate"],"picked":"Blur","floor":7},{"not_picked":["Backflip","Dagger Spray","Heel Hook"],"picked":"SKIP","floor":8},{"not_picked":["Acrobatics","Eviscerate"],"picked":"Doppelganger","floor":12},{"not_picked":["Cloak And Dagger","Flying Knee"],"picked":"PiercingWail","floor":14}],"player_experience":410795,"relics_obtained":[{"floor":8,"key":"StrikeDummy"},{"floor":9,"key":"Regal Pillow"},{"floor":11,"key":"The Courier"},{"floor":12,"key":"Mercury Hourglass"},{"floor":14,"key":"Smiling Mask"}],"event_choices":[{"cards_removed":["Strike_G"],"damage_healed":0,"gold_gain":0,"player_choice":"Offered Basic","damage_taken":0,"max_hp_gain":0,"max_hp_loss":0,"event_name":"Bonfire Elementals","floor":2,"gold_loss":0},{"damage_healed":23,"gold_gain":0,"player_choice":"Banana","damage_taken":0,"max_hp_gain":0,"max_hp_loss":0,"event_name":"Big Fish","floor":10,"gold_loss":0},{"damage_healed":0,"gold_gain":0,"player_choice":"Trade","damage_taken":0,"relics_obtained":["NlothsMask"],"max_hp_gain":0,"max_hp_loss":0,"event_name":"FaceTrader","floor":13,"gold_loss":0}],"is_beta":false,"boss_relics":[],"items_purged_floors":[],"is_endless":false,"potions_floor_spawned":[3,8,14],"killed_by":"Hexaghost","ascension_level":10}}