{"host":"88k5ybcf55kxe2cn","time":1614115948,"event":{"mods":["BaseMod","Colored Map","Colored Powertips","Minty Spire (QoL Compilation)"],"gold_per_floor":[118,137,137,137,137,181,181,220,220,495,519,559,559,580,580,705,705,690,703,721,100,100,100,100],"floor_reached":23,"language":"SPA","playtime":1706,"items_purged":["Regret"],"score":271,"play_id":"cff848d7-9b81-416b-9d08-807d93d8cf0a","local_time":"20210223223228","is_ascension_mode":true,"campfire_choices":[{"data":"Eruption","floor":7.0,"key":"SMITH"},{"data":"Tantrum","floor":15.0,"key":"SMITH"}],"circlet_count":0,"master_deck":["Defend_P","Defend_P","Defend_P","Defend_P","Eruption+1","Vigilance","Madness","EmptyFist","Tantrum+1","PathToVictory","Alpha","Swivel","Wallop","Wireheading","Devotion","WreathOfFlame+1","Protect+1","Halt+1","CarveReality","Bite","Bite","Bite","Bite","Bite"],"relics":["PureWater","Golden Idol","Pocketwatch","Bottled Flame","Turnip","Vajra","SlaversCollar","Kunai","Question Card"],"acts_visited":[],"potions_floor_usage":[],"damage_taken":[{"damage":3.0,"enemies":"2 Louse","floor":1.0,"turns":3.0},{"damage":2.0,"enemies":"Small Slimes","floor":2.0,"turns":3.0},{"damage":0.0,"enemies":"Lagavulin","floor":6.0,"turns":4.0},{"damage":11.0,"enemies":"Gremlin Nob","floor":8.0,"turns":3.0},{"damage":9.0,"enemies":"Jaw Worm","floor":11.0,"turns":2.0},{"damage":20.0,"enemies":"3 Sentries","floor":12.0,"turns":7.0},{"damage":2.0,"enemies":"Lots of Slimes","floor":14.0,"turns":3.0},{"damage":8.0,"enemies":"The Guardian","floor":16.0,"turns":7.0},{"damage":8.0,"enemies":"2 Thieves","floor":18.0,"turns":4.0},{"damage":0.0,"enemies":"Spheric Guardian","floor":19.0,"turns":1.0},{"damage":46.0,"enemies":"Centurion and Healer","floor":20.0,"turns":6.0},{"damage":18,"enemies":"Slavers","floor":23,"turns":1}],"seed_played":"5425991702841125901","potions_obtained":[{"floor":1.0,"key":"EntropicBrew"},{"floor":12.0,"key":"Energy Potion"},{"floor":16.0,"key":"EssenceOfSteel"},{"floor":19.0,"key":"ColorlessPotion"}],"is_trial":false,"path_per_floor":["M","M","$","?","?","E","R","E","T","?","M","E","?","M","R","B",null,"M","M","M","$","?","E"],"character_chosen":"WATCHER","items_purchased":["Kunai","Question Card","CarveReality"],"campfire_rested":0,"item_purchase_floors":[21,21,21],"current_hp_per_floor":[69,67,67,67,60,60,60,49,49,49,40,20,44,42,42,34,72,64,64,18,18,18,0,0],"gold":100,"neow_bonus":"RANDOM_COLORLESS","is_daily":false,"chose_seed":false,"campfire_upgraded":2,"win_rate":0.0,"timestamp":1614115948,"path_taken":["M","M","$","?","?","E","R","E","T","?","?","E","?","M","R","BOSS","M","M","M","$","?","E"],"items_purchased_type":["Relic","Relic","Card"],"build_version":"2020-12-22","purchased_purges":1,"victory":false,"max_hp_per_floor":[72,72,72,72,72,72,72,72,72,72,72,72,72,72,72,72,72,72,72,72,72,50,50,50],"card_choices":[{"not_picked":["Trip","Flash of Steel"],"picked":"Madness","floor":0.0},{"not_picked":["Evaluate","ThirdEye"],"picked":"EmptyFist","floor":1.0},{"not_picked":["Crescendo","Worship"],"picked":"Tantrum","floor":2.0},{"not_picked":["Collect","SashWhip"],"picked":"PathToVictory","floor":6.0},{"not_picked":["BowlingBash","Halt"],"picked":"Alpha","floor":8.0},{"not_picked":["Crescendo","ThirdEye"],"picked":"Swivel","floor":11.0},{"not_picked":["BowlingBash","CutThroughFate"],"picked":"Wallop","floor":12.0},{"not_picked":["Protect","WaveOfTheHand"],"picked":"Wireheading","floor":14.0},{"not_picked":["Wish","Brilliance"],"picked":"Devotion","floor":16.0},{"not_picked":["Meditate+1","ReachHeaven"],"picked":"WreathOfFlame+1","floor":18.0},{"not_picked":["ThirdEye+1","CrushJoints"],"picked":"Protect+1","floor":19.0},{"not_picked":["FearNoEvil","ReachHeaven"],"picked":"Halt+1","floor":20.0}],"player_experience":219540,"relics_obtained":[{"floor":6.0,"key":"Pocketwatch"},{"floor":8.0,"key":"Bottled Flame"},{"floor":9.0,"key":"Turnip"},{"floor":12.0,"key":"Vajra"}],"event_choices":[{"damage_healed":0.0,"max_hp_gain":0.0,"max_hp_loss":0.0,"gold_gain":0.0,"event_name":"Golden Idol","player_choice":"Take Wound","floor":4.0,"gold_loss":0.0,"damage_taken":0.0,"relics_obtained":["Golden Idol"],"cards_obtained":["Injury"]},{"cards_removed":["Injury"],"damage_healed":0.0,"max_hp_gain":0.0,"max_hp_loss":0.0,"gold_gain":0.0,"event_name":"Golden Wing","player_choice":"Card Removal","floor":5.0,"gold_loss":0.0,"damage_taken":7.0},{"damage_healed":0.0,"max_hp_gain":0.0,"max_hp_loss":0.0,"gold_gain":275.0,"event_name":"Golden Shrine","player_choice":"Desecrate","floor":10.0,"gold_loss":0.0,"damage_taken":0.0,"cards_obtained":["Regret"]},{"damage_healed":24.0,"max_hp_gain":0.0,"max_hp_loss":0.0,"gold_gain":0.0,"event_name":"Big Fish","player_choice":"Banana","floor":13.0,"gold_loss":0.0,"damage_taken":0.0},{"damage_healed":0.0,"max_hp_gain":0.0,"max_hp_loss":22.0,"gold_gain":0.0,"event_name":"Vampires","player_choice":"Became a vampire","floor":22.0,"gold_loss":0.0,"damage_taken":0.0,"cards_obtained":["Bite","Bite","Bite","Bite","Bite"]}],"is_beta":false,"boss_relics":[{"not_picked":["Ectoplasm","Runic Pyramid"],"picked":"SlaversCollar"}],"items_purged_floors":[21],"is_endless":false,"potions_floor_spawned":[1,12,16,19],"killed_by":"Slavers","ascension_level":1}}