{"host":"kvh5342rl0c7vxi5","time":1614045496,"event":{"mods":["Act Like it!","BaseMod","Bestiary","Better Third Choice","Challenge The Spire","Downfall","Duelist Mod","GifTheSpireLib","Gremlin Mod","Hermit","Hubris","Ironclad Rager","Jorbs\u0027s Wanderer Trilogy","Melee Mod","Minty Spire (QoL Compilation)","Potionbrewer","Quick Restart","Relic Stats","Spicy Shops","Spire Arcade","StSLib","SuperFastMode","The Forsaken","The Judge","The Mystic","The Poker Player","The Sage","slay the spire mod where everything is the same but ironclad has a cowboy hat"],"gold_per_floor":[118,118,135,210,310,310,328,328,328,36,46,46,62,62,62,163,163,182,193,103,118,118,143,143,157,183,183,27,27,27],"floor_reached":29,"language":"ENG","playtime":2055,"items_purged":["theForsaken:PlagueCurse"],"score":258,"play_id":"61c4a00a-ee29-4d03-8914-3b2303f86428","local_time":"20210222205816","is_ascension_mode":false,"campfire_choices":[{"data":"potionbrewer:VolatileSolution","floor":6,"key":"SMITH"},{"data":"potionbrewer:ChemicalSpill","floor":8,"key":"SMITH"},{"data":"potionbrewer:FlareUp","floor":12,"key":"SMITH"},{"data":"potionbrewer:Collect","floor":15,"key":"SMITH"},{"data":"potionbrewer:EmptyBottle","floor":24,"key":"SMITH"},{"data":"potionbrewer:AnotherRound","floor":27,"key":"SMITH"}],"circlet_count":0,"master_deck":["potionbrewer:Collect+1","potionbrewer:ChemicalSpill+1","potionbrewer:VolatileSolution+1","potionbrewer:Refill","potionbrewer:ChemicalWeapons","potionbrewer:Smack+1","potionbrewer:FlareUp+1","Trip","potionbrewer:Prototype","potionbrewer:Shovel","potionbrewer:Prototype","potionbrewer:RefinedProcess","potionbrewer:Accelerant","potionbrewer:PortableLab","potionbrewer:Bribery","potionbrewer:EmptyBottle+1","potionbrewer:Smack","potionbrewer:Catalyze+1","potionbrewer:Prototype","potionbrewer:Prototype","Insight","potionbrewer:AnotherRound+1","potionbrewer:Prototype","potionbrewer:ChemicalRage"],"relics":["potionbrewer:PotionKit","theForsaken:PlagueMask","hubris:MysteriousPyramids","Pandora\u0027s Box","Gambling Chip","Juzu Bracelet","StoneCalendar"],"acts_visited":["Exordium","TheCity"],"potions_floor_usage":[7,11,13,16,16,18,18,21,21,23,25,29,29],"damage_taken":[{"damage":4,"enemies":"2 Louse","floor":1,"turns":4},{"damage":2,"enemies":"Small Slimes","floor":3,"turns":4},{"damage":7,"enemies":"Cultist","floor":7,"turns":5},{"damage":3,"enemies":"2 Fungi Beasts","floor":11,"turns":4},{"damage":2,"enemies":"Blue Slaver","floor":13,"turns":3},{"damage":46,"enemies":"The Guardian","floor":16,"turns":9},{"damage":0,"enemies":"Shell Parasite","floor":18,"turns":3},{"damage":0,"enemies":"Chosen","floor":19,"turns":4},{"damage":19,"enemies":"Sentry and Sphere","floor":21,"turns":5},{"damage":17,"enemies":"Slavers","floor":23,"turns":4},{"damage":0,"enemies":"Snake Plant","floor":25,"turns":2},{"damage":6,"enemies":"Colosseum Slavers","floor":29,"turns":4},{"damage":5,"enemies":"Colosseum Nobs","floor":29,"turns":3}],"seed_played":"1228283747349948180","potions_obtained":[{"floor":16,"key":"BlessingOfTheForge"},{"floor":19,"key":"potionbrewer:QuicksilverPotion"},{"floor":25,"key":"AttackPotion"}],"is_trial":false,"path_per_floor":["M","?","M","?","?","R","M","R","T","$","M","R","M","?","R","B",null,"M","M","?","M","?","E","R","M","T","R","$","?"],"character_chosen":"POTIONBREWER","items_purchased":["potionbrewer:Smack","potionbrewer:FlareUp","Trip","potionbrewer:ChemicalRage","StoneCalendar"],"campfire_rested":0,"item_purchase_floors":[10,10,10,28,28],"current_hp_per_floor":[78,78,76,65,65,65,58,58,58,58,55,55,53,53,53,7,82,82,82,82,63,63,46,46,46,46,46,46,35,35],"gold":27,"neow_bonus":"TEN_PERCENT_HP_BONUS","is_daily":false,"chose_seed":false,"campfire_upgraded":6,"win_rate":0.0,"timestamp":1614045496,"path_taken":["M","?","M","?","?","R","M","R","T","$","M","R","?","?","R","BOSS","M","M","?","?","?","E","R","M","T","R","$","?"],"items_purchased_type":["Card","Card","Card","Card","Relic"],"build_version":"2020-12-22","purchased_purges":1,"victory":false,"max_hp_per_floor":[82,82,82,82,82,82,82,82,82,82,82,82,82,82,82,82,82,82,82,82,82,82,82,82,82,82,82,82,82,82],"relic_stats":{"counters":[13,54],"Gambling Chip":[6],"Pandora\u0027s Box":["potionbrewer:RefinedProcess","potionbrewer:Accelerant","potionbrewer:PortableLab","potionbrewer:Bribery","potionbrewer:EmptyBottle","potionbrewer:ExplosiveReaction","potionbrewer:Smack","potionbrewer:Catalyze"],"StoneCalendar":[0],"Juzu Bracelet":0,"obtain_stats":[{"Gambling Chip":23,"Pandora\u0027s Box":17,"StoneCalendar":28,"Juzu Bracelet":26,"hubris:MysteriousPyramids":9,"theForsaken:PlagueMask":2,"potionbrewer:PotionKit":0},{"Gambling Chip":10,"Pandora\u0027s Box":6,"StoneCalendar":11,"Juzu Bracelet":11,"hubris:MysteriousPyramids":3,"theForsaken:PlagueMask":1,"potionbrewer:PotionKit":0},{"Gambling Chip":45,"Pandora\u0027s Box":29,"StoneCalendar":47,"Juzu Bracelet":47,"hubris:MysteriousPyramids":13,"theForsaken:PlagueMask":4,"potionbrewer:PotionKit":0}]},"card_choices":[{"not_picked":["potionbrewer:UnstableFormula","potionbrewer:Biohazard"],"picked":"potionbrewer:VolatileSolution","floor":1},{"not_picked":["potionbrewer:BalancedFormula","potionbrewer:Contingency"],"picked":"potionbrewer:Refill","floor":3},{"not_picked":["potionbrewer:Smokescreen","potionbrewer:LabJournal"],"picked":"potionbrewer:ChemicalWeapons","floor":7},{"not_picked":["potionbrewer:UnstableFormula","potionbrewer:TestFormula","potionbrewer:IronHeart"],"picked":"potionbrewer:Prototype","floor":11},{"not_picked":["potionbrewer:BlindingSpray","potionbrewer:QuickStep"],"picked":"potionbrewer:Shovel","floor":13},{"not_picked":["potionbrewer:Transmute","potionbrewer:Catalyze","potionbrewer:BeatDown"],"picked":"potionbrewer:Prototype","floor":16},{"not_picked":["potionbrewer:OneTwoPunch","potionbrewer:BlindingSpray","potionbrewer:ExplosiveReaction"],"picked":"SKIP","floor":18},{"not_picked":["potionbrewer:CausticBarrier","potionbrewer:FlashPowder","potionbrewer:CrossReference"],"picked":"potionbrewer:Prototype","floor":19},{"not_picked":["potionbrewer:CrossReference","potionbrewer:OneTwoPunch","potionbrewer:QuickStep"],"picked":"potionbrewer:Prototype","floor":21},{"not_picked":["potionbrewer:Toxicity","potionbrewer:VolatileSolution"],"picked":"potionbrewer:AnotherRound","floor":23},{"not_picked":["potionbrewer:DigDeep","potionbrewer:CrossReference","potionbrewer:Toxicity"],"picked":"potionbrewer:Prototype","floor":25}],"player_experience":603799,"relics_obtained":[{"floor":9,"key":"hubris:MysteriousPyramids"},{"floor":23,"key":"Gambling Chip"},{"floor":26,"key":"Juzu Bracelet"}],"event_choices":[{"damage_healed":0,"gold_gain":0,"player_choice":"Obtain Plague Curse","damage_taken":0,"max_hp_gain":0,"max_hp_loss":0,"event_name":"Plague Doctor","floor":2,"gold_loss":0,"cards_obtained":["theForsaken:PlagueCurse"]},{"damage_healed":0,"gold_gain":75,"player_choice":"Gold","damage_taken":11,"max_hp_gain":0,"max_hp_loss":0,"event_name":"betterThird:BetterGoop","floor":4,"gold_loss":0},{"damage_healed":0,"gold_gain":100,"player_choice":"Pray","damage_taken":0,"max_hp_gain":0,"max_hp_loss":0,"event_name":"Golden Shrine","floor":5,"gold_loss":0},{"cards_removed":["potionbrewer:ExplosiveReaction"],"damage_healed":0,"gold_gain":0,"player_choice":"Upgrade and Remove","damage_taken":0,"max_hp_gain":0,"max_hp_loss":0,"event_name":"Designer","floor":20,"gold_loss":90,"cards_upgraded":["potionbrewer:Catalyze"]},{"damage_healed":0,"gold_gain":0,"player_choice":"Insight","damage_taken":0,"max_hp_gain":0,"max_hp_loss":0,"event_name":"betterThird:BetterWriting","floor":22,"gold_loss":0,"cards_obtained":["Insight"]},{"damage_healed":0,"gold_gain":0,"player_choice":"Fight","damage_taken":0,"max_hp_gain":0,"max_hp_loss":0,"event_name":"Colosseum","floor":29,"gold_loss":0},{"damage_healed":0,"gold_gain":0,"player_choice":"Fought Nobs","damage_taken":0,"max_hp_gain":0,"max_hp_loss":0,"event_name":"Colosseum","floor":29,"gold_loss":0}],"is_beta":false,"boss_relics":[{"not_picked":["Tiny House","Empty Cage"],"picked":"Pandora\u0027s Box"}],"items_purged_floors":[10],"is_endless":false,"potions_floor_spawned":[16,19,25,29],"killed_by":"Colosseum Nobs","ascension_level":0}}