{"host":"d2gh6suihlstufn7","time":1614056934,"event":{"mods":["AchievementEnabler","BaseMod","Colored Map","Colored Powertips","Minty Spire (QoL Compilation)","Permanent Neow","Quick Restart"],"gold_per_floor":[109,127,127,141,161,161,161,173,173,173,187,213,230,256,256,359,359,370,380,380,380,380,380,397,397,397],"floor_reached":25,"language":"KOR","playtime":490,"items_purged":[],"score":205,"play_id":"f5af59be-1c59-43d5-a91a-4fbbf0e8787b","local_time":"20210223140854","is_ascension_mode":false,"campfire_choices":[{"data":"Immolate","floor":6.0,"key":"SMITH"},{"data":"Spot Weakness","floor":10.0,"key":"SMITH"},{"data":"Battle Trance","floor":15.0,"key":"SMITH"},{"data":"Fire Breathing","floor":23,"key":"SMITH"}],"circlet_count":0,"master_deck":["Strike_R","Strike_R","Strike_R","Strike_R","Strike_R","Defend_R","Defend_R","Defend_R","Defend_R","Bash","Immolate+1","Spot Weakness+1","Battle Trance+1","Immolate","Sentinel","Barricade","Fire Breathing+1"],"relics":["Burning Blood","Omamori","Anchor","Bottled Flame","Smiling Mask","SlaversCollar","MutagenicStrength","Pantograph"],"acts_visited":["Exordium","TheCity"],"potions_floor_usage":[19],"damage_taken":[{"damage":6.0,"enemies":"Jaw Worm","floor":1.0,"turns":3.0},{"damage":1.0,"enemies":"Cultist","floor":2.0,"turns":3.0},{"damage":0.0,"enemies":"Small Slimes","floor":4.0,"turns":3.0},{"damage":17.0,"enemies":"Exordium Wildlife","floor":5.0,"turns":4.0},{"damage":14.0,"enemies":"Blue Slaver","floor":8.0,"turns":3.0},{"damage":0.0,"enemies":"3 Louse","floor":11.0,"turns":1.0},{"damage":8.0,"enemies":"Gremlin Nob","floor":12.0,"turns":3.0},{"damage":0.0,"enemies":"Gremlin Gang","floor":13.0,"turns":1.0},{"damage":37.0,"enemies":"Slime Boss","floor":16.0,"turns":5.0},{"damage":5.0,"enemies":"3 Byrds","floor":18.0,"turns":3.0},{"damage":9,"enemies":"2 Thieves","floor":19,"turns":3},{"damage":34,"enemies":"Snake Plant","floor":24,"turns":5},{"damage":19,"enemies":"Centurion and Healer","floor":25,"turns":3}],"seed_played":"1809810361684026993","potions_obtained":[{"floor":4.0,"key":"Dexterity Potion"},{"floor":11.0,"key":"FearPotion"},{"floor":16.0,"key":"SneckoOil"},{"floor":18.0,"key":"ElixirPotion"}],"is_trial":false,"path_per_floor":["M","M","?","M","M","R","?","M","T","R","M","E","M","T","R","B",null,"M","M","?","?","T","R","M","M"],"character_chosen":"IRONCLAD","items_purchased":[],"campfire_rested":0,"item_purchase_floors":[],"current_hp_per_floor":[80,80,80,80,69,69,69,61,61,61,67,65,71,71,71,40,80,80,77,62,62,62,62,34,15,15],"gold":397,"neow_bonus":"ONE_RANDOM_RARE_CARD","is_daily":false,"chose_seed":false,"campfire_upgraded":4,"win_rate":0.0,"timestamp":1614056934,"path_taken":["M","M","?","?","M","R","?","M","T","R","M","E","M","?","R","BOSS","M","M","?","?","?","R","M","?"],"items_purchased_type":[],"build_version":"2020-12-22","purchased_purges":0,"victory":false,"max_hp_per_floor":[80,80,80,80,80,80,80,80,80,80,80,80,80,80,80,80,80,80,80,85,85,85,85,85,85,85],"card_choices":[{"not_picked":["Cleave","Infernal Blade","Clothesline"],"picked":"SKIP","floor":1.0},{"not_picked":["Havoc","Rampage"],"picked":"Headbutt","floor":2.0},{"not_picked":["Carnage","Clash","Headbutt"],"picked":"SKIP","floor":4.0},{"not_picked":["Perfected Strike","Ghostly Armor"],"picked":"Spot Weakness","floor":5.0},{"not_picked":["Twin Strike","Pummel"],"picked":"Battle Trance","floor":8.0},{"not_picked":["Perfected Strike","Anger","Rampage"],"picked":"SKIP","floor":11.0},{"not_picked":["Combust","Armaments"],"picked":"Immolate","floor":12.0},{"not_picked":["Heavy Blade","Hemokinesis"],"picked":"Sentinel","floor":13.0},{"not_picked":["Feed","Brutality"],"picked":"Barricade","floor":16.0},{"not_picked":["Flex+1","Clothesline+1"],"picked":"Fire Breathing","floor":18.0},{"not_picked":["True Grit","Cleave","Shrug It Off"],"picked":"SKIP","floor":19},{"not_picked":["Warcry","Flex","Rampage"],"picked":"SKIP","floor":24}],"player_experience":190994,"relics_obtained":[{"floor":9.0,"key":"Anchor"},{"floor":12.0,"key":"Bottled Flame"},{"floor":14.0,"key":"Smiling Mask"},{"floor":22,"key":"Pantograph"}],"event_choices":[{"cards_removed":["Headbutt"],"damage_healed":0.0,"max_hp_gain":0.0,"max_hp_loss":0.0,"gold_gain":0.0,"event_name":"WeMeetAgain","player_choice":"Gave Card","floor":3.0,"gold_loss":0.0,"damage_taken":0.0,"relics_obtained":["Omamori"]},{"damage_healed":0.0,"max_hp_gain":0.0,"max_hp_loss":0.0,"gold_gain":0.0,"event_name":"Dead Adventurer","player_choice":"Searched \u00271\u0027 times","floor":7.0,"gold_loss":0.0,"damage_taken":0.0},{"damage_healed":0,"gold_gain":0,"player_choice":"Shed Blood","damage_taken":20,"max_hp_gain":5,"max_hp_loss":0,"event_name":"Forgotten Altar","floor":20,"gold_loss":0},{"damage_healed":0,"gold_gain":0,"player_choice":"Inject Mutagens","damage_taken":0,"relics_obtained":["MutagenicStrength"],"max_hp_gain":0,"max_hp_loss":0,"event_name":"Drug Dealer","floor":21,"gold_loss":0}],"is_beta":false,"boss_relics":[{"not_picked":["Runic Dome","Ectoplasm"],"picked":"SlaversCollar"}],"items_purged_floors":[],"is_endless":false,"potions_floor_spawned":[4,11,16,18],"killed_by":"Centurion and Healer","ascension_level":0}}