{"host":"o88u0awh8mkwl1l8","time":1614050958,"event":{"mods":["BaseMod","Colored Map","Highlight Path","Minty Spire (QoL Compilation)","Relic Sorter"],"gold_per_floor":[116,135,149,149,224,224,256,256,308,130,156,172,190,190,190,262,262,272,290,290,29,42,42,74,74,74,88,88,107,107,118,118,195,195,205,205,218,218,85,85,112,112,112,146,146,162,188,201,201,201,201],"floor_reached":52,"language":"JPN","playtime":3451,"items_purged":["Strike_G","Strike_G+1"],"score":1940,"play_id":"d059cb5e-56b8-4bba-a121-861f8d8d7dbc","local_time":"20210223122918","is_ascension_mode":true,"campfire_choices":[{"floor":6.0,"key":"REST"},{"data":"Corpse Explosion","floor":8.0,"key":"SMITH"},{"floor":15.0,"key":"REST"},{"data":"Catalyst","floor":23.0,"key":"SMITH"},{"floor":25.0,"key":"REST"},{"data":"Thinking Ahead","floor":30.0,"key":"SMITH"},{"data":"Noxious Fumes","floor":32.0,"key":"SMITH"},{"data":"Night Terror","floor":40.0,"key":"SMITH"},{"data":"Well Laid Plans","floor":42.0,"key":"SMITH"},{"data":"Deep Breath","floor":45.0,"key":"SMITH"},{"data":"Calculated Gamble","floor":49.0,"key":"SMITH"}],"circlet_count":0,"master_deck":["AscendersBane","Strike_G+1","Strike_G+1","Strike_G+1","Defend_G+1","Defend_G+1","Defend_G+1","Defend_G+1","Defend_G+1","Survivor","Neutralize","Corpse Explosion+1","Backflip+1","Bane+1","Cloak And Dagger","Dark Shackles","Night Terror+1","Bane","Deadly Poison","Adrenaline","Noxious Fumes+1","Well Laid Plans+1","Thinking Ahead+1","Catalyst+1","Caltrops+1","PiercingWail","Adrenaline","Deep Breath+1","PiercingWail","Escape Plan","Calculated Gamble+1"],"relics":["Ring of the Snake","Sundial","FossilizedHelix","Bronze Scales","Bag of Marbles","Black Star","Membership Card","Ancient Tea Set","Eternal Feather","Philosopher\u0027s Stone","Lee\u0027s Waffle","Happy Flower","Singing Bowl","Akabeko","Vajra","Pear","White Beast Statue"],"acts_visited":["Exordium","TheCity","TheBeyond"],"potions_floor_usage":[],"damage_taken":[{"damage":2.0,"enemies":"2 Louse","floor":1.0,"turns":3.0},{"damage":2.0,"enemies":"Jaw Worm","floor":2.0,"turns":5.0},{"damage":2.0,"enemies":"Small Slimes","floor":3.0,"turns":3.0},{"damage":36.0,"enemies":"Gremlin Nob","floor":7.0,"turns":4.0},{"damage":1.0,"enemies":"3 Sentries","floor":11.0,"turns":4.0},{"damage":0.0,"enemies":"Exordium Wildlife","floor":12.0,"turns":2.0},{"damage":0.0,"enemies":"2 Fungi Beasts","floor":13.0,"turns":1.0},{"damage":31.0,"enemies":"Slime Boss","floor":16.0,"turns":9.0},{"damage":0.0,"enemies":"3 Byrds","floor":18.0,"turns":3.0},{"damage":4.0,"enemies":"Shell Parasite","floor":19.0,"turns":4.0},{"damage":7.0,"enemies":"Snecko","floor":22.0,"turns":6.0},{"damage":27.0,"enemies":"Book of Stabbing","floor":24.0,"turns":5.0},{"damage":6.0,"enemies":"3 Cultists","floor":27.0,"turns":3.0},{"damage":0.0,"enemies":"Centurion and Healer","floor":29.0,"turns":2.0},{"damage":0.0,"enemies":"Shelled Parasite and Fungi","floor":31.0,"turns":3.0},{"damage":8.0,"enemies":"Collector","floor":33.0,"turns":6.0},{"damage":0.0,"enemies":"3 Shapes","floor":35.0,"turns":5.0},{"damage":8.0,"enemies":"3 Darklings","floor":37.0,"turns":4.0},{"damage":17.0,"enemies":"Reptomancer","floor":41.0,"turns":7.0},{"damage":19.0,"enemies":"Giant Head","floor":44.0,"turns":7.0},{"damage":0.0,"enemies":"Jaw Worm Horde","floor":46.0,"turns":3.0},{"damage":8.0,"enemies":"Reptomancer","floor":47.0,"turns":5.0},{"damage":0.0,"enemies":"Maw","floor":48.0,"turns":5.0},{"damage":56,"enemies":"Awakened One","floor":50,"turns":10},{"damage":46,"enemies":"Donu and Deca","floor":51,"turns":6}],"seed_played":"-1452800801572225160","potions_obtained":[{"floor":7.0,"key":"Swift Potion"},{"floor":11.0,"key":"ColorlessPotion"},{"floor":16.0,"key":"EssenceOfSteel"},{"floor":27.0,"key":"EssenceOfSteel"},{"floor":29.0,"key":"Energy Potion"},{"floor":31.0,"key":"Dexterity Potion"},{"floor":41.0,"key":"CunningPotion"},{"floor":44.0,"key":"FairyPotion"},{"floor":46.0,"key":"Ancient Potion"}],"is_trial":false,"path_per_floor":["M","M","M","?","?","R","E","R","T","$","E","M","M","?","R","B",null,"M","M","?","$","M","R","E","R","T","M","?","M","R","M","R","B",null,"M","?","M","?","$","R","E","R","T","E","R","M","E","M","R","B","B",null],"character_chosen":"THE_SILENT","items_purchased":["Dark Shackles","Membership Card","Thinking Ahead","Lee\u0027s Waffle"],"campfire_rested":3,"item_purchase_floors":[10,21,21,39],"current_hp_per_floor":[57,55,53,33,22,41,5,5,5,5,4,4,4,26,45,14,53,53,49,49,49,42,42,15,34,34,28,28,28,43,43,58,50,62,62,52,44,44,73,73,58,73,73,54,69,71,73,73,87,31,26],"gold":201,"neow_bonus":"ONE_RANDOM_RARE_CARD","is_daily":false,"chose_seed":false,"campfire_upgraded":8,"win_rate":0.0,"timestamp":1614050958,"path_taken":["M","M","M","?","?","R","E","R","T","$","E","?","M","?","R","BOSS","M","M","?","$","M","R","E","R","T","M","?","M","R","M","R","BOSS","M","?","M","?","$","R","E","R","T","E","R","M","E","M","R","BOSS","BOSS"],"items_purchased_type":["Card","Relic","Card","Relic"],"build_version":"2020-12-22","purchased_purges":2,"victory":true,"max_hp_per_floor":[66,66,66,66,66,66,66,66,66,66,66,66,66,66,66,66,66,66,66,66,66,66,66,66,66,66,66,66,66,66,66,66,66,66,66,66,66,66,73,73,75,75,75,75,75,77,87,87,87,87,87],"card_choices":[{"not_picked":["Deadly Poison","Dodge and Roll"],"picked":"Backflip","floor":1.0},{"not_picked":["Crippling Poison","Finisher"],"picked":"Bane","floor":2.0},{"not_picked":["Skewer","Quick Slash"],"picked":"Dagger Spray","floor":3.0},{"not_picked":["Deadly Poison","Heel Hook"],"picked":"Cloak And Dagger","floor":7.0},{"not_picked":["Blade Dance","Slice"],"picked":"Night Terror","floor":11.0},{"not_picked":["Escape Plan","Backflip"],"picked":"Bane","floor":12.0},{"not_picked":["Quick Slash","Caltrops"],"picked":"Deadly Poison","floor":13.0},{"not_picked":["Envenom","Bullet Time"],"picked":"Adrenaline","floor":16.0},{"not_picked":["Backflip","Flying Knee"],"picked":"Noxious Fumes","floor":18.0},{"not_picked":["Dodge and Roll","Bane"],"picked":"Well Laid Plans","floor":19.0},{"not_picked":["Outmaneuver","Sucker Punch"],"picked":"Catalyst","floor":22.0},{"not_picked":["Poisoned Stab","Infinite Blades"],"picked":"Caltrops+1","floor":24.0},{"not_picked":["Poisoned Stab","Deadly Poison"],"picked":"PiercingWail","floor":27.0},{"not_picked":["Acrobatics","Backflip","Noxious Fumes"],"picked":"SKIP","floor":29.0},{"not_picked":["Flechettes","Heel Hook","Dagger Spray"],"picked":"SKIP","floor":31.0},{"not_picked":["Night Terror","Tools of the Trade"],"picked":"Adrenaline","floor":33.0},{"not_picked":["Slice","Distraction+1","Sucker Punch+1"],"picked":"SKIP","floor":35.0},{"not_picked":["Jack Of All Trades","Sadistic Nature"],"picked":"Deep Breath","floor":36.0},{"not_picked":["Accuracy","Blur","Reflex"],"picked":"SKIP","floor":37.0},{"not_picked":["Glass Knife","Dagger Spray","Sucker Punch"],"picked":"Singing Bowl","floor":41.0},{"not_picked":["Backflip","Sucker Punch"],"picked":"PiercingWail","floor":44.0},{"not_picked":["Blur","Skewer+1","PiercingWail"],"picked":"Singing Bowl","floor":46.0},{"not_picked":["Noxious Fumes","Predator"],"picked":"Escape Plan","floor":47.0},{"not_picked":["Well Laid Plans","Bane"],"picked":"Calculated Gamble","floor":48.0}],"player_experience":1333999,"relics_obtained":[{"floor":7.0,"key":"Bronze Scales"},{"floor":9.0,"key":"Bag of Marbles"},{"floor":11.0,"key":"FossilizedHelix"},{"floor":24.0,"key":"Ancient Tea Set"},{"floor":24.0,"key":"Sundial"},{"floor":26.0,"key":"Eternal Feather"},{"floor":41.0,"key":"Happy Flower"},{"floor":41.0,"key":"Singing Bowl"},{"floor":44.0,"key":"Akabeko"},{"floor":44.0,"key":"Vajra"},{"floor":47.0,"key":"Pear"},{"floor":47.0,"key":"White Beast Statue"}],"event_choices":[{"damage_healed":0.0,"max_hp_gain":0.0,"max_hp_loss":0.0,"gold_gain":0.0,"event_name":"Shining Light","player_choice":"Entered Light","floor":4.0,"gold_loss":0.0,"damage_taken":20.0,"cards_upgraded":["Backflip","Bane"]},{"damage_healed":0.0,"max_hp_gain":0.0,"max_hp_loss":0.0,"gold_gain":75.0,"event_name":"World of Goop","player_choice":"Gather Gold","floor":5.0,"gold_loss":0.0,"damage_taken":11.0},{"damage_healed":22.0,"max_hp_gain":0.0,"max_hp_loss":0.0,"gold_gain":0.0,"event_name":"Big Fish","player_choice":"Banana","floor":14.0,"gold_loss":0.0,"damage_taken":0.0},{"damage_healed":0.0,"max_hp_gain":0.0,"max_hp_loss":0.0,"gold_gain":0.0,"event_name":"Back to Basics","player_choice":"Simplicity","floor":20.0,"gold_loss":0.0,"damage_taken":0.0,"cards_upgraded":["Strike_G","Strike_G","Strike_G","Strike_G","Defend_G","Defend_G","Defend_G","Defend_G","Defend_G"]},{"damage_healed":0.0,"max_hp_gain":0.0,"max_hp_loss":0.0,"gold_gain":0.0,"event_name":"The Mausoleum","player_choice":"Ignored","floor":28.0,"gold_loss":0.0,"damage_taken":0.0},{"damage_healed":0.0,"max_hp_gain":0.0,"max_hp_loss":0.0,"gold_gain":0.0,"event_name":"SensoryStone","player_choice":"Memory 3","floor":36.0,"gold_loss":0.0,"damage_taken":10.0},{"cards_removed":["Dagger Spray"],"damage_healed":0.0,"max_hp_gain":0.0,"max_hp_loss":0.0,"gold_gain":0.0,"event_name":"Falling","player_choice":"Removed Attack","floor":38.0,"gold_loss":0.0,"damage_taken":0.0}],"is_beta":false,"boss_relics":[{"not_picked":["SacredBark","Runic Pyramid"],"picked":"Black Star"},{"not_picked":["Calling Bell","Astrolabe"],"picked":"Philosopher\u0027s Stone"}],"items_purged_floors":[10,39],"is_endless":false,"potions_floor_spawned":[7,11,16,27,29,31,33,41,44,46,48],"ascension_level":20}}