{"host":"gm50ke85n5jz306u","time":1614116934,"event":{"mods":["AchievementEnabler","AlwaysNeverKeys","Aspiration","BaseMod","Beaked The Cultist","Bestiary","Better Altar","Better Match","Better Note","Better Sensory Stone","Better Skull","Better Third Choice","Better Vampires","Better-Laid Plans","BetterRewards","Colored Powertips","Curses Come First","DNKmod","Defuse TimeMaze Blight","Disable Question Mark Monsters","Displayed Cursed Tome","Downfall","Emptier Cage","Extra Virgin Snecko Oil","Filter the Spire","Friendly Minions","Gremlin Skip","Hermit","Hubris","Hyrulean Relics","Ironclad Rager","Koishi","Lobotomy","Marisa????????","Marked Mod","Minty Spire (QoL Compilation)","Permanent Neow","Poor People Problems","Quick Restart","Reimu??????","Relic Filter Mod","Relic Sorter","Remove Card Discount Mod","Reorder Act Four","Replay The Spire","Shop Mod","StSLib","Synergy Search","Td1madao Mod","The Administrix","The Animator","The Blue Laboratory","The Bug Knight","The Construct","The Cursed","The Disciple","The Hierophant","The Necromancer","The Runesmith","The Senshi","The Servant 0.9.4","The Witch","Thieving Mod","Transform Curses","WarShipGirlsR/????R mod","Youmu??????"],"gold_per_floor":[10013,10027,10046,9378,9395,9430,9430,9457,9457,9457,9474,9474,9485,9502,9502,9598,9598,9612,9627,9627,9727,9740,9740,9216,8570,8596,8596,8612,8640,8640,8650,8650,8749,8749,8768,8768,8612,8642,8407,8407,8427,8460,8508,8508,8042,8096,8096,8114,8114,8114],"floor_reached":51,"language":"ENG","playtime":3889,"items_purged":["beaked:Ceremony","beaked:Ceremony","beaked:Ceremony","beaked:Strike_Y","beaked:Defend_Y","beaked:Strike_Y"],"score":905,"play_id":"26fbb131-4d3e-49f7-9f64-89240115debe","local_time":"20210223224854","is_ascension_mode":false,"campfire_choices":[{"data":"beaked:BloodRitual","floor":7.0,"key":"SMITH"},{"data":"beaked:BraceForImpact","floor":10.0,"key":"SMITH"},{"data":"beaked:BraceForImpact","floor":15.0,"key":"SMITH"},{"data":"beaked:Windmill","floor":23.0,"key":"SMITH"},{"data":"1","floor":27.0,"key":"LIFT"},{"data":"2","floor":30.0,"key":"LIFT"},{"data":"3","floor":32.0,"key":"LIFT"},{"data":"beaked:Strike_Y","floor":40.0,"key":"SMITH"},{"data":"beaked:Defend_Y","floor":44,"key":"SMITH"},{"data":"beaked:Defend_Y","floor":49,"key":"SMITH"}],"circlet_count":0,"master_deck":["beaked:Strike_Y+1","beaked:Strike_Y+1","beaked:Strike_Y","beaked:Strike_Y+1","beaked:Defend_Y+1","beaked:Defend_Y+1","beaked:Defend_Y","beaked:BraceForImpact+1","beaked:Windmill+1","beaked:BloodRitual+1","beaked:Insight+1","beaked:BraceForImpact+1","beaked:DigDeep+1","beaked:DigDeep+1","beaked:BraceForImpact+1","Blind+1","beaked:Overpower+1","beaked:KnowThyFoe+1","beaked:Overpower+1"],"relics":["beaked:MendingPlumage","hubris:Icosahedron","Shuriken","Snack Pack","StoneCalendar","Incense Burner","Mastiff:ReiMu","Art of War","Pondfish Scales","Oddly Smooth Stone","Girya","Thread and Needle","hubris:ScarierMask","MerchantsRug","hubris:ToyBattleship","Toy Ornithopter","Guide Book","Toxic Egg 2","aspiration:MobileForge","Blue Doll","MealTicket","beaked:ThroatLozenge","Replay:Baseball","CatCart"],"acts_visited":["Exordium","TheCity","TheBeyond"],"potions_floor_usage":[50,50,50],"damage_taken":[{"damage":0.0,"enemies":"Cultist","floor":1.0,"turns":4.0},{"damage":7.0,"enemies":"Small Slimes","floor":2.0,"turns":4.0},{"damage":10.0,"enemies":"Jaw Worm","floor":3.0,"turns":4.0},{"damage":13.0,"enemies":"2 Fungi Beasts","floor":5.0,"turns":4.0},{"damage":35.0,"enemies":"Lagavulin","floor":6.0,"turns":8.0},{"damage":24.0,"enemies":"3 Sentries","floor":8.0,"turns":5.0},{"damage":0.0,"enemies":"Blue Slaver","floor":11.0,"turns":4.0},{"damage":12.0,"enemies":"Exordium Wildlife","floor":13.0,"turns":3.0},{"damage":14.0,"enemies":"3 Louse","floor":14.0,"turns":5.0},{"damage":50.0,"enemies":"The Guardian","floor":16.0,"turns":8.0},{"damage":22.0,"enemies":"3 Byrds","floor":18.0,"turns":5.0},{"damage":33.0,"enemies":"Chosen","floor":19.0,"turns":5.0},{"damage":34.0,"enemies":"Shelled Parasite and Fungi","floor":22.0,"turns":6.0},{"damage":34.0,"enemies":"Snecko","floor":28.0,"turns":8.0},{"damage":76.0,"enemies":"Book of Stabbing","floor":29.0,"turns":7.0},{"damage":0.0,"enemies":"Sentry and Sphere","floor":31.0,"turns":3.0},{"damage":68.0,"enemies":"Pondfish","floor":33.0,"turns":13.0},{"damage":12.0,"enemies":"3 Shapes","floor":35.0,"turns":3.0},{"damage":18.0,"enemies":"Orb Walker","floor":41.0,"turns":3.0},{"damage":13,"enemies":"HollowMod:StalkingDevout","floor":42,"turns":7},{"damage":25,"enemies":"Orin","floor":46,"turns":6},{"damage":12,"enemies":"3 Darklings","floor":48,"turns":4},{"damage":38,"enemies":"Time Eater","floor":50,"turns":8}],"seed_played":"-6492783974009563121","potions_obtained":[{"floor":3.0,"key":"beaked:MendingBrew"},{"floor":5.0,"key":"blueLaboratory:SavagePotion"},{"floor":6.0,"key":"blueLaboratory:PhilterOfMotion"},{"floor":19.0,"key":"Cursed Concoction"},{"floor":22.0,"key":"EssenceOfSteel"},{"floor":42,"key":"blueLaboratory:Moonshine"}],"is_trial":false,"path_per_floor":["M","M","M","$","M","E","R","E","T","R","M","?","M","M","R","B",null,"M","M","?","?","M","R","$","$","T","R","M","E","R","M","R","B",null,"M","?","$","?","$","R","M","E","T","R","$","?","?","M","R","B",null],"character_chosen":"BEAKED_THE_CULTIST","items_purchased":["MerchantsRug","Pondfish Scales","hubris:ToyBattleship","beaked:Insight","Girya","Guide Book","Death Potion","Toxic Egg 2","beaked:BraceForImpact+1","Bottled Tornado","Blind+1","Blue Doll","MealTicket","beaked:ThroatLozenge","Thread and Needle","Mastiff:ReiMu"],"campfire_rested":0,"item_purchase_floors":[4,4,4,4,24,24,24,25,25,25,25,37,39,39,45,45],"current_hp_per_floor":[50,46,48,48,46,36,36,36,36,36,50,50,50,50,50,35,50,43,41,41,41,50,50,50,50,50,50,49,35,35,46,46,48,50,48,48,48,36,36,36,44,45,45,45,50,42,42,42,42,50],"gold":8114,"neow_bonus":"THREE_CARDS","is_daily":false,"chose_seed":false,"campfire_upgraded":7,"win_rate":0.0,"timestamp":1614116934,"path_taken":["M","?","M","$","M","E","R","E","T","R","M","?","M","M","R","BOSS","M","M","?","?","M","R","?","$","T","R","?","E","R","M","R","BOSS","M","?","$","?","$","R","?","E","T","R","$","?","?","?","R","BOSS"],"items_purchased_type":["Relic","Relic","Relic","Card","Relic","Relic","Potion","Relic","Card","Relic","Card","Relic","Relic","Relic","Relic","Relic"],"build_version":"2020-12-22","purchased_purges":6,"victory":true,"max_hp_per_floor":[50,50,50,50,50,50,50,50,50,50,50,50,50,50,50,50,50,50,50,50,50,50,50,50,50,50,50,50,50,50,50,50,50,50,50,50,50,50,50,50,50,50,50,50,50,50,50,50,50,50],"card_choices":[{"not_picked":["beaked:Negation","beaked:FeelMyPain"],"picked":"beaked:BraceForImpact","floor":0.0},{"not_picked":["beaked:Overexert","beaked:DigDeep"],"picked":"beaked:Windmill","floor":1.0},{"not_picked":["beaked:SacrificialAttack","ReplayTheSpireMod:Prepare the Ceremony","beaked:Tradeoff"],"picked":"SKIP","floor":2.0},{"not_picked":["beaked:Daydream","ReplayTheSpireMod:Wings of Steel"],"picked":"beaked:BloodRitual","floor":3.0},{"not_picked":["beaked:Resilience","beaked:SacrificialAttack","beaked:BloodRitual"],"picked":"SKIP","floor":5.0},{"not_picked":["beaked:Tweet","beaked:Resilience","beaked:Brainwash"],"picked":"SKIP","floor":6.0},{"not_picked":["beaked:TuckingFeathers","beaked:Evade","beaked:Tradeoff"],"picked":"SKIP","floor":8.0},{"not_picked":["beaked:FeelMyPain","beaked:TuckingFeathers","beaked:SurvivalInstinct"],"picked":"SKIP","floor":11.0},{"not_picked":["beaked:CursingBlood","beaked:MimicWarrior","beaked:SurvivalInstinct"],"picked":"SKIP","floor":13.0},{"not_picked":["beaked:Foresight","beaked:FeelMyPain"],"picked":"beaked:BraceForImpact","floor":14.0},{"not_picked":["beaked:Evade+1","beaked:RuinSticks+1","beaked:FeelMyPain"],"picked":"SKIP","floor":18.0},{"not_picked":["beaked:Resilience","beaked:Daydream"],"picked":"beaked:DigDeep+1","floor":19.0},{"not_picked":["beaked:Brace+1","beaked:MachineSpirit+1","beaked:Flinch"],"picked":"SKIP","floor":22.0},{"not_picked":["beaked:Insight","beaked:Poke","beaked:Tradeoff+1"],"picked":"SKIP","floor":28.0},{"not_picked":["beaked:WarriorEssence","beaked:CrazyRituals","beaked:Redirect+1"],"picked":"SKIP","floor":29.0},{"not_picked":["beaked:BarbedWire+1","beaked:Evade+1","beaked:SacrificialDive+1"],"picked":"SKIP","floor":31.0},{"not_picked":["beaked:Tradeoff+1","beaked:SurvivalInstinct+1","beaked:Roost+1"],"picked":"SKIP","floor":35.0},{"not_picked":["beaked:Struggle+1","beaked:Insight"],"picked":"beaked:Overpower+1","floor":41.0},{"not_picked":["beaked:Molting+1","beaked:SacrificialAttack+1"],"picked":"beaked:KnowThyFoe+1","floor":42},{"not_picked":["beaked:DigDeep+1","beaked:Insight"],"picked":"beaked:Overpower+1","floor":48}],"player_experience":435477,"relics_obtained":[{"floor":6.0,"key":"Snack Pack"},{"floor":8.0,"key":"Toy Ornithopter"},{"floor":9.0,"key":"Shuriken"},{"floor":26.0,"key":"Art of War"},{"floor":29.0,"key":"StoneCalendar"},{"floor":38.0,"key":"Incense Burner"},{"floor":42,"key":"Oddly Smooth Stone"},{"floor":43,"key":"Replay:Baseball"},{"floor":46,"key":"CatCart"}],"event_choices":[{"damage_healed":0.0,"max_hp_gain":0.0,"max_hp_loss":0.0,"gold_gain":0.0,"event_name":"Living Wall","player_choice":"Grow","floor":12.0,"gold_loss":0.0,"damage_taken":0.0,"cards_upgraded":["beaked:Insight"]},{"damage_healed":0.0,"max_hp_gain":0.0,"max_hp_loss":0.0,"gold_gain":0.0,"event_name":"Duplicator","player_choice":"Copied","floor":20.0,"gold_loss":0.0,"damage_taken":0.0,"cards_obtained":["beaked:DigDeep"]},{"damage_healed":0.0,"max_hp_gain":0.0,"max_hp_loss":0.0,"gold_gain":100.0,"event_name":"Golden Shrine","player_choice":"Pray","floor":21.0,"gold_loss":0.0,"damage_taken":0.0},{"damage_healed":0,"gold_gain":0,"player_choice":"Fight","damage_taken":0,"max_hp_gain":0,"max_hp_loss":0,"event_name":"OrinTheCat","floor":46,"gold_loss":0},{"damage_healed":0,"gold_gain":3,"player_choice":"1","damage_taken":0,"max_hp_gain":0,"max_hp_loss":0,"event_name":"betterStone:BetterStone","floor":47,"gold_loss":0}],"is_beta":false,"boss_relics":[{"not_picked":["Tiny House","SacredBark"],"picked":"hubris:ScarierMask"},{"not_picked":["aspiration:SecretTechniqueScroll","ReplayTheSpireMod:DimensionalGlitch"],"picked":"aspiration:MobileForge"}],"items_purged_floors":[4,4,4,4,25,45],"is_endless":false,"potions_floor_spawned":[3,5,6,16,18,19,22,42],"ascension_level":0}}