{"host":"Vegetablebread","time":1614118403,"event":{"mods":["BaseMod","Bestiary","Downfall","Minty Spire (QoL Compilation)","Relic Stats","Slay the Relics Exporter","StSLib"],"gold_per_floor":[99,99,24,24,24,54,54,54,67,67,86,106,106,137,154,259,259,259,271,281,281,291,308,331,366,366,383,283,315,315,54,67,172,172,172,182,182,195,195,195,242,253,285,303,303,314,314,325,345,345],"floor_reached":51,"language":"ENG","playtime":5418,"items_purged":["downfall:Malfunctioning"],"score":739,"play_id":"b432700d-470b-4b9d-871e-d2530002146a","local_time":"20210223141323","is_ascension_mode":true,"campfire_choices":[{"data":"Guardian:TwinSlam","floor":1.0,"key":"SMITH"},{"data":"Guardian:BodySlam","floor":13.0,"key":"SMITH"},{"floor":18.0,"key":"RECALL"},{"data":"Guardian:BronzeArmor","floor":28.0,"key":"SMITH"},{"floor":35.0,"key":"REST"},{"floor":45,"key":"REST"},{"floor":47,"key":"REST"}],"circlet_count":0,"master_deck":["Guardian:Strike_Guardian+1","Guardian:Strike_Guardian+1","Guardian:Strike_Guardian+1","Guardian:Defend_Guardian+1","Guardian:Defend_Guardian+1","Guardian:Defend_Guardian+1","Guardian:Defend_Guardian+1","Guardian:CurlUp+1","Guardian:TwinSlam+1","Guardian:BronzeArmor+1","Guardian:CurlUp+1","Guardian:EvasiveProtocol","Guardian:BodySlam+1","Guardian:RollAttack","Guardian:PrimingBeam","Guardian:Recover+1","Guardian:AncientConstruct","Guardian:RevengeProtocol","Guardian:Emergency+1","Guardian:TwinSlam+1","Guardian:DecasProtection+1","Guardian:Clone+1","Guardian:PiercingHide+1","Guardian:PiercingHide+1","Guardian:ShieldCharger+1","Guardian:DecasProtection+1"],"relics":["Guardian:ModeShifter","downfall:HeartsMalice","Blue Candle","Potion Belt","Velvet Choker","Happy Flower","Bottled Lightning","downfall:HeartBlessingRed","Toxic Egg 2","downfall:RedIOU","DollysMirror","Fusion Hammer","Bottled Flame","Blood Vial","War Paint"],"acts_visited":["Exordium","TheCity","TheBeyond"],"potions_floor_usage":[38,50,50,50,50,50,50,50,50],"damage_taken":[{"damage":0.0,"enemies":"downfall:FleeingMerchant","floor":3.0,"turns":1.0},{"damage":0.0,"enemies":"3 Sentries","floor":6.0,"turns":1.0},{"damage":0.0,"enemies":"Jaw Worm","floor":8.0,"turns":1.0},{"damage":0.0,"enemies":"2 Louse","floor":9.0,"turns":3.0},{"damage":0.0,"enemies":"Cultist","floor":10.0,"turns":1.0},{"damage":1.0,"enemies":"2 Fungi Beasts","floor":11.0,"turns":4.0},{"damage":0.0,"enemies":"Red Slaver","floor":12.0,"turns":3.0},{"damage":3.0,"enemies":"Lagavulin","floor":14.0,"turns":8.0},{"damage":0.0,"enemies":"3 Louse","floor":15.0,"turns":4.0},{"damage":14.0,"enemies":"DF_ARCHETYPE_STREAMLINE","floor":16.0,"turns":15.0},{"damage":0.0,"enemies":"Spheric Guardian","floor":19.0,"turns":4.0},{"damage":3.0,"enemies":"Shell Parasite","floor":20.0,"turns":5.0},{"damage":1.0,"enemies":"Snake Plant","floor":22.0,"turns":4.0},{"damage":0.0,"enemies":"Chosen and Byrds","floor":23.0,"turns":6.0},{"damage":11.0,"enemies":"Slavers","floor":25.0,"turns":5.0},{"damage":0.0,"enemies":"Centurion and Healer","floor":27.0,"turns":7.0},{"damage":8.0,"enemies":"Gremlin Leader","floor":29.0,"turns":5.0},{"damage":0.0,"enemies":"downfall:FleeingMerchant","floor":31.0,"turns":4.0},{"damage":0.0,"enemies":"Shelled Parasite and Fungi","floor":32.0,"turns":4.0},{"damage":33.0,"enemies":"IC_MUSHROOM_ARCHETYPE","floor":33.0,"turns":10.0},{"damage":3.0,"enemies":"Orb Walker","floor":36.0,"turns":4.0},{"damage":7,"enemies":"3 Darklings","floor":38,"turns":6},{"damage":41,"enemies":"Maw","floor":42,"turns":9},{"damage":46,"enemies":"Nemesis","floor":43,"turns":8},{"damage":38,"enemies":"Writhing Mass","floor":44,"turns":6},{"damage":0,"enemies":"Jaw Worm Horde","floor":46,"turns":4},{"damage":0,"enemies":"Sphere and 2 Shapes","floor":48,"turns":4},{"damage":0,"enemies":"Spire Growth","floor":49,"turns":5},{"damage":9,"enemies":"WA_ARCHETYPE_DIVINITY","floor":50,"turns":6}],"seed_played":"1452373270780942645","potions_obtained":[{"floor":9.0,"key":"sneckomod:MuddlingPotion"},{"floor":12.0,"key":"SpeedPotion"},{"floor":14.0,"key":"Block Potion"},{"floor":15.0,"key":"Guardian:BlockOnCardUsePotion"},{"floor":16.0,"key":"Weak Potion"},{"floor":20.0,"key":"Energy Potion"},{"floor":22.0,"key":"PowerPotion"},{"floor":23.0,"key":"EssenceOfSteel"},{"floor":29.0,"key":"hexamod:SoulburnPotion"},{"floor":33.0,"key":"Ancient Potion"},{"floor":37.0,"key":"FairyPotion"},{"floor":37.0,"key":"EntropicBrew"},{"floor":37.0,"key":"AttackPotion"},{"floor":42,"key":"FairyPotion"},{"floor":43,"key":"Fire Potion"},{"floor":44,"key":"Fruit Juice"}],"is_trial":false,"path_per_floor":["R","?","$","?","?","E","T","M","M","M","M","M","R","E","M","B",null,"R","M","M","?","M","M","T","E","?","M","R","E","?","$","M","B",null,"R","M","?","M","?","T","T","M","E","M","R","M","R","M","M","B",null],"character_chosen":"GUARDIAN","items_purchased":["DollysMirror","CultistPotion"],"campfire_rested":3,"item_purchase_floors":[31,31],"current_hp_per_floor":[80,80,80,80,80,80,80,80,80,80,79,79,79,76,76,62,80,80,80,77,77,76,76,76,65,65,65,65,57,57,57,57,24,80,80,77,77,70,70,70,70,31,12,24,48,50,74,76,78,76],"gold":345,"neow_bonus":"THREE_ENEMY_KILL","is_daily":false,"chose_seed":false,"campfire_upgraded":3,"win_rate":0.0,"timestamp":1614118403,"path_taken":["R","?","$","?","?","E","T","M","M","M","?","M","R","E","M","BOSS","R","M","M","?","M","?","T","E","?","M","R","E","?","$","M","BOSS","R","M","?","?","?","?","T","M","E","M","R","M","R","M","M","BOSS"],"items_purchased_type":["Relic","Potion"],"build_version":"2020-12-18","purchased_purges":1,"victory":true,"max_hp_per_floor":[80,80,80,80,80,80,80,80,80,80,80,80,80,80,80,80,80,80,80,80,80,80,80,80,80,80,80,80,80,80,80,80,80,80,80,80,80,80,80,80,80,80,80,80,80,80,80,80,80,85],"relic_stats":{"Blood Vial":14,"Happy Flower":[29],"counters":[29,144],"Blue Candle":[0],"War Paint":["Guardian:Recover"],"obtain_stats":[{"Potion Belt":14,"Happy Flower":24,"downfall:HeartBlessingRed":28,"Blue Candle":7,"Guardian:ModeShifter":0,"Velvet Choker":17,"downfall:HeartsMalice":0,"Orichalcum":6,"War Paint":43,"Blood Vial":41,"Bottled Flame":40,"downfall:BrokenWingStatue":4,"DollysMirror":31,"downfall:RedIOU":30,"Fusion Hammer":34,"Bottled Lightning":25,"Toxic Egg 2":29},{"Potion Belt":8,"Happy Flower":14,"downfall:HeartBlessingRed":16,"Blue Candle":2,"Guardian:ModeShifter":0,"Velvet Choker":10,"downfall:HeartsMalice":0,"Orichalcum":2,"War Paint":24,"Blood Vial":22,"Bottled Flame":22,"downfall:BrokenWingStatue":1,"DollysMirror":18,"downfall:RedIOU":17,"Fusion Hammer":20,"Bottled Lightning":15,"Toxic Egg 2":17},{"Potion Belt":19,"Happy Flower":57,"downfall:HeartBlessingRed":69,"Blue Candle":0,"Guardian:ModeShifter":0,"Velvet Choker":38,"downfall:HeartsMalice":0,"Orichalcum":0,"War Paint":119,"Blood Vial":102,"Bottled Flame":102,"downfall:BrokenWingStatue":0,"DollysMirror":78,"downfall:RedIOU":74,"Fusion Hammer":92,"Bottled Lightning":62,"Toxic Egg 2":74}]},"card_choices":[{"not_picked":["Guardian:Gem_Blue","Guardian:PolyBeam"],"picked":"Guardian:BronzeArmor","floor":3.0},{"not_picked":["Guardian:CrystalBeam","Guardian:Clone"],"picked":"Guardian:EvasiveProtocol","floor":6.0},{"not_picked":["Guardian:CrystalBeam","Guardian:TimeCapacitor"],"picked":"Guardian:BodySlam","floor":8.0},{"not_picked":["Guardian:ChargeCore","Guardian:Emergency"],"picked":"Guardian:RollAttack","floor":9.0},{"not_picked":["Guardian:Reroute","Guardian:Gem_Cyan"],"picked":"Guardian:PrimingBeam","floor":10.0},{"not_picked":["Guardian:Incinerate","Guardian:RollAttack"],"picked":"Guardian:Recover","floor":11.0},{"not_picked":["Guardian:PiercingHide","Guardian:WalkerClaw"],"picked":"Guardian:Gem_Synthetic","floor":12.0},{"not_picked":["Guardian:CrystalBeam","Guardian:WalkerClaw","Guardian:VentSteam"],"picked":"SKIP","floor":14.0},{"not_picked":["Guardian:PiercingHide","Guardian:ShieldCharger","Guardian:PrismaticBeam"],"picked":"SKIP","floor":15.0},{"not_picked":["Guardian:RevengeProtocol","Guardian:GemFire"],"picked":"Guardian:AncientConstruct","floor":16.0},{"not_picked":["Guardian:MultiBeam","Guardian:Orbwalk","Guardian:ShieldCharger"],"picked":"SKIP","floor":19.0},{"not_picked":["Guardian:FloatingOrbs","Guardian:Suspension","Guardian:Gem_Cyan"],"picked":"SKIP","floor":20.0},{"not_picked":["Guardian:Gem_Cyan","Guardian:Recover","Guardian:Planning"],"picked":"SKIP","floor":22.0},{"not_picked":["Guardian:GuardianWhirl","Guardian:Clone"],"picked":"Guardian:Gem_Red","floor":23.0},{"not_picked":["Guardian:ChargeCore","Guardian:Gem_Purple"],"picked":"Guardian:Gem_Red","floor":25.0},{"not_picked":["Guardian:GatlingBeam","Guardian:RollAttack"],"picked":"Guardian:Gem_Green","floor":27.0},{"not_picked":["Guardian:VentSteam+1","Guardian:Suspension+1"],"picked":"Guardian:Emergency+1","floor":29.0},{"not_picked":["Guardian:PolyBeam","Guardian:Gem_Cyan","Guardian:RefractedBeam"],"picked":"SKIP","floor":31.0},{"not_picked":["Guardian:RollAttack","Guardian:Gem_Cyan"],"picked":"Guardian:DecasProtection+1","floor":32.0},{"not_picked":["Guardian:BaubleBeam","Guardian:GatlingBeam"],"picked":"Guardian:Gem_Synthetic","floor":33.0},{"not_picked":["Guardian:SentryBeam","Guardian:ShieldCharger+1"],"picked":"Guardian:Clone+1","floor":36.0},{"not_picked":["Guardian:Gem_Green","Guardian:ShieldSpikes+1","Guardian:SentryBeam"],"picked":"SKIP","floor":38},{"not_picked":["Guardian:PrimingBeam","Guardian:Reroute"],"picked":"Guardian:PiercingHide+1","floor":42},{"not_picked":["Guardian:Reroute","Guardian:Gem_Crimson","Guardian:Gem_Green"],"picked":"SKIP","floor":43},{"not_picked":["Guardian:VentSteam+1","Guardian:TemporalStrike+1","Guardian:Gem_Cyan"],"picked":"SKIP","floor":44},{"not_picked":["Guardian:TimeBomb+1","Guardian:ShieldCharger+1"],"picked":"Guardian:PiercingHide+1","floor":46},{"not_picked":["Guardian:Gem_Green","Guardian:WalkerClaw"],"picked":"Guardian:ShieldCharger+1","floor":48},{"not_picked":["Guardian:ConstructionForm","Guardian:Reroute+1"],"picked":"Guardian:DecasProtection+1","floor":49}],"player_experience":10692017,"relics_obtained":[{"floor":6.0,"key":"Orichalcum"},{"floor":7.0,"key":"Blue Candle"},{"floor":14.0,"key":"Potion Belt"},{"floor":24.0,"key":"Happy Flower"},{"floor":25.0,"key":"Bottled Lightning"},{"floor":29.0,"key":"Toxic Egg 2"},{"floor":40,"key":"Bottled Flame"},{"floor":41,"key":"Blood Vial"},{"floor":43,"key":"War Paint"}],"event_choices":[{"damage_healed":0.0,"max_hp_gain":0.0,"max_hp_loss":0.0,"gold_gain":0.0,"event_name":"Lab","player_choice":"Got Potions","floor":37.0,"gold_loss":0.0,"damage_taken":0.0}],"is_beta":true,"boss_relics":[{"not_picked":["Busted Crown","Runic Dome"],"picked":"Velvet Choker"},{"not_picked":["bronze:MakeshiftBattery","Tiny House"],"picked":"Fusion Hammer"}],"items_purged_floors":[3],"is_endless":false,"potions_floor_spawned":[9,12,14,15,16,20,22,23,29,33,42,43,44],"ascension_level":1}}