{"host":"pletss163z7s8pvv","time":1614055075,"event":{"mods":["AchievementEnabler","Act Like it!","AlwaysNeverKeys","BaseMod","Better Altar","Better Match","Better Note","Better Sensory Stone","Better Skull","Better Third Choice","BetterRewards","Bossed Relics","CapriCore","ChefMod","Colored Map","Colored Powertips","Conspire","Dio Mod","Displayed Cursed Tome","Energized Spire","Evolution","Gensokyo","GifTheSpireLib","Hallownest","Hermit","Ironclad Rager","Jedi Mod","Marisa????????","Marked Mod","Minty Spire (QoL Compilation)","Reliquary","Replay The Spire","Retaliation","Ruina","Somnambulant","Spicy Shops","StS++","StSLib","The Administrix","The Alterego","The Animator","The Blue Laboratory","The Bug Knight","The Construct","The Cursed","The Disciple","The Forsaken","The Hierophant","The Necromancer","The Saiyan","The Vixen","The Wild Card","TheVacant","Transform Curses"],"gold_per_floor":[114,0,0,0,0,25,37,37,61,61,80,80,98,112,112,210,210,221,235,235,3,23,23,36,35,35,35,35,35,35,35,35,35,35,35,35,35,35,35,35,35,35,35,35,35,35,35,35,35,35],"floor_reached":51,"language":"ENG","playtime":2947,"items_purged":["Normality"],"score":549,"play_id":"0871ebf8-1773-4e51-8409-4373f140a35f","local_time":"20210222223755","is_ascension_mode":false,"campfire_choices":[{"data":"Epidemic","floor":8,"key":"SMITH"},{"floor":15,"key":"REST"},{"data":"Summon_Undead_Army","floor":23,"key":"SMITH"},{"floor":28,"key":"REST"},{"floor":32,"key":"REST"},{"floor":44,"key":"REST"},{"floor":47,"key":"REST"},{"data":"ruina:CobaltScar","floor":49,"key":"SMITH"}],"circlet_count":0,"master_deck":["Strike_W","Strike_W","Strike_W","Strike_W","Defend_W","Defend_W","Defend_W","Negative_Energy_Arrows","Bone_Wall+1","Stop_Heart+1","Bone_Armor","Epidemic+1","Siphon_Strength","Summon_Vampire_Lady","Corrupt","Skeleton_Dragon","Bone_Prison+1","Summon_Undead_Army+1","Negative_Energy_Shield","Negative_Energy_Shield","Blood_Curse","Blood_Wake","Negative_Energy_Burst+1","ruina:CobaltScar+1","Negative_Energy_Shield","Bone_Shift","Bone_Armory","Summon_Death_Knight","Requiem","Death_Coil","Finger_Of_Death+1","Vampiric_Strike+1","Summon_Lich","Blood_Is_Power+1"],"relics":["Vampire_Amulet","EVO:Axolotl","Regal Pillow","Hallownest:DreamNailRelic","StSpp:XCola","reliquary:Buckler","Garlic","Honey Jar","Lee\u0027s Waffle","jedi:ominousloannote","Bottled Flame","Bottled Lightning","Empty Cage","theForsaken:Lifeblossom","Vajra"],"acts_visited":["Exordium","Hallownest:Greenpath","ruina:Briah"],"potions_floor_usage":[33,33,33,50,50],"damage_taken":[{"damage":16,"enemies":"Hallownest:2_Tiktiks_and_1_Crawlid","floor":1,"turns":6},{"damage":47,"enemies":"Hallownest:eliteVengeflyKing","floor":6,"turns":10},{"damage":0,"enemies":"Hallownest:2_MossCreeps","floor":7,"turns":5},{"damage":11,"enemies":"Hallownest:monsterHuskGuard","floor":11,"turns":5},{"damage":6,"enemies":"Hallownest:MossCreep_and_Mosskin","floor":13,"turns":7},{"damage":1,"enemies":"Hallownest:Wandering_and_Horned","floor":14,"turns":5},{"damage":26,"enemies":"Hallownest:BossHornet","floor":16,"turns":10},{"damage":7,"enemies":"ruina:2_Scarecrows","floor":18,"turns":5},{"damage":32,"enemies":"ruina:BadWolf","floor":19,"turns":6},{"damage":30,"enemies":"ruina:3_Scarecrows","floor":22,"turns":6},{"damage":9,"enemies":"ruina:KingOfGreed","floor":24,"turns":6},{"damage":6,"enemies":"ruina:Woodsman","floor":29,"turns":5},{"damage":27,"enemies":"ruina:QueenOfHate","floor":30,"turns":5},{"damage":37,"enemies":"ruina:Nos_and_Bat","floor":31,"turns":6},{"damage":4,"enemies":"ruina:Ozma","floor":33,"turns":10},{"damage":24,"enemies":"Hallownest:2_Littles","floor":35,"turns":5},{"damage":11,"enemies":"Hallownest:Shield_Heavy","floor":38,"turns":5},{"damage":55,"enemies":"Hallownest:2_Wandering_and_1_Horned","floor":39,"turns":10},{"damage":7,"enemies":"Hallownest:2_Wing_and_1_Kings","floor":40,"turns":5},{"damage":8,"enemies":"Hallownest:2_Great","floor":46,"turns":6},{"damage":44,"enemies":"Hallownest:BossHollowKnight","floor":50,"turns":11}],"seed_played":"6816371960116427922","potions_obtained":[{"floor":1,"key":"blueLaboratory:BottledHope"},{"floor":7,"key":"Adrenaline Potion"},{"floor":14,"key":"SpeedPotion"},{"floor":16,"key":"LifebloodPotion"},{"floor":18,"key":"Dexterity Potion"},{"floor":24,"key":"LifebloodPotion"},{"floor":30,"key":"Elixir"},{"floor":33,"key":"Block Potion"},{"floor":40,"key":"ColorlessPotion"},{"floor":46,"key":"jedi:tentaclejuice"}],"is_trial":false,"path_per_floor":["M","?","?","?","$","E","M","R","T","?","M","$","M","M","R","B",null,"M","M","?","$","M","R","M","$","T","?","R","M","M","M","R","B",null,"M","$","?","M","M","M","$","?","T","R","$","M","R","?","R","B",null],"character_chosen":"NECROMANCER","items_purchased":["Lee\u0027s Waffle","Negative_Energy_Shield","Blood_Curse","jedi:ominousloannote","ruina:CobaltScar","Bottled Flame","Negative_Energy_Shield"],"campfire_rested":5,"item_purchase_floors":[21,21,21,25,25,25,25],"current_hp_per_floor":[72,72,82,82,82,43,47,47,47,47,38,38,36,45,87,75,92,92,74,79,99,81,81,84,84,84,84,99,98,73,52,96,98,99,75,75,80,73,24,23,23,23,23,67,67,71,99,84,84,57],"gold":35,"neow_bonus":"TEN_PERCENT_HP_BONUS","is_daily":false,"chose_seed":false,"campfire_upgraded":3,"win_rate":0.0,"timestamp":1614055075,"path_taken":["M","?","?","?","$","E","?","R","T","?","?","?","M","M","R","BOSS","M","M","?","$","M","R","?","$","T","?","R","M","M","M","R","BOSS","M","$","?","?","M","M","$","?","T","R","?","M","R","?","R","BOSS"],"items_purchased_type":["Relic","Card","Card","Relic","Card","Relic","Card"],"build_version":"2020-12-22","purchased_purges":1,"victory":true,"max_hp_per_floor":[82,82,92,92,92,92,92,92,92,92,92,92,92,92,92,92,92,92,92,92,99,99,99,99,99,99,99,99,99,99,99,99,99,99,99,99,99,99,99,99,99,99,99,99,99,99,99,99,99,99],"card_choices":[{"not_picked":["Necrotic_Claws","Negative_Energy_Javelin"],"picked":"Stop_Heart","floor":1},{"not_picked":["Strike_from_Beyond","Spectral_Armor"],"picked":"Bone_Armor","floor":6},{"not_picked":["Blood_Shield","Scare"],"picked":"Epidemic","floor":7},{"not_picked":["Negative_Energy_Mist","Negative_Energy_Shield"],"picked":"Siphon_Strength","floor":11},{"not_picked":["Negative_Energy_Sphere","Death_March_Dance"],"picked":"Summon_Vampire_Lady","floor":13},{"not_picked":["Toxic_Smoke_Screen","Requiem"],"picked":"Corrupt","floor":14},{"not_picked":["Blood_Magic","Requiem"],"picked":"Skeleton_Dragon","floor":16},{"not_picked":["Negative_Energy_Mist+1","Bone_Armor","Death_March_Dance"],"picked":"Bone_Prison+1","floor":18},{"not_picked":["Bone_Spikes","Chill_Blood+1","Bones_to_Steel"],"picked":"Summon_Undead_Army","floor":19},{"not_picked":["Scare+1","Negative_Energy_Shield","Negative_Energy_Mist"],"picked":"Blood_Wake","floor":22},{"not_picked":["Bone_Bullets","Bones_to_Steel","Spectral_Walk"],"picked":"Negative_Energy_Burst+1","floor":24},{"not_picked":["Bones_to_Steel","Consume_Illness","Scare+1"],"picked":"Bone_Shift","floor":29},{"not_picked":["Spectral_Walk","Consume_Illness","Negative_Energy_Mist"],"picked":"Bone_Armory","floor":30},{"not_picked":["Blood_Curse","Corrupt","Negative_Energy_Mist+1"],"picked":"Summon_Death_Knight","floor":31},{"not_picked":["Detonate_Bones","Summon_Vampire_Lady","Negative_Energy_Bomb"],"picked":"Requiem","floor":33},{"not_picked":["Death_March_Dance+1","Blood_Whip","Negative_Energy_Shield"],"picked":"Death_Coil","floor":35},{"not_picked":["Negative_Energy_Sphere","Blood_for_Blood+1","Blood_Curse"],"picked":"Finger_Of_Death+1","floor":38},{"not_picked":["Death_Coil","Bone_Armor","Negative_Energy_Javelin"],"picked":"Vampiric_Strike+1","floor":39},{"not_picked":["Vampiric_Strike+1","Acid_Javelin+1","Bone_Bullets+1"],"picked":"Summon_Lich","floor":40},{"not_picked":["Deaths_Shadow","Acid_Javelin","Blood_Whip+1"],"picked":"Blood_Is_Power+1","floor":46}],"player_experience":544331,"relics_obtained":[{"floor":6,"key":"StSpp:XCola"},{"floor":9,"key":"reliquary:Buckler"},{"floor":26,"key":"Bottled Lightning"},{"floor":43,"key":"theForsaken:Lifeblossom"}],"event_choices":[{"damage_healed":5,"gold_gain":0,"player_choice":"LEAVE ","damage_taken":0,"relics_obtained":[],"max_hp_gain":0,"max_hp_loss":0,"event_name":"betterSkull:BetterSkull","floor":20,"gold_loss":0,"cards_upgraded":[]},{"damage_healed":0,"gold_gain":0,"player_choice":"Leave","damage_taken":0,"max_hp_gain":0,"max_hp_loss":0,"event_name":"conspire:Investor","floor":27,"gold_loss":0},{"damage_healed":5,"gold_gain":0,"player_choice":"LEAVE ","damage_taken":0,"relics_obtained":[],"max_hp_gain":0,"max_hp_loss":0,"event_name":"betterSkull:BetterSkull","floor":37,"gold_loss":0,"cards_upgraded":[]}],"is_beta":false,"boss_relics":[{"not_picked":["conspire:RoyalGoblet","Runic Dome"],"picked":"Honey Jar"},{"not_picked":["Cursed Key","reliquary:WritOfMandamus"],"picked":"Empty Cage"}],"items_purged_floors":[25],"is_endless":false,"potions_floor_spawned":[1,7,14,16,18,24,30,33,40,46],"ascension_level":0}}