{"host":"Bilverbakes","time":1614050959,"event":{"mods":["2.2 Compatiblity","AchievementEnabler","BaseMod","Bestiary","Colored Map","Minty Spire (QoL Compilation)","Relic Stats","StSLib","ojb\u0027s Info Mod"],"gold_per_floor":[114,134,2,14,14,14,45,58,85,110,110,125,125,143,143,233,233,247,247,260,284,284,284],"floor_reached":22,"language":"ENG","playtime":955,"items_purged":["Defend_P"],"score":426,"play_id":"b4559c46-51f8-420f-af48-904426071a83","local_time":"20210222212919","is_ascension_mode":true,"campfire_choices":[{"data":"BattleHymn","floor":6.0,"key":"SMITH"},{"data":"Wireheading","floor":11.0,"key":"SMITH"},{"data":"LikeWater","floor":13.0,"key":"SMITH"},{"data":"BowlingBash","floor":15.0,"key":"SMITH"}],"circlet_count":0,"master_deck":["AscendersBane","Strike_P","Strike_P+1","Strike_P","Defend_P+1","Defend_P","Eruption","Vigilance","BattleHymn+1","BowlingBash+1","Weave","Weave","Wireheading+1","LikeWater+1","InnerPeace","DeusExMachina","LessonLearned","CutThroughFate","EmptyFist"],"relics":["PureWater","Toy Ornithopter","Golden Idol","Happy Flower","Odd Mushroom","Empty Cage"],"acts_visited":["Exordium","TheCity"],"potions_floor_usage":[],"damage_taken":[{"damage":0.0,"enemies":"Cultist","floor":1.0,"turns":2.0},{"damage":0.0,"enemies":"Small Slimes","floor":2.0,"turns":4.0},{"damage":1.0,"enemies":"2 Louse","floor":4.0,"turns":3.0},{"damage":0.0,"enemies":"Gremlin Nob","floor":7.0,"turns":2.0},{"damage":7.0,"enemies":"Exordium Wildlife","floor":8.0,"turns":3.0},{"damage":19.0,"enemies":"The Mushroom Lair","floor":10.0,"turns":4.0},{"damage":5.0,"enemies":"Gremlin Gang","floor":12.0,"turns":4.0},{"damage":14.0,"enemies":"Red Slaver","floor":14.0,"turns":4.0},{"damage":18.0,"enemies":"The Guardian","floor":16.0,"turns":11.0},{"damage":28.0,"enemies":"3 Byrds","floor":18.0,"turns":4.0},{"damage":2,"enemies":"Chosen","floor":20,"turns":4},{"damage":23,"enemies":"Centurion and Healer","floor":21,"turns":4},{"damage":0,"enemies":"Chosen and Byrds","floor":22,"turns":1}],"seed_played":"485541732245586394","potions_obtained":[{"floor":2.0,"key":"FearPotion"},{"floor":14.0,"key":"Regen Potion"},{"floor":16.0,"key":"LiquidBronze"},{"floor":20,"key":"FairyPotion"},{"floor":21,"key":"Weak Potion"}],"is_trial":false,"path_per_floor":["M","M","$","M","?","R","E","M","T","?","R","M","R","M","R","B",null,"M","?","M","M","M"],"character_chosen":"WATCHER","items_purchased":["Fire Potion"],"campfire_rested":0,"item_purchase_floors":[3],"current_hp_per_floor":[61,61,61,60,60,60,62,55,55,36,36,31,31,17,17,19,51,28,28,26,3,3,3],"gold":284,"neow_bonus":"RANDOM_COMMON_RELIC","is_daily":false,"chose_seed":false,"campfire_upgraded":4,"win_rate":0.0,"timestamp":1614050959,"path_taken":["M","M","?","M","?","R","E","M","T","?","R","M","R","M","R","BOSS","M","?","M","?","M"],"items_purchased_type":["Potion"],"build_version":"2020-12-18","purchased_purges":1,"victory":false,"max_hp_per_floor":[68,68,68,68,62,62,62,62,62,62,62,62,62,62,62,62,62,62,62,62,62,62,62],"relic_stats":{"Happy Flower":[13],"counters":[13,50],"Golden Idol":50,"obtain_stats":[{"Happy Flower":7,"Golden Idol":5,"PureWater":0,"Odd Mushroom":10,"Empty Cage":17,"Toy Ornithopter":0},{"Happy Flower":4,"Golden Idol":3,"PureWater":0,"Odd Mushroom":6,"Empty Cage":9,"Toy Ornithopter":0},{"Happy Flower":11,"Golden Idol":9,"PureWater":0,"Odd Mushroom":18,"Empty Cage":37,"Toy Ornithopter":0}],"Toy Ornithopter":12},"card_choices":[{"not_picked":["EmptyFist","MentalFortress"],"picked":"BattleHymn","floor":1.0},{"not_picked":["EmptyBody","Consecrate"],"picked":"BowlingBash","floor":2.0},{"not_picked":["Study","Protect"],"picked":"Weave","floor":4.0},{"not_picked":["LikeWater","FearNoEvil"],"picked":"Weave","floor":7.0},{"not_picked":["FlyingSleeves","ThirdEye"],"picked":"Wireheading","floor":8.0},{"not_picked":["Pray","FollowUp"],"picked":"LikeWater","floor":10.0},{"not_picked":["Consecrate","SandsOfTime"],"picked":"InnerPeace","floor":12.0},{"not_picked":["Study","Sanctity"],"picked":"DeusExMachina","floor":14.0},{"not_picked":["Omniscience","Brilliance"],"picked":"LessonLearned","floor":16.0},{"not_picked":["SashWhip","Swivel+1"],"picked":"CutThroughFate","floor":18.0},{"not_picked":["Weave","Consecrate+1"],"picked":"EmptyFist","floor":20},{"not_picked":["Study","EmptyFist","Pray"],"picked":"SKIP","floor":21}],"player_experience":1000476,"relics_obtained":[{"floor":7.0,"key":"Happy Flower"},{"floor":10.0,"key":"Odd Mushroom"}],"event_choices":[{"damage_healed":0.0,"max_hp_gain":0.0,"max_hp_loss":6.0,"gold_gain":0.0,"event_name":"Golden Idol","player_choice":"Lose Max HP","floor":5.0,"gold_loss":0.0,"damage_taken":0.0,"relics_obtained":["Golden Idol"]},{"damage_healed":0.0,"max_hp_gain":0.0,"max_hp_loss":0.0,"gold_gain":0.0,"event_name":"Mushrooms","player_choice":"Fought Mushrooms","floor":10.0,"gold_loss":0.0,"damage_taken":0.0},{"damage_healed":0,"gold_gain":0,"player_choice":"0 cards matched","damage_taken":0,"max_hp_gain":0,"max_hp_loss":0,"event_name":"Match and Keep!","floor":19,"gold_loss":0,"cards_obtained":[]}],"is_beta":true,"boss_relics":[{"not_picked":["Runic Dome","Busted Crown"],"picked":"Empty Cage"}],"items_purged_floors":[3],"is_endless":false,"potions_floor_spawned":[2,14,16,20,21],"killed_by":"Chosen and Byrds","ascension_level":20}}