{"host":"Pascal","time":1614116917,"event":{"mods":["BaseMod","Googly Eyes","Minty Spire (QoL Compilation)","Permanent Neow","Relic Stats","StSLib"],"gold_per_floor":[11,21,21,39,63,107,107,150,150,150,489,489,513,526,526,652,652,652,592,592,592,592,592,471,471,471,471,471,471],"floor_reached":28,"language":"ENG","playtime":1710,"items_purged":["Strike_R"],"score":348,"play_id":"9a612885-f04b-49e4-bc68-645dfc649299","local_time":"20210223224837","is_ascension_mode":true,"campfire_choices":[{"data":"Evolve","floor":10,"key":"SMITH"},{"floor":12,"key":"REST"},{"data":"Fire Breathing","floor":15,"key":"SMITH"},{"floor":23,"key":"REST"}],"circlet_count":0,"master_deck":["Strike_R","Strike_R","Strike_R","Defend_R+1","Defend_R","Defend_R","Defend_R","Bash","Apotheosis+1","Thunderclap","Power Through","Immolate","Evolve+1","Fire Breathing+1","Uppercut+1","Reckless Charge","Blind","Reckless Charge+1"],"relics":["Burning Blood","Golden Idol","War Paint","Ice Cream","Blue Candle","Smiling Mask","Old Coin","Ectoplasm","Nilry\u0027s Codex","Frozen Egg 2","Lantern"],"acts_visited":["Exordium","TheCity"],"potions_floor_usage":[11,14,16],"damage_taken":[{"damage":0,"enemies":"Small Slimes","floor":1,"turns":3},{"damage":3,"enemies":"Jaw Worm","floor":2,"turns":5},{"damage":10,"enemies":"2 Louse","floor":4,"turns":3},{"damage":4,"enemies":"Lagavulin","floor":6,"turns":7},{"damage":6,"enemies":"3 Sentries","floor":8,"turns":5},{"damage":46,"enemies":"Gremlin Nob","floor":11,"turns":5},{"damage":0,"enemies":"Exordium Thugs","floor":13,"turns":5},{"damage":1,"enemies":"Looter","floor":14,"turns":2},{"damage":33,"enemies":"The Guardian","floor":16,"turns":8},{"damage":16,"enemies":"Spheric Guardian","floor":18,"turns":4},{"damage":16,"enemies":"2 Thieves","floor":19,"turns":4},{"damage":13,"enemies":"Centurion and Healer","floor":21,"turns":5},{"damage":8,"enemies":"Cultist and Chosen","floor":22,"turns":5},{"damage":19,"enemies":"Book of Stabbing","floor":27,"turns":5},{"damage":26,"enemies":"Snake Plant","floor":28,"turns":2}],"seed_played":"2173639609869603957","potions_obtained":[{"floor":6,"key":"BloodPotion"},{"floor":13,"key":"LiquidMemories"},{"floor":14,"key":"LiquidMemories"},{"floor":16,"key":"FearPotion"},{"floor":21,"key":"Energy Potion"}],"is_trial":false,"path_per_floor":["M","M","?","M","T","E","?","E","T","R","E","R","M","M","R","B",null,"M","M","?","M","M","R","$","?","T","E","M"],"character_chosen":"IRONCLAD","items_purchased":["Reckless Charge"],"campfire_rested":2,"item_purchase_floors":[24],"current_hp_per_floor":[78,80,60,56,56,58,58,58,58,58,34,58,64,69,69,42,71,61,51,35,28,26,50,50,38,38,25,0,0],"gold":471,"neow_bonus":"RANDOM_COLORLESS_2","is_daily":false,"chose_seed":false,"campfire_upgraded":2,"win_rate":0.0,"timestamp":1614116917,"path_taken":["M","M","?","M","?","E","?","E","T","R","E","R","M","?","R","BOSS","M","M","?","M","M","R","$","?","T","E","?"],"items_purchased_type":["Card"],"build_version":"2020-12-18","purchased_purges":1,"victory":false,"max_hp_per_floor":[80,80,80,80,80,80,80,80,80,80,80,80,80,80,80,80,80,80,80,80,80,80,80,80,80,80,80,80,80],"relic_stats":{"counters":[15,68],"Golden Idol":84,"Blue Candle":[0],"Ectoplasm":161,"War Paint":["Apotheosis","Defend_R"],"Smiling Mask":25,"obtain_stats":[{"Ice Cream":6,"Lantern":27,"Golden Idol":3,"Nilry\u0027s Codex":20,"Blue Candle":8,"Ectoplasm":17,"War Paint":5,"Frozen Egg 2":26,"Smiling Mask":9,"Burning Blood":0,"Old Coin":11},{"Ice Cream":4,"Lantern":14,"Golden Idol":2,"Nilry\u0027s Codex":11,"Blue Candle":5,"Ectoplasm":9,"War Paint":3,"Frozen Egg 2":13,"Smiling Mask":5,"Burning Blood":0,"Old Coin":6},{"Ice Cream":18,"Lantern":66,"Golden Idol":8,"Nilry\u0027s Codex":51,"Blue Candle":23,"Ectoplasm":43,"War Paint":11,"Frozen Egg 2":61,"Smiling Mask":23,"Burning Blood":0,"Old Coin":28}],"Burning Blood":83},"card_choices":[{"not_picked":["Metamorphosis","Thinking Ahead"],"picked":"Apotheosis","floor":0},{"not_picked":["Heavy Blade","Infernal Blade"],"picked":"Thunderclap","floor":1},{"not_picked":["Body Slam","Clash"],"picked":"Power Through","floor":2},{"not_picked":["Dual Wield","Reckless Charge"],"picked":"Immolate","floor":4},{"not_picked":["Rupture","Clash","Blood for Blood"],"picked":"SKIP","floor":6},{"not_picked":["Iron Wave","Twin Strike"],"picked":"Evolve","floor":8},{"not_picked":["Headbutt","Clash","Cleave"],"picked":"SKIP","floor":11},{"not_picked":["Carnage","Flex"],"picked":"Fire Breathing","floor":13},{"not_picked":["Perfected Strike","Metallicize","Clothesline"],"picked":"SKIP","floor":14},{"not_picked":["Armaments","Rage+1","Spot Weakness"],"picked":"SKIP","floor":18},{"not_picked":["Shrug It Off","Uppercut+1","Flame Barrier"],"picked":"SKIP","floor":19},{"not_picked":["Shrug It Off","Flame Barrier"],"picked":"Uppercut+1","floor":19},{"not_picked":["Iron Wave","Perfected Strike","Clash"],"picked":"SKIP","floor":21},{"not_picked":["Clothesline+1","Bloodletting","True Grit"],"picked":"SKIP","floor":22},{"not_picked":["Exhume","Heavy Blade+1"],"picked":"Reckless Charge+1","floor":27}],"player_experience":196660,"relics_obtained":[{"floor":5,"key":"War Paint"},{"floor":6,"key":"Ice Cream"},{"floor":8,"key":"Blue Candle"},{"floor":9,"key":"Smiling Mask"},{"floor":11,"key":"Old Coin"},{"floor":20,"key":"Nilry\u0027s Codex"},{"floor":26,"key":"Frozen Egg 2"},{"floor":27,"key":"Lantern"}],"event_choices":[{"damage_healed":0,"gold_gain":0,"player_choice":"Take Damage","damage_taken":20,"relics_obtained":["Golden Idol"],"max_hp_gain":0,"max_hp_loss":0,"event_name":"Golden Idol","floor":3,"gold_loss":0},{"cards_removed":["Strike_R"],"damage_healed":0,"gold_gain":0,"player_choice":"Card Removal","damage_taken":0,"max_hp_gain":0,"max_hp_loss":0,"event_name":"Wheel of Change","floor":7,"gold_loss":0},{"damage_healed":0,"gold_gain":0,"player_choice":"Obtained Book","damage_taken":16,"max_hp_gain":0,"max_hp_loss":0,"event_name":"Cursed Tome","floor":20,"gold_loss":0},{"damage_healed":0,"gold_gain":0,"player_choice":"CARD ","damage_taken":12,"max_hp_gain":0,"max_hp_loss":0,"event_name":"Knowing Skull","floor":25,"potions_obtained":[],"gold_loss":0,"cards_obtained":["Blind"]}],"is_beta":true,"boss_relics":[{"not_picked":["Velvet Choker","Snecko Eye"],"picked":"Ectoplasm"}],"items_purged_floors":[24],"is_endless":false,"potions_floor_spawned":[6,13,14,16,21],"killed_by":"Snake Plant","ascension_level":7}}