{"host":"f7jml7vkwn3tj7tu","time":1614107195,"event":{"mods":["BaseMod","Block Reminder","Minty Spire (QoL Compilation)","Relic Stats","Slay-I"],"gold_per_floor":[121,150,160,344,344,344,397,397,424,468,468,547,547,576,576,576,576],"floor_reached":16,"language":"ENG","playtime":718,"items_purged":[],"score":119,"play_id":"9d7d0ee5-22de-4b0b-bffb-249b6fdac1f7","local_time":"20210223140635","is_ascension_mode":true,"campfire_choices":[{"data":"Zap","floor":6.0,"key":"SMITH"},{"floor":8.0,"key":"REST"},{"floor":15.0,"key":"REST"}],"circlet_count":0,"master_deck":["Strike_B","Strike_B","Strike_B","Strike_B","Defend_B","Defend_B+1","Defend_B","Defend_B","Zap+1","Dualcast","Compile Driver","Cold Snap","Doubt","Leap+1","Glacier+1","Genetic Algorithm","Ball Lightning"],"relics":["Cracked Core","CeramicFish","Golden Idol","Akabeko","Toy Ornithopter","Regal Pillow","War Paint","Juzu Bracelet"],"acts_visited":["Exordium"],"potions_floor_usage":[],"damage_taken":[{"damage":6.0,"enemies":"Cultist","floor":1.0,"turns":4.0},{"damage":7.0,"enemies":"Jaw Worm","floor":2.0,"turns":3.0},{"damage":13.0,"enemies":"Small Slimes","floor":3.0,"turns":2.0},{"damage":11.0,"enemies":"Gremlin Nob","floor":7.0,"turns":4.0},{"damage":13.0,"enemies":"3 Sentries","floor":10.0,"turns":7.0},{"damage":20.0,"enemies":"Gremlin Nob","floor":12.0,"turns":6.0},{"damage":5.0,"enemies":"3 Louse","floor":14.0,"turns":5.0},{"damage":41,"enemies":"Slime Boss","floor":16,"turns":10}],"seed_played":"-6160339736038316302","potions_obtained":[{"floor":2.0,"key":"Weak Potion"},{"floor":3.0,"key":"BlessingOfTheForge"},{"floor":7.0,"key":"SkillPotion"}],"is_trial":false,"path_per_floor":["M","M","M","?","?","R","E","R","T","E","?","?","?","M","R","B"],"character_chosen":"DEFECT","items_purchased":[],"campfire_rested":2,"item_purchase_floors":[],"current_hp_per_floor":[69,62,49,49,31,31,20,42,42,34,34,14,7,2,39,0,0],"gold":576,"neow_bonus":"RANDOM_COMMON_RELIC","is_daily":false,"chose_seed":false,"campfire_upgraded":1,"win_rate":0.0,"timestamp":1614107195,"path_taken":["M","M","M","?","?","R","E","R","T","E","?","?","?","M","R","BOSS"],"items_purchased_type":[],"build_version":"2020-12-22","purchased_purges":0,"victory":false,"max_hp_per_floor":[75,75,75,75,75,75,75,75,75,75,75,75,75,75,75,75,75],"relic_stats":{"Regal Pillow":15,"counters":[8,41],"Golden Idol":41,"CeramicFish":63,"Juzu Bracelet":0,"War Paint":["Defend_B","Leap"],"obtain_stats":[{"Regal Pillow":10,"Golden Idol":5,"CeramicFish":0,"Juzu Bracelet":13,"War Paint":12,"Cracked Core":0,"Akabeko":7,"Toy Ornithopter":9},{"Regal Pillow":5,"Golden Idol":3,"CeramicFish":0,"Juzu Bracelet":6,"War Paint":5,"Cracked Core":0,"Akabeko":4,"Toy Ornithopter":4},{"Regal Pillow":20,"Golden Idol":9,"CeramicFish":0,"Juzu Bracelet":26,"War Paint":20,"Cracked Core":0,"Akabeko":13,"Toy Ornithopter":13}],"Toy Ornithopter":5},"card_choices":[{"not_picked":["Stack","Defragment"],"picked":"Compile Driver","floor":1.0},{"not_picked":["Static Discharge","Barrage"],"picked":"Cold Snap","floor":2.0},{"not_picked":["Gash","Darkness","Turbo"],"picked":"SKIP","floor":3.0},{"not_picked":["Go for the Eyes","Stack"],"picked":"Leap","floor":7.0},{"not_picked":["Stack","Conserve Battery"],"picked":"Glacier","floor":10.0},{"not_picked":["Electrodynamics","Beam Cell"],"picked":"Genetic Algorithm","floor":12.0},{"not_picked":["Streamline","Lockon"],"picked":"Ball Lightning","floor":14.0}],"player_experience":622584,"relics_obtained":[{"floor":7.0,"key":"Akabeko"},{"floor":9.0,"key":"Toy Ornithopter"},{"floor":10.0,"key":"Regal Pillow"}],"event_choices":[{"damage_healed":0.0,"max_hp_gain":0.0,"max_hp_loss":0.0,"gold_gain":175.0,"event_name":"Liars Game","player_choice":"AGREE","floor":4.0,"gold_loss":0.0,"damage_taken":0.0,"cards_obtained":["Doubt"]},{"damage_healed":0.0,"max_hp_gain":0.0,"max_hp_loss":0.0,"gold_gain":0.0,"event_name":"Golden Idol","player_choice":"Take Damage","floor":5.0,"gold_loss":0.0,"damage_taken":18.0,"relics_obtained":["Golden Idol"]},{"damage_healed":0.0,"max_hp_gain":0.0,"max_hp_loss":0.0,"gold_gain":0.0,"event_name":"Living Wall","player_choice":"Grow","floor":11.0,"gold_loss":0.0,"damage_taken":0.0,"cards_upgraded":["Glacier"]},{"damage_healed":0.0,"max_hp_gain":0.0,"max_hp_loss":0.0,"gold_gain":0.0,"event_name":"Dead Adventurer","player_choice":"Searched \u00272\u0027 times","floor":12.0,"gold_loss":0.0,"damage_taken":0.0,"relics_obtained":["War Paint"]},{"damage_healed":0.0,"max_hp_gain":0.0,"max_hp_loss":0.0,"gold_gain":0.0,"event_name":"Scrap Ooze","player_choice":"Success","floor":13.0,"gold_loss":0.0,"damage_taken":7.0,"relics_obtained":["Juzu Bracelet"]}],"is_beta":false,"boss_relics":[],"items_purged_floors":[],"is_endless":false,"potions_floor_spawned":[2,3,7],"killed_by":"Slime Boss","ascension_level":2}}