{"host":"7wwmf5ihvdzput8s","time":1614056320,"event":{"mods":["BaseMod","Minty Spire (QoL Compilation)","Quick Restart","Replay The Spire","StSLib","UnlockEverythingMod"],"gold_per_floor":[111,123,158,170,192,238,284,322,411,451,490,502,538,550,562,646,658,682,708,720,316,316,345,345,345,426,441,441,466,493,493,493,568,568,580,335,335,366,223,252,277,277,277,302,378,398,423,181,181,181,181],"floor_reached":52,"language":"ZHS","playtime":765,"items_purged":["SashWhip","Crescendo","Flying Knee","LessonLearned+1"],"score":3237,"play_id":"5c0b9d0a-48fa-46af-b567-1cfd215619c8","local_time":"20210223125840","daily_mods":["SealedDeck","Vintage","Green Cards","Purple Cards","Heirloom","Time Dilation","Flight","DeadlyEvents","Elite Swarm","Lethality","Night Terrors"],"is_ascension_mode":true,"campfire_choices":[{"data":"Sword Boomerang","floor":15,"key":"SMITH"},{"data":"Adrenaline","floor":24,"key":"SMITH"},{"data":"Flex","floor":25,"key":"SMITH"},{"data":"Blasphemy","floor":32,"key":"SMITH"},{"floor":42,"key":"DIG"},{"floor":49,"key":"DIG"}],"circlet_count":0,"master_deck":["AscendersBane","Deadly Poison+1","Bane+1","Bane+1","Replay:BluntJabs+1","Pommel Strike+1","FollowUp+1","Sword Boomerang+1","Blasphemy+1","Flex+1","Adrenaline+1","Glass Knife+1","Heavy Blade+1","Scrawl+1"],"relics":["Unceasing Top","Bird Faced Urn","MawBank","NeowsBlessing","Art of War","Replay:WaspNest","Mirror","Gambling Chip","Centennial Puzzle","Quantum Egg","Shovel","Omamori","Blood Vial","Ooze Armor","Ornamental Fan","Replay:Baseball","Whetstone","Snack Pack","ReplayTheSpireMod:CursedCoin","Darkstone Periapt","Blue Candle","Replay:Kaleidoscope","Durian","InkBottle","StrikeDummy","Golden Egg","Replay:Grab Bag","Philosopher\u0027s Stone","Sozu","Black Star","Bottled Lightning","Membership Card","ReplayTheSpireMod:Ring of Challenge","ReplayTheSpireMod:Ring of Exchange","Replay:Ringing Soul","Bag of Marbles","Strawberry","Replay:PocketPolymizer","King of Hearts","Happy Flower","Lantern","Mummified Hand","Ice Cream","Toxic Egg 2","HornCleat","Anchor","Akabeko","Mango","Lizard Tail","Nunchaku"],"acts_visited":["Exordium","TheCity","TheBeyond"],"potions_floor_usage":[],"damage_taken":[{"damage":0.0,"enemies":"Cultist","floor":1.0,"turns":2.0},{"damage":0.0,"enemies":"Small Slimes","floor":5.0,"turns":1.0},{"damage":0.0,"enemies":"Gremlin Nob","floor":6.0,"turns":1.0},{"damage":0,"enemies":"3 Sentries","floor":7,"turns":1},{"damage":0,"enemies":"Lagavulin","floor":8,"turns":1},{"damage":0,"enemies":"Gremlin Nob","floor":10,"turns":1},{"damage":0,"enemies":"Replay:BlueRogue","floor":11,"turns":1},{"damage":0,"enemies":"Slime Boss","floor":16,"turns":1},{"damage":0,"enemies":"Spheric Guardian","floor":18,"turns":1},{"damage":0,"enemies":"Shell Parasite","floor":19,"turns":1},{"damage":0,"enemies":"Gremlin Leader","floor":23,"turns":1},{"damage":0,"enemies":"Shelled Parasite and Fungi","floor":27,"turns":1},{"damage":0,"enemies":"Book of Stabbing","floor":29,"turns":1},{"damage":0,"enemies":"Gremlin Leader","floor":30,"turns":1},{"damage":0,"enemies":"Automaton","floor":33,"turns":1},{"damage":0,"enemies":"3 Darklings","floor":35,"turns":1},{"damage":0,"enemies":"Orb Walker","floor":38,"turns":1},{"damage":0,"enemies":"R_Hoarder","floor":40,"turns":1},{"damage":0,"enemies":"Reptomancer","floor":41,"turns":1},{"damage":0,"enemies":"Mind Bloom Boss Battle","floor":44,"turns":1},{"damage":0,"enemies":"Nemesis","floor":45,"turns":1},{"damage":0,"enemies":"Transient","floor":46,"turns":1},{"damage":0,"enemies":"Giant Head","floor":47,"turns":1},{"damage":0,"enemies":"Time Eater","floor":50,"turns":1},{"damage":0,"enemies":"Donu and Deca","floor":51,"turns":1}],"seed_played":"-5820497633721301381","potions_obtained":[{"floor":5.0,"key":"Block Potion"},{"floor":7,"key":"BlessingOfTheForge"},{"floor":10,"key":"LiquidMemories"},{"floor":18,"key":"Death Potion"}],"is_trial":true,"path_per_floor":["M","WH","T","?","M","E","E","E","T","E","E","$","T","$","R","B",null,"M","M","$","$","?","E","R","R","T","M","T","E","E","T","R","B",null,"M","$","?","M","$","E","E","R","T","?","E","M","E","$","R","B","B",null],"character_chosen":"IRONCLAD","items_purchased":["Whetstone","Snack Pack","Flex","ReplayTheSpireMod:CursedCoin","Membership Card","Heavy Blade","Bag of Marbles","Lizard Tail"],"campfire_rested":0,"item_purchase_floors":[21,21,21,21,36,36,39,48],"current_hp_per_floor":[68,68,68,68,68,68,68,68,68,68,68,68,68,68,68,70,74,75,75,75,75,54,58,58,58,58,60,65,69,73,73,73,79,84,85,85,85,85,85,92,95,95,95,95,95,95,109,109,109,109,109],"gold":181,"neow_bonus":"THREE_ENEMY_KILL","is_daily":false,"chose_seed":false,"campfire_upgraded":4,"win_rate":0.0,"timestamp":1614056320,"path_taken":["M","WH","?","?","?","E","E","E","T","E","?","$","?","?","R","BOSS","M","M","$","$","?","E","R","R","T","?","?","E","?","?","R","BOSS","M","$","?","?","$","E","E","R","T","?","?","?","?","?","R","BOSS","BOSS"],"items_purchased_type":["Relic","Relic","Card","Relic","Relic","Card","Relic","Relic"],"build_version":"2020-12-22","purchased_purges":4,"victory":true,"max_hp_per_floor":[75,75,75,75,75,75,75,75,75,75,75,75,75,75,75,75,75,75,75,75,75,80,80,80,80,80,80,85,85,85,85,85,85,85,85,85,85,85,85,92,95,95,95,95,95,95,109,109,109,109,109],"card_choices":[{"not_picked":["Berserk","After Image"],"picked":"Blasphemy","floor":6.0},{"not_picked":["Fiend Fire","Atom Bomb","Devotion"],"picked":"SKIP","floor":7},{"not_picked":["Tools of the Trade","Demonic Infusion","Immolate"],"picked":"SKIP","floor":8},{"not_picked":["After Image","ReplayTheSpireMod:From All Sides","MasterReality"],"picked":"SKIP","floor":10},{"not_picked":["After Image","ReplayTheSpireMod:From All Sides","MasterReality"],"picked":"SKIP","floor":10},{"not_picked":["Wish","Juggernaut","Fiend Fire"],"picked":"SKIP","floor":11},{"not_picked":["Grand Finale","Devotion"],"picked":"Adrenaline","floor":23},{"not_picked":["SpiritShield","Brilliance"],"picked":"LessonLearned","floor":29},{"not_picked":["Double Tap","Wish","Die Die Die"],"picked":"SKIP","floor":30},{"not_picked":["After Image","Doppelganger"],"picked":"Glass Knife","floor":33},{"not_picked":["Replay:Many Hands","Venomology","Grand Finale"],"picked":"SKIP","floor":40},{"not_picked":["Brutality","ConjureBlade"],"picked":"Scrawl","floor":41},{"not_picked":["LessonLearned","Blasphemy+1","Devotion"],"picked":"SKIP","floor":45},{"not_picked":["Storm of Steel+1","Demon Form","Brutality"],"picked":"SKIP","floor":47}],"player_experience":78030,"relics_obtained":[{"floor":1.0,"key":"MawBank"},{"floor":3.0,"key":"Art of War"},{"floor":5.0,"key":"Replay:WaspNest"},{"floor":6.0,"key":"Mirror"},{"floor":7,"key":"Gambling Chip"},{"floor":8,"key":"Centennial Puzzle"},{"floor":9,"key":"Quantum Egg"},{"floor":10,"key":"Shovel"},{"floor":11,"key":"Omamori"},{"floor":13,"key":"Blood Vial"},{"floor":18,"key":"Ornamental Fan"},{"floor":19,"key":"Replay:Baseball"},{"floor":23,"key":"Darkstone Periapt"},{"floor":26,"key":"Blue Candle"},{"floor":27,"key":"Replay:Kaleidoscope"},{"floor":28,"key":"Durian"},{"floor":29,"key":"InkBottle"},{"floor":30,"key":"StrikeDummy"},{"floor":31,"key":"Golden Egg"},{"floor":35,"key":"Bottled Lightning"},{"floor":37,"key":"ReplayTheSpireMod:Ring of Challenge"},{"floor":37,"key":"ReplayTheSpireMod:Ring of Exchange"},{"floor":38,"key":"Replay:Ringing Soul"},{"floor":40,"key":"Strawberry"},{"floor":40,"key":"Replay:PocketPolymizer"},{"floor":41,"key":"King of Hearts"},{"floor":41,"key":"Happy Flower"},{"floor":42,"key":"Lantern"},{"floor":43,"key":"Mummified Hand"},{"floor":44,"key":"Ice Cream"},{"floor":45,"key":"Toxic Egg 2"},{"floor":45,"key":"HornCleat"},{"floor":46,"key":"Anchor"},{"floor":47,"key":"Akabeko"},{"floor":47,"key":"Mango"},{"floor":49,"key":"Nunchaku"}],"event_choices":[{"damage_healed":0.0,"max_hp_gain":0.0,"max_hp_loss":0.0,"gold_gain":0.0,"event_name":"Match and Keep!","player_choice":"0 cards matched","floor":4.0,"gold_loss":0.0,"damage_taken":0.0,"cards_obtained":[]},{"damage_healed":0,"gold_gain":0,"player_choice":"Shed Blood","damage_taken":26,"max_hp_gain":5,"max_hp_loss":0,"event_name":"Forgotten Altar","floor":22,"gold_loss":0},{"damage_healed":0,"gold_gain":0,"player_choice":"Fight","damage_taken":0,"max_hp_gain":0,"max_hp_loss":0,"event_name":"MindBloom","floor":44,"gold_loss":0}],"is_beta":false,"boss_relics":[{"not_picked":["Runic Cube","Busted Crown"],"picked":"Ooze Armor"},{"not_picked":["SlaversCollar","Empty Cage"],"picked":"Replay:Grab Bag"},{"not_picked":["Coffee Dripper","Fusion Hammer"],"picked":"Philosopher\u0027s Stone"},{"not_picked":["Velvet Choker","ChewingGum"],"picked":"Sozu"},{"not_picked":["SacredBark","Kintsugi"],"picked":"Black Star"}],"items_purged_floors":[21,36,39,48],"is_endless":false,"potions_floor_spawned":[5,7,10,18,19,23,35,44,45,46],"ascension_level":20}}