{"host":"xp5rvh2jwe2ejyfm","time":1614044370,"event":{"mods":["2.2 Compatiblity","Aspiration","Bard","BaseMod","Beaked The Cultist","Better Altar","Better Match","Better Note","Better Sensory Stone","Better Skull","BetterRewards","Colored Powertips","Conspire","Downfall","GifTheSpireLib","Gremlin Mod","GungeonMod","Hermit","Hubris","Jorbs\u0027s Wanderer Trilogy","Mad Scientist","Minty Spire (QoL Compilation)","Potionbrewer","Quick Restart","Replay The Spire","Robot Space Explorer","Shade Mod","Somnambulant","StSLib","The Bug Knight","The Clintock","The Construct","The Cursed","The Disciple","The Forsaken","The Hierophant","The Marked","The Mystic","The Necromancer","The Runesmith","The Servant 0.9.4","The Valiant","The Witch","TheFirefly","TheVacant","thorton"],"gold_per_floor":[118,132,1,21,33,33,44,44,44,69,69,69,69,81,81,176,176,194,104,104,104,104],"floor_reached":21,"language":"ENG","playtime":937,"items_purged":[],"score":179,"play_id":"150f7f47-a837-4872-8362-c6b92b330d26","local_time":"20210222203930","is_ascension_mode":false,"campfire_choices":[{"floor":6,"key":"RECALL"},{"floor":8,"key":"REST"},{"floor":11,"key":"REST"},{"floor":13,"key":"REST"},{"floor":15,"key":"REST"}],"circlet_count":0,"master_deck":["MadScienceMod:Strike_MadScience","MadScienceMod:Strike_MadScience","MadScienceMod:Strike_MadScience","MadScienceMod:Strike_MadScience","MadScienceMod:Defend_MadScience","MadScienceMod:Defend_MadScience","MadScienceMod:Defend_MadScience","MadScienceMod:Defend_MadScience","MadScienceMod:PoweredStrike","MadScienceMod:HideBehindJunk","Jack Of All Trades","MadScienceMod:AcidSpray","MadScienceMod:AutoStrike","MadScienceMod:PowerArmor","MadScienceMod:AcidSpray","MadScienceMod:LightOnFire","MadScienceMod:AssemblyLine","MadScienceMod:AutoStrike","MadScienceMod:PowerArmor","MadScienceMod:FlexibleSpear","MadScienceMod:Refine","Clumsy","Replay:Hysterical Blindness","Replay:Hysterical Blindness","MadScienceMod:Sprocket+1","MadScienceMod:NowOrNever"],"relics":["MadScienceMod:FuelTank","DemoMod:ClearGuonStone","hubris:Icosahedron","Replay:Ancient Bell","MealTicket","hubris:BottledRain","Thread and Needle"],"acts_visited":["Exordium","TheCity"],"potions_floor_usage":[10,10,14,16,18],"damage_taken":[{"damage":1,"enemies":"Small Slimes","floor":1,"turns":5},{"damage":1,"enemies":"conspire:RoseBush","floor":2,"turns":4},{"damage":10,"enemies":"Jaw Worm","floor":4,"turns":4},{"damage":12,"enemies":"Blue Slaver","floor":5,"turns":2},{"damage":6,"enemies":"2 Fungi Beasts","floor":7,"turns":4},{"damage":50,"enemies":"Lagavulin","floor":10,"turns":6},{"damage":2,"enemies":"conspire:2 RoseBushes","floor":14,"turns":3},{"damage":65,"enemies":"Hexaghost","floor":16,"turns":14},{"damage":3,"enemies":"Shell Parasite","floor":18,"turns":10},{"damage":69,"enemies":"2 Thieves","floor":19,"turns":5},{"damage":19,"enemies":"Snake Plant","floor":21,"turns":3}],"seed_played":"7753775984248284121","potions_obtained":[{"floor":4,"key":"PowerPotion"},{"floor":5,"key":"DuplicationPotion"},{"floor":10,"key":"AttackPotion"},{"floor":14,"key":"potionbrewer:EndurancePotion"},{"floor":16,"key":"champ:CounterPotion"}],"is_trial":false,"path_per_floor":["M","M","$","M","M","R","M","R","T","E","R","?","R","M","R","B",null,"M","M","$","M"],"character_chosen":"MAD_SCIENTIST","items_purchased":["MadScienceMod:PowerArmor","MadScienceMod:AcidSpray"],"campfire_rested":4,"item_purchase_floors":[3,3],"current_hp_per_floor":[74,73,73,63,51,51,45,67,67,17,39,39,61,59,75,10,75,72,3,18,0,0],"gold":104,"neow_bonus":"RANDOM_COLORLESS","is_daily":false,"chose_seed":false,"campfire_upgraded":0,"win_rate":0.0,"timestamp":1614044370,"path_taken":["M","M","$","M","M","R","M","R","T","E","R","?","R","M","R","BOSS","M","M","$","M"],"items_purchased_type":["Card","Card"],"build_version":"2020-12-22","purchased_purges":0,"victory":false,"max_hp_per_floor":[75,75,75,75,75,75,75,75,75,75,75,75,75,75,75,75,75,75,75,75,75,75],"card_choices":[{"not_picked":["Deep Breath","Finesse"],"picked":"Jack Of All Trades","floor":0},{"not_picked":["MadScienceMod:AutoStrike","MadScienceMod:NowOrNever"],"picked":"MadScienceMod:AcidSpray","floor":1},{"not_picked":["MadScienceMod:OmniHammer","MadScienceMod:MindControlBeam"],"picked":"MadScienceMod:AutoStrike","floor":2},{"not_picked":["MadScienceMod:Strafe","MadScienceMod:Browse"],"picked":"MadScienceMod:LightOnFire","floor":4},{"not_picked":["MadScienceMod:Assemble","MadScienceMod:EnergyBarrier"],"picked":"MadScienceMod:AssemblyLine","floor":5},{"not_picked":["MadScienceMod:Virus","MadScienceMod:SoftenUp"],"picked":"MadScienceMod:AutoStrike","floor":7},{"not_picked":["MadScienceMod:GlassCannon","MadScienceMod:AcidSpray"],"picked":"MadScienceMod:PowerArmor","floor":10},{"not_picked":["MadScienceMod:LightOnFire","MadScienceMod:MechanicalClaw"],"picked":"MadScienceMod:FlexibleSpear","floor":14},{"not_picked":["MadScienceMod:Tinker","MadScienceMod:Postpone"],"picked":"MadScienceMod:Refine","floor":16},{"not_picked":["hubris:Disease","SwitchThreat"],"picked":"Clumsy","floor":17},{"not_picked":["downfall:Malfunctioning","ReplayTheSpireMod:Splinters"],"picked":"Replay:Hysterical Blindness","floor":17},{"not_picked":["hubris:Lust","Pain"],"picked":"Replay:Hysterical Blindness","floor":17},{"not_picked":["MadScienceMod:Tune","MadScienceMod:FumeBlast"],"picked":"MadScienceMod:Sprocket+1","floor":18},{"not_picked":["MadScienceMod:Sprocket+1","MadScienceMod:Probe"],"picked":"MadScienceMod:NowOrNever","floor":19}],"player_experience":577410,"relics_obtained":[{"floor":10,"key":"DemoMod:ClearGuonStone"}],"event_choices":[],"is_beta":false,"boss_relics":[{"not_picked":["Painkiller Herb","Runic Dome"],"picked":"Replay:Ancient Bell"},{"not_picked":["Potion Belt","Bag of Marbles"],"picked":"MealTicket"},{"not_picked":["hubris:Metronome","potionbrewer:MortarAndPestle"],"picked":"hubris:BottledRain"},{"not_picked":["Torii","DemoMod:VorpalBullet"],"picked":"Thread and Needle"}],"items_purged_floors":[],"is_endless":false,"potions_floor_spawned":[4,5,10,14,16],"killed_by":"Snake Plant","ascension_level":0}}