{"host":"sav7uxregyirlf69","time":1614065637,"event":{"mods":["AchievementEnabler","BaseMod","Colored Map","DeckTracker","Keyboard Shortcuts","Minty Spire (QoL Compilation)","READ ME - Guardian Mod","StSLib","SuperFastMode"],"gold_per_floor":[116,135,135,135,156,156,195,219,219,41,41,116,131,151,151,244,244,260,160,160,75,89,89,108,108,108,108,233,251,265,265,265,361,361,376,376,376,396,396,396,431,431,478,494,530,58,58,58,58,58,58,58,58,16,50,50],"floor_reached":57,"language":"KOR","playtime":1453,"items_purged":["Defend_R","Strike_R","Defend_R"],"score":2966,"play_id":"2cba01d5-ae22-4213-b716-a72c0187674f","local_time":"20210223163357","is_ascension_mode":true,"campfire_choices":[{"data":"Flame Barrier","floor":6.0,"key":"SMITH"},{"data":"Finesse","floor":11.0,"key":"SMITH"},{"data":"Shrug It Off","floor":15.0,"key":"SMITH"},{"data":"Pommel Strike","floor":23,"key":"SMITH"},{"data":"Juggernaut","floor":25,"key":"SMITH"},{"data":"Strike_R","floor":27,"key":"PURGE"},{"data":"Burning Pact","floor":32,"key":"SMITH"},{"data":"Defend_R","floor":40,"key":"PURGE"},{"data":"Dark Embrace","floor":47,"key":"SMITH"},{"floor":49,"key":"RECALL"},{"data":"Offering","floor":53,"key":"SMITH"}],"circlet_count":0,"master_deck":["AscendersBane","Flame Barrier+1","Blood for Blood+1","Shrug It Off+1","Pommel Strike+1","Finesse+1","Offering+1","Juggernaut+1","Warcry+1","Burning Pact+1","Shrug It Off+1","Feel No Pain","Bloodletting","Sentinel+1","Madness","Dark Embrace+1","Madness","Madness","Evolve"],"relics":["Burning Blood","Golden Idol","CaptainsWheel","Du-Vu Doll","Sozu","Shuriken","Peace Pipe","Turnip","Meat on the Bone","Empty Cage","Prayer Wheel","Juzu Bracelet","Medical Kit","Sundial"],"acts_visited":["Exordium","TheCity","TheBeyond","TheEnding"],"potions_floor_usage":[28,50],"damage_taken":[{"damage":11.0,"enemies":"Jaw Worm","floor":1.0,"turns":7.0},{"damage":7.0,"enemies":"Small Slimes","floor":2.0,"turns":4.0},{"damage":0.0,"enemies":"2 Louse","floor":5.0,"turns":3.0},{"damage":30.0,"enemies":"Lagavulin","floor":7.0,"turns":8.0},{"damage":1.0,"enemies":"Large Slime","floor":8.0,"turns":6.0},{"damage":0.0,"enemies":"3 Louse","floor":13.0,"turns":4.0},{"damage":0.0,"enemies":"Lots of Slimes","floor":14.0,"turns":5.0},{"damage":26.0,"enemies":"The Guardian","floor":16.0,"turns":14.0},{"damage":6.0,"enemies":"3 Byrds","floor":18.0,"turns":3.0},{"damage":6,"enemies":"Spheric Guardian","floor":22,"turns":3},{"damage":11,"enemies":"Centurion and Healer","floor":24,"turns":3},{"damage":7,"enemies":"Colosseum Slavers","floor":28,"turns":3},{"damage":8,"enemies":"Colosseum Nobs","floor":28,"turns":4},{"damage":6,"enemies":"3 Cultists","floor":29,"turns":5},{"damage":6,"enemies":"Cultist and Chosen","floor":30,"turns":5},{"damage":18,"enemies":"Collector","floor":33,"turns":5},{"damage":9,"enemies":"Orb Walker","floor":35,"turns":2},{"damage":6,"enemies":"3 Shapes","floor":38,"turns":3},{"damage":12,"enemies":"Reptomancer","floor":41,"turns":3},{"damage":9,"enemies":"Transient","floor":44,"turns":6},{"damage":12,"enemies":"Giant Head","floor":45,"turns":3},{"damage":20,"enemies":"Time Eater","floor":50,"turns":8},{"damage":15,"enemies":"Awakened One","floor":51,"turns":3},{"damage":12,"enemies":"Shield and Spear","floor":55,"turns":2},{"damage":12,"enemies":"The Heart","floor":56,"turns":5}],"seed_played":"-2912344197865145431","potions_obtained":[{"floor":1.0,"key":"BlessingOfTheForge"},{"floor":14.0,"key":"BloodPotion"},{"floor":16.0,"key":"PowerPotion"}],"is_trial":false,"path_per_floor":["M","M","?","?","M","R","E","M","T","$","R","?","M","M","R","B",null,"M","$","?","?","M","R","M","R","T","R","?","M","M","?","R","B",null,"M","?","?","M","?","R","E","?","T","M","E","$","R","?","R","B","B",null,"R","$","E","B",null],"character_chosen":"IRONCLAD","items_purchased":["Finesse","Madness","Medical Kit","Dark Embrace","Evolve"],"campfire_rested":0,"item_purchase_floors":[10,46,46,46,54],"current_hp_per_floor":[45,44,44,44,50,50,26,31,31,31,31,20,26,32,32,12,54,54,54,54,54,54,54,49,49,49,49,46,46,46,46,46,46,63,60,60,60,60,60,60,54,44,44,41,47,47,47,35,35,46,49,63,63,63,57,51],"gold":50,"neow_bonus":"TRANSFORM_TWO_CARDS","is_daily":false,"chose_seed":false,"campfire_upgraded":8,"win_rate":0.0,"timestamp":1614065637,"path_taken":["M","M","?","?","M","R","E","M","T","$","R","?","M","M","R","BOSS","M","$","?","?","M","R","M","R","T","R","?","M","M","?","R","BOSS","M","?","?","M","?","R","E","?","T","M","E","$","R","?","R","BOSS","BOSS","R","$","E","BOSS"],"items_purchased_type":["Card","Card","Relic","Card","Card"],"build_version":"2020-12-22","purchased_purges":3,"victory":true,"max_hp_per_floor":[75,75,75,68,68,68,68,68,68,68,68,68,68,68,68,68,68,68,68,68,68,68,68,68,68,68,68,68,68,68,68,68,68,68,68,68,68,68,68,68,68,68,68,68,68,68,68,68,68,68,68,68,68,68,68,68],"card_choices":[{"not_picked":["Havoc","Perfected Strike"],"picked":"Blood for Blood","floor":1.0},{"not_picked":["True Grit","Sword Boomerang"],"picked":"Shrug It Off","floor":2.0},{"not_picked":["Headbutt","Sever Soul","Perfected Strike"],"picked":"SKIP","floor":5.0},{"not_picked":["Iron Wave","Body Slam"],"picked":"Pommel Strike","floor":7.0},{"not_picked":["Pommel Strike","Iron Wave","Perfected Strike"],"picked":"SKIP","floor":8.0},{"not_picked":["Pommel Strike","Iron Wave","Perfected Strike"],"picked":"SKIP","floor":8.0},{"not_picked":["Berserk","Wild Strike"],"picked":"Twin Strike","floor":13.0},{"not_picked":["Perfected Strike","Clothesline","Armaments"],"picked":"SKIP","floor":14.0},{"not_picked":["Immolate","Impervious"],"picked":"Offering","floor":16.0},{"not_picked":["Hemokinesis","Body Slam","Clothesline"],"picked":"SKIP","floor":18.0},{"not_picked":["Warcry","True Grit","Clash"],"picked":"SKIP","floor":22},{"not_picked":["Heavy Blade","Uppercut+1"],"picked":"Juggernaut","floor":24},{"not_picked":["Pommel Strike","Twin Strike"],"picked":"Warcry+1","floor":28},{"not_picked":["Warcry","Shrug It Off"],"picked":"Burning Pact","floor":29},{"not_picked":["Ghostly Armor","Wild Strike"],"picked":"Shrug It Off+1","floor":30},{"not_picked":["Thunderclap+1","Infernal Blade","Havoc"],"picked":"SKIP","floor":35},{"not_picked":["Perfected Strike","Heavy Blade","Rampage+1"],"picked":"SKIP","floor":38},{"not_picked":["Clothesline","Hemokinesis","Searing Blow+1"],"picked":"SKIP","floor":41},{"not_picked":["Iron Wave","Ghostly Armor+1"],"picked":"Sentinel+1","floor":44},{"not_picked":["Twin Strike","Inflame","Wild Strike"],"picked":"SKIP","floor":44},{"not_picked":["Twin Strike","Shrug It Off","Searing Blow"],"picked":"SKIP","floor":45},{"not_picked":["Infernal Blade+1","Disarm","Impervious"],"picked":"SKIP","floor":55}],"player_experience":1671155,"relics_obtained":[{"floor":7.0,"key":"CaptainsWheel"},{"floor":9.0,"key":"Du-Vu Doll"},{"floor":26,"key":"Peace Pipe"},{"floor":28,"key":"Turnip"},{"floor":28,"key":"Meat on the Bone"},{"floor":41,"key":"Prayer Wheel"},{"floor":45,"key":"Juzu Bracelet"},{"floor":55,"key":"Sundial"}],"event_choices":[{"damage_healed":0.0,"max_hp_gain":0.0,"max_hp_loss":0.0,"gold_gain":0.0,"event_name":"Living Wall","player_choice":"Grow","floor":3.0,"gold_loss":0.0,"damage_taken":0.0,"cards_upgraded":["Blood for Blood"]},{"damage_healed":0.0,"max_hp_gain":0.0,"max_hp_loss":7.0,"gold_gain":0.0,"event_name":"Golden Idol","player_choice":"Lose Max HP","floor":4.0,"gold_loss":0.0,"damage_taken":0.0,"relics_obtained":["Golden Idol"]},{"damage_healed":0.0,"max_hp_gain":0.0,"max_hp_loss":0.0,"gold_gain":75.0,"event_name":"World of Goop","player_choice":"Gather Gold","floor":12.0,"gold_loss":0.0,"damage_taken":11.0},{"damage_healed":0,"gold_gain":0,"player_choice":"Ignored","damage_taken":0,"max_hp_gain":0,"max_hp_loss":0,"event_name":"The Mausoleum","floor":20,"gold_loss":0},{"damage_healed":0,"gold_gain":0,"player_choice":"Obtained Relic","damage_taken":0,"relics_obtained":["Shuriken"],"max_hp_gain":0,"max_hp_loss":0,"event_name":"Addict","floor":21,"gold_loss":85},{"damage_healed":0,"gold_gain":0,"player_choice":"Fight","damage_taken":0,"max_hp_gain":0,"max_hp_loss":0,"event_name":"Colosseum","floor":28,"gold_loss":0},{"damage_healed":0,"gold_gain":0,"player_choice":"Fought Nobs","damage_taken":0,"max_hp_gain":0,"max_hp_loss":0,"event_name":"Colosseum","floor":28,"gold_loss":0},{"damage_healed":0,"gold_gain":0,"cards_transformed":["Strike_R","Exhume"],"player_choice":"Became Test Subject","damage_taken":0,"max_hp_gain":0,"max_hp_loss":0,"event_name":"Drug Dealer","floor":31,"gold_loss":0,"cards_obtained":["Feel No Pain","Bloodletting"]},{"cards_removed":["Defend_R"],"damage_healed":0,"gold_gain":0,"player_choice":"Removed Skill","damage_taken":0,"max_hp_gain":0,"max_hp_loss":0,"event_name":"Falling","floor":36,"gold_loss":0},{"damage_healed":0,"gold_gain":0,"player_choice":"Ignored","damage_taken":0,"max_hp_gain":0,"max_hp_loss":0,"event_name":"Mysterious Sphere","floor":37,"gold_loss":0},{"damage_healed":0,"gold_gain":0,"player_choice":"Ignored","damage_taken":0,"max_hp_gain":0,"max_hp_loss":0,"event_name":"Tomb of Lord Red Mask","floor":39,"gold_loss":0},{"damage_healed":0,"gold_gain":0,"player_choice":"Damaged","damage_taken":10,"max_hp_gain":0,"max_hp_loss":0,"event_name":"Wheel of Change","floor":42,"gold_loss":0},{"damage_healed":0,"gold_gain":0,"player_choice":"Embrace Madness","damage_taken":12,"max_hp_gain":0,"max_hp_loss":0,"event_name":"Winding Halls","floor":48,"gold_loss":0,"cards_obtained":["Madness","Madness"]}],"is_beta":false,"boss_relics":[{"not_picked":["Pandora\u0027s Box","Coffee Dripper"],"picked":"Sozu"},{"not_picked":["Black Star","Mark of Pain"],"picked":"Empty Cage"}],"items_purged_floors":[10,19,46],"is_endless":false,"potions_floor_spawned":[1,14,16,18,28,33,38,44],"ascension_level":20}}