{"host":"8rgpnls124hwjv5t","time":1614049233,"event":{"mods":["BaseMod","Colored Map","Colored Powertips","DeckTracker","Highlight Path","Minty Spire (QoL Compilation)","Permanent Neow","Quick Restart","Relic Stats","Shop Mod","StSLib"],"gold_per_floor":[110,124,143,159,23,48,48,75,75,75,102,27,27,27,27,125,125,146,196,121,145,188,188,209,244,244,244,244,244,258,36,36,125,188,209,228,251,251,251],"floor_reached":38,"language":"ENG","playtime":4027,"items_purged":["Strike_G"],"score":828,"play_id":"813b27ce-366d-4853-9027-6a9e070c30b2","local_time":"20210222220033","is_ascension_mode":true,"campfire_choices":[{"floor":7,"key":"REST"},{"floor":10,"key":"REST"},{"floor":13,"key":"REST"},{"floor":15,"key":"REST"},{"floor":23,"key":"REST"},{"floor":27,"key":"REST"},{"floor":29,"key":"REST"},{"floor":32,"key":"REST"}],"circlet_count":0,"master_deck":["AscendersBane","Strike_G","Strike_G","Defend_G+1","Defend_G","Defend_G","Defend_G","Defend_G","Survivor","Neutralize","Underhanded Strike","Dodge and Roll","Dagger Throw","Dagger Throw","Leg Sweep","Dagger Spray","Predator","Leg Sweep","Bouncing Flask","Bouncing Flask","Dash","Venomology","Blade Dance+1","Well Laid Plans","Footwork","Prepared+1","Prepared+1","Deadly Poison+1","Corpse Explosion+1","Calculated Gamble+1","Burst+1","Blade Dance+1","Bouncing Flask+1","Bouncing Flask+1"],"relics":["Fusion Hammer","Paper Crane","Dream Catcher","Toy Ornithopter","Darkstone Periapt","Golden Idol","SacredBark","Red Mask","Toxic Egg 2","Shuriken","Tiny House"],"acts_visited":["Exordium","TheCity","TheBeyond"],"potions_floor_usage":[8,11,16,18,22,24,24,25,33,33,33,35,35,37,37,38],"damage_taken":[{"damage":0,"enemies":"Cultist","floor":1,"turns":4},{"damage":0,"enemies":"Small Slimes","floor":2,"turns":5},{"damage":0,"enemies":"Jaw Worm","floor":3,"turns":5},{"damage":12,"enemies":"Blue Slaver","floor":4,"turns":5},{"damage":19,"enemies":"3 Sentries","floor":6,"turns":10},{"damage":18,"enemies":"Lagavulin","floor":8,"turns":9},{"damage":3,"enemies":"3 Sentries","floor":11,"turns":6},{"damage":9,"enemies":"The Guardian","floor":16,"turns":10},{"damage":43,"enemies":"3 Byrds","floor":18,"turns":9},{"damage":0,"enemies":"Spheric Guardian","floor":21,"turns":3},{"damage":42,"enemies":"Masked Bandits","floor":22,"turns":6},{"damage":30,"enemies":"Chosen and Byrds","floor":24,"turns":6},{"damage":56,"enemies":"Book of Stabbing","floor":25,"turns":8},{"damage":11,"enemies":"Snake Plant","floor":30,"turns":5},{"damage":45,"enemies":"Automaton","floor":33,"turns":10},{"damage":0,"enemies":"Orb Walker","floor":35,"turns":2},{"damage":70,"enemies":"3 Darklings","floor":36,"turns":5},{"damage":22,"enemies":"Spire Growth","floor":37,"turns":4},{"damage":49,"enemies":"Transient","floor":38,"turns":5}],"seed_played":"-3945728361425269766","potions_obtained":[{"floor":8,"key":"BlessingOfTheForge"},{"floor":11,"key":"SteroidPotion"},{"floor":21,"key":"FearPotion"},{"floor":22,"key":"FairyPotion"},{"floor":34,"key":"Strength Potion"},{"floor":37,"key":"LiquidBronze"}],"is_trial":false,"path_per_floor":["M","M","M","M","$","E","R","E","T","R","E","$","R","?","R","B",null,"M","?","?","M","?","R","M","E","T","R","?","R","M","$","R","B",null,"M","M","M","M"],"character_chosen":"THE_SILENT","items_purchased":["Leg Sweep","Fire Potion","Corpse Explosion+1","Poison Potion"],"campfire_rested":8,"item_purchase_floors":[5,5,31,31],"current_hp_per_floor":[59,59,59,47,47,28,47,29,29,48,50,50,66,43,62,57,64,65,65,65,65,24,43,23,11,11,30,30,49,38,38,57,27,61,71,1,37,0,0],"gold":251,"neow_bonus":"BOSS_RELIC","is_daily":false,"chose_seed":false,"campfire_upgraded":0,"win_rate":0.0,"timestamp":1614049233,"path_taken":["M","M","M","?","$","E","R","E","T","R","E","$","R","?","R","BOSS","M","?","?","M","?","R","M","E","T","R","?","R","?","$","R","BOSS","M","M","M","M"],"items_purchased_type":["Card","Potion","Card","Potion"],"build_version":"2020-12-22","purchased_purges":1,"victory":false,"max_hp_per_floor":[66,66,66,66,66,66,66,66,66,66,66,66,66,66,66,66,66,66,66,66,66,66,66,66,66,66,66,66,66,66,66,66,66,71,71,71,71,71,71],"relic_stats":{"Darkstone Periapt":0,"Dream Catcher":7,"counters":[19,117],"Golden Idol":96,"Shuriken":[19],"obtain_stats":[{"Darkstone Periapt":11,"Dream Catcher":8,"Tiny House":34,"Golden Idol":14,"Shuriken":26,"SacredBark":17,"Fusion Hammer":0,"Red Mask":22,"Paper Crane":6,"Toxic Egg 2":25,"Toy Ornithopter":9,"Ring of the Snake":0},{"Darkstone Periapt":7,"Dream Catcher":6,"Tiny House":15,"Golden Idol":7,"Shuriken":13,"SacredBark":8,"Fusion Hammer":0,"Red Mask":11,"Paper Crane":5,"Toxic Egg 2":13,"Toy Ornithopter":6,"Ring of the Snake":0},{"Darkstone Periapt":44,"Dream Catcher":38,"Tiny House":101,"Golden Idol":44,"Shuriken":86,"SacredBark":54,"Fusion Hammer":0,"Red Mask":72,"Paper Crane":29,"Toxic Egg 2":86,"Toy Ornithopter":38,"Ring of the Snake":0}],"Toy Ornithopter":70},"card_choices":[{"not_picked":["Acrobatics","Sucker Punch"],"picked":"Underhanded Strike","floor":1},{"not_picked":["Endless Agony","Finisher"],"picked":"Dodge and Roll","floor":2},{"not_picked":["Bane","Quick Slash"],"picked":"Dagger Throw","floor":3},{"not_picked":["Setup","Dodge and Roll"],"picked":"Dagger Throw","floor":4},{"not_picked":["Endless Agony","Bane"],"picked":"Dagger Spray","floor":6},{"not_picked":["Backflip","Deflect"],"picked":"Predator","floor":8},{"not_picked":["Well Laid Plans","Outmaneuver"],"picked":"Leg Sweep","floor":10},{"not_picked":["Heel Hook","Catalyst"],"picked":"Bouncing Flask","floor":11},{"not_picked":["Choke","Riddle With Holes"],"picked":"Bouncing Flask","floor":13},{"not_picked":["Sucker Punch","Distraction"],"picked":"Dash","floor":15},{"not_picked":["Glass Knife","Night Terror"],"picked":"Venomology","floor":16},{"not_picked":["Sucker Punch","Riddle With Holes"],"picked":"Blade Dance+1","floor":18},{"not_picked":["Flying Knee+1","Deflect"],"picked":"Well Laid Plans","floor":21},{"not_picked":["Skewer","Prepared","Choke"],"picked":"SKIP","floor":24},{"not_picked":["Blade Dance+1","Backflip+1"],"picked":"Footwork","floor":25},{"not_picked":["Noxious Fumes","Deflect+1"],"picked":"Prepared+1","floor":27},{"not_picked":["Concentrate+1","Flying Knee"],"picked":"Prepared+1","floor":29},{"not_picked":["Deflect+1","Backflip+1"],"picked":"Deadly Poison+1","floor":30},{"not_picked":["Distraction+1","Slice"],"picked":"Calculated Gamble+1","floor":32},{"not_picked":["Adrenaline+1","Wraith Form v2"],"picked":"Burst+1","floor":33},{"not_picked":["Underhanded Strike","Masterful Stab"],"picked":"Blade Dance+1","floor":34},{"not_picked":["Dash","Endless Agony+1"],"picked":"Bouncing Flask+1","floor":35},{"not_picked":["Choke","Dagger Throw"],"picked":"Bouncing Flask+1","floor":36},{"not_picked":["Poisoned Stab+1","Underhanded Strike","Dagger Throw"],"picked":"SKIP","floor":37}],"player_experience":642145,"relics_obtained":[{"floor":6,"key":"Paper Crane"},{"floor":8,"key":"Dream Catcher"},{"floor":9,"key":"Toy Ornithopter"},{"floor":11,"key":"Darkstone Periapt"},{"floor":22,"key":"Red Mask"},{"floor":25,"key":"Toxic Egg 2"},{"floor":26,"key":"Shuriken"}],"event_choices":[{"damage_healed":0,"gold_gain":0,"player_choice":"Take Damage","damage_taken":23,"relics_obtained":["Golden Idol"],"max_hp_gain":0,"max_hp_loss":0,"event_name":"Golden Idol","floor":14,"gold_loss":0},{"damage_healed":0,"gold_gain":50,"player_choice":"Stole From Cult","damage_taken":0,"max_hp_gain":0,"max_hp_loss":0,"event_name":"Nest","floor":19,"gold_loss":0},{"cards_removed":["Strike_G"],"damage_healed":0,"gold_gain":0,"player_choice":"Gave Gold","damage_taken":0,"max_hp_gain":0,"max_hp_loss":0,"event_name":"Beggar","floor":20,"gold_loss":75},{"damage_healed":0,"gold_gain":0,"player_choice":"Fought Bandits","damage_taken":0,"max_hp_gain":0,"max_hp_loss":0,"event_name":"Masked Bandits","floor":22,"gold_loss":0},{"cards_removed":["Strike_G"],"damage_healed":0,"gold_gain":0,"player_choice":"Purged","damage_taken":0,"max_hp_gain":0,"max_hp_loss":0,"event_name":"Purifier","floor":28,"gold_loss":0}],"is_beta":false,"boss_relics":[{"not_picked":["Busted Crown","Cursed Key"],"picked":"SacredBark"},{"not_picked":["Velvet Choker","Snecko Eye"],"picked":"Tiny House"}],"items_purged_floors":[12],"is_endless":false,"potions_floor_spawned":[8,11,21,22,36,37],"killed_by":"Transient","ascension_level":19}}