{"host":"wy4vwr4x0uqk666t","time":1614084705,"event":{"mods":["Aspiration","BaseMod","BetterRewards","Colored Powertips","Curses Come First","Defuse TimeMaze Blight","Downfall","Hubris","Infinite Spire","Jorbs\u0027s Wanderer Trilogy","Kalas","Lobotomy","Minty Spire (QoL Compilation)","Quick Restart","READ ME - Guardian Mod","Replay The Spire","StSLib","The Cursed","The Elementalist","The Hierophant","The Jungle","The Runesmith","The Servant 0.9.4","The Spell Scribe"],"gold_per_floor":[111,31,31,41,53,53,53],"floor_reached":6,"language":"ENG","playtime":291,"items_purged":[],"score":45,"play_id":"e10d970a-53e9-490c-8b1a-f7672f2efbac","local_time":"20210223135145","is_ascension_mode":true,"campfire_choices":[],"circlet_count":0,"master_deck":["Strike_G","Strike_G","Strike_G","Strike_G","Strike_G","Defend_G","Defend_G","Defend_G","Defend_G","Defend_G","Survivor","Neutralize","BeautyBeast","PiercingWail","Infinite Blades","ShyLook","Prepared","QueenBee","Blade Dance"],"relics":["Ring of the Snake","CogitoBucket","infinitespire:Bottled Soul"],"acts_visited":["Exordium"],"potions_floor_usage":[6,6],"damage_taken":[{"damage":9,"enemies":"Small Slimes","floor":1,"turns":4},{"damage":3,"enemies":"Jaw Worm","floor":4,"turns":6},{"damage":24,"enemies":"Cultist","floor":5,"turns":5},{"damage":27,"enemies":"3 Sentries","floor":6,"turns":3}],"seed_played":"-8185462688847995273","potions_obtained":[{"floor":1,"key":"Swift Potion"},{"floor":5,"key":"Venom Potion"}],"is_trial":false,"path_per_floor":["M","$","?","M","M","E"],"character_chosen":"THE_SILENT","items_purchased":["Infinite Blades"],"campfire_rested":0,"item_purchase_floors":[2],"current_hp_per_floor":[61,61,49,46,22,0,0],"gold":53,"neow_bonus":"","is_daily":false,"chose_seed":false,"campfire_upgraded":0,"win_rate":0.0,"timestamp":1614084705,"path_taken":["M","$","?","M","M","E"],"items_purchased_type":["Card"],"build_version":"2020-12-22","purchased_purges":0,"victory":false,"max_hp_per_floor":[70,70,70,70,70,70,70],"card_choices":[{"not_picked":["Scorched","MeatLantern"],"picked":"BeautyBeast","floor":1},{"not_picked":["Hidden Blade","Underhanded Strike"],"picked":"PiercingWail","floor":1},{"not_picked":["SpiderBud","CherryBlossoms"],"picked":"ShyLook","floor":4},{"not_picked":["Doppelganger","Eviscerate"],"picked":"Prepared","floor":4},{"not_picked":["Bloodbath","Murderer"],"picked":"QueenBee","floor":5},{"not_picked":["Eviscerate","Escape Plan"],"picked":"Blade Dance","floor":5}],"player_experience":3750200,"relics_obtained":[],"event_choices":[{"damage_healed":0,"gold_gain":0,"player_choice":"Success","damage_taken":12,"relics_obtained":["infinitespire:Bottled Soul"],"max_hp_gain":0,"max_hp_loss":0,"event_name":"Scrap Ooze","floor":3,"gold_loss":0}],"is_beta":false,"boss_relics":[],"items_purged_floors":[],"is_endless":false,"potions_floor_spawned":[1,5],"killed_by":"3 Sentries","ascension_level":5}}