{"host":"qiddgr1lyn3b7c88","time":1614124363,"event":{"mods":["Aspiration","BaseMod","Colored Map","Highlight Path","Minty Spire (QoL Compilation)","Replay The Spire","Shop Mod","StSLib","Synergy Search","The Alterego","egg"],"gold_per_floor":[119,136,154,164,179,179,209,209,209,225,225,236,261,280,280,384,384,396,410,116,133,83,83,114,134,134,144,144,144],"floor_reached":28,"language":"ENG","playtime":1745,"items_purged":["Strike_B"],"score":407,"play_id":"2064793c-16f6-4d4e-9603-4734bdb44049","local_time":"20210223185243","is_ascension_mode":true,"campfire_choices":[{"data":"ReplayTheSpireMod:Calculation Training","floor":6.0,"key":"SMITH"},{"data":"Sweeping Beam","floor":8.0,"key":"SMITH"},{"data":"Static Discharge","floor":15.0,"key":"SMITH"},{"data":"Biased Cognition","floor":23,"key":"SMITH"}],"circlet_count":0,"master_deck":["Strike_B","Strike_B","Strike_B","Defend_B","Defend_B","Defend_B","Defend_B","Zap","Dualcast","ReplayTheSpireMod:Calculation Training+1","Conserve Battery","Reboot","Auto Shields","Cold Snap","Sweeping Beam+1","Mirror Shield","Go for the Eyes","Static Discharge+1","Core Surge","Biased Cognition+1","FIFO Queue+1","Cold Snap","Barrage","Ball Lightning","Lockon+1","Coolheaded+1","Loop","Ball Lightning"],"relics":["Cracked Core","aspiration:Nostalgia","Burning Blood","Pen Nib","Incense Burner","Juzu Bracelet","Coffee Dripper","Sling","Prayer Wheel","Golden Egg","aspiration:FaultyCoupler"],"acts_visited":["Exordium","TheCity"],"potions_floor_usage":[24,28,28],"damage_taken":[{"damage":3.0,"enemies":"Small Slimes","floor":1.0,"turns":3.0},{"damage":0.0,"enemies":"Cultist","floor":2.0,"turns":3.0},{"damage":0.0,"enemies":"2 Louse","floor":3.0,"turns":3.0},{"damage":21.0,"enemies":"Exordium Thugs","floor":4.0,"turns":4.0},{"damage":4.0,"enemies":"Exordium Wildlife","floor":5.0,"turns":5.0},{"damage":9.0,"enemies":"Lagavulin","floor":7.0,"turns":9.0},{"damage":0.0,"enemies":"Blue Slaver","floor":10.0,"turns":3.0},{"damage":0.0,"enemies":"3 Louse","floor":12.0,"turns":2.0},{"damage":17.0,"enemies":"3 Sentries","floor":13.0,"turns":5.0},{"damage":0.0,"enemies":"Looter","floor":14.0,"turns":4.0},{"damage":59.0,"enemies":"Slime Boss","floor":16.0,"turns":11.0},{"damage":0.0,"enemies":"Spheric Guardian","floor":18.0,"turns":3.0},{"damage":1.0,"enemies":"3 Byrds","floor":19.0,"turns":5.0},{"damage":6,"enemies":"Snake Plant","floor":21,"turns":5},{"damage":19,"enemies":"Book of Stabbing","floor":24,"turns":4},{"damage":16,"enemies":"Sentry and Sphere","floor":25,"turns":3},{"damage":7,"enemies":"3 Cultists","floor":27,"turns":4},{"damage":51,"enemies":"Gremlin Leader","floor":28,"turns":3}],"seed_played":"-6943082150328818375","potions_obtained":[{"floor":5.0,"key":"Energy Potion"},{"floor":7.0,"key":"BlessingOfTheForge"},{"floor":12.0,"key":"Elixir"},{"floor":13.0,"key":"Doom Potion"},{"floor":16.0,"key":"SkillPotion"},{"floor":25,"key":"Adrenaline Potion"},{"floor":27,"key":"SkillPotion"}],"is_trial":false,"path_per_floor":["M","M","M","M","M","R","E","R","T","M","?","M","E","M","R","B",null,"M","M","$","M","?","R","E","M","T","M","E"],"character_chosen":"DEFECT","items_purchased":["Sling","Cold Snap","Barrage"],"campfire_rested":0,"item_purchase_floors":[20,20,20],"current_hp_per_floor":[71,75,75,60,62,62,59,59,59,65,65,71,60,66,66,13,60,66,71,71,71,71,71,58,48,48,47,0,0],"gold":144,"neow_bonus":"NOSTALGIA","is_daily":false,"chose_seed":false,"campfire_upgraded":4,"win_rate":0.0,"timestamp":1614124363,"path_taken":["M","M","M","M","M","R","E","R","T","M","?","?","E","M","R","BOSS","M","M","$","M","?","R","E","M","T","M","E"],"items_purchased_type":["Relic","Card","Card"],"build_version":"2020-12-22","purchased_purges":1,"victory":false,"max_hp_per_floor":[75,75,75,75,75,75,75,75,75,75,75,75,75,75,75,75,75,75,75,75,75,75,75,75,75,75,75,75,75],"card_choices":[{"not_picked":["Compile Driver","Beam Cell"],"picked":"ReplayTheSpireMod:Calculation Training","floor":1.0},{"not_picked":["Leap","Go for the Eyes"],"picked":"Conserve Battery","floor":2.0},{"not_picked":["Gash","FTL"],"picked":"Reboot","floor":3.0},{"not_picked":["ReplayTheSpireMod:GoodbyeWorld","Rebound"],"picked":"Auto Shields","floor":4.0},{"not_picked":["Panic Button","Rebound"],"picked":"Cold Snap","floor":5.0},{"not_picked":["ReplayRNGCard","Gash"],"picked":"Sweeping Beam","floor":7.0},{"not_picked":["Steam Power","ReplayTheSpireMod:Reroute Power","Gash"],"picked":"SKIP","floor":10.0},{"not_picked":["Tempest","Compile Driver"],"picked":"Static Discharge","floor":12.0},{"not_picked":["Redo","Lockon","Hologram"],"picked":"SKIP","floor":13.0},{"not_picked":["Time Bomb","Turbo"],"picked":"Core Surge","floor":14.0},{"not_picked":["Seek","All For One"],"picked":"Biased Cognition","floor":16.0},{"not_picked":["Leap","Streamline"],"picked":"FIFO Queue+1","floor":18.0},{"not_picked":["Redo","White Noise"],"picked":"ReplayTheSpireMod:Fabricate Wheel","floor":19.0},{"not_picked":["Crystallizer","Go for the Eyes"],"picked":"Ball Lightning","floor":21},{"not_picked":["Steam","Streamline+1","ReplayGash"],"picked":"SKIP","floor":21},{"not_picked":["Leap","Conserve Battery"],"picked":"Lockon+1","floor":24},{"not_picked":["Ball Lightning","Mirror Shield"],"picked":"Coolheaded+1","floor":25},{"not_picked":["Panic Button","Leap","Turbo+1"],"picked":"SKIP","floor":25},{"not_picked":["Compile Driver","Hello World"],"picked":"Loop","floor":27},{"not_picked":["Leap","Time Bomb+1"],"picked":"Ball Lightning","floor":27}],"player_experience":1067850,"relics_obtained":[{"floor":7.0,"key":"Pen Nib"},{"floor":9.0,"key":"Incense Burner"},{"floor":13.0,"key":"Juzu Bracelet"},{"floor":24,"key":"Golden Egg"},{"floor":26,"key":"aspiration:FaultyCoupler"}],"event_choices":[{"damage_healed":0.0,"max_hp_gain":0.0,"max_hp_loss":0.0,"gold_gain":0.0,"event_name":"Match and Keep!","player_choice":"2 cards matched","floor":11.0,"gold_loss":0.0,"damage_taken":0.0,"cards_obtained":["Mirror Shield","Go for the Eyes"]},{"damage_healed":0,"gold_gain":0,"player_choice":"Bet on Murderer","damage_taken":0,"max_hp_gain":0,"max_hp_loss":0,"event_name":"The Joust","floor":22,"gold_loss":50}],"is_beta":false,"boss_relics":[{"not_picked":["Calling Bell","aspiration:RitualDagger"],"picked":"Coffee Dripper"}],"items_purged_floors":[20],"is_endless":false,"potions_floor_spawned":[5,7,12,13,16,25,27],"killed_by":"Gremlin Leader","ascension_level":9}}