{"host":"buf40n17ay3eqtwx","time":1614120105,"event":{"mods":["AchievementEnabler","BaseMod","Colored Map","Colored Powertips","Googly Eyes","Highlight Path","Minty Spire (QoL Compilation)","Permanent Neow","Quick Restart","Rare Cards Sparkle","Relic Stats","StSLib","SuperFastMode","everything is the same but u backflip on backflip"],"gold_per_floor":[367,384,384,53,78,97,97,129,183,226,25,25,6,21,21,123,123,139,139,173,173,17,17,43,43,43,68,81,111,210,240,240,343,343,355,355,367,416,430,430,430,430,430,469,495,47,83,103,103,103],"floor_reached":51,"language":"ENG","playtime":4855,"items_purged":["Strike_P","Strike_P"],"score":1356,"play_id":"e682fc25-de63-4530-866f-cb2a50ee2e29","local_time":"20210223234145","is_ascension_mode":true,"campfire_choices":[{"data":"Eruption","floor":7.0,"key":"SMITH"},{"data":"BattleHymn","floor":15.0,"key":"SMITH"},{"data":"MasterReality","floor":23.0,"key":"SMITH"},{"data":"Wireheading","floor":32.0,"key":"SMITH"},{"floor":40,"key":"DIG"},{"floor":42,"key":"DIG"},{"floor":49,"key":"DIG"}],"circlet_count":0,"master_deck":["Strike_P+1","Defend_P","Defend_P+1","Defend_P","Defend_P","Eruption+1","Vigilance","BattleHymn+1","Consecrate","SashWhip","LessonLearned+1","Wireheading+1","WaveOfTheHand+1","FollowUp+1","MasterReality+1","CurseOfTheBell","FearNoEvil+1","Ghostly+1","Ghostly+1","Ghostly+1","Ghostly+1","Ghostly","Protect","J.A.X.","Ghostly+1","Bandage Up","Shame","SandsOfTime","DevaForm","CutThroughFate+1","Madness","Madness","Nirvana+1","Halt+1","Magnetism","Scrawl","Weave+1","Ragnarok"],"relics":["PureWater","Bag of Preparation","Sling","Juzu Bracelet","Sundial","MawBank","Letter Opener","Membership Card","Calling Bell","Boot","Pear","Dead Branch","Red Mask","DollysMirror","Mummified Hand","Orichalcum","Art of War","Bronze Scales","Ornamental Fan","Tiny Chest","Fusion Hammer","Shovel","CeramicFish","Regal Pillow","Turnip","Oddly Smooth Stone","Pen Nib","Du-Vu Doll","Lee\u0027s Waffle","Singing Bowl","Eternal Feather"],"acts_visited":["Exordium","TheCity","TheBeyond"],"potions_floor_usage":[35,50,50],"damage_taken":[{"damage":1.0,"enemies":"2 Louse","floor":1.0,"turns":3.0},{"damage":0.0,"enemies":"Cultist","floor":2.0,"turns":2.0},{"damage":4.0,"enemies":"Jaw Worm","floor":6.0,"turns":2.0},{"damage":2.0,"enemies":"3 Sentries","floor":8.0,"turns":4.0},{"damage":0.0,"enemies":"Gremlin Nob","floor":10.0,"turns":2.0},{"damage":0.0,"enemies":"Looter","floor":14.0,"turns":1.0},{"damage":36.0,"enemies":"Hexaghost","floor":16.0,"turns":7.0},{"damage":14.0,"enemies":"3 Byrds","floor":18.0,"turns":5.0},{"damage":4.0,"enemies":"Masked Bandits","floor":20.0,"turns":5.0},{"damage":2.0,"enemies":"Slavers","floor":24.0,"turns":4.0},{"damage":1.0,"enemies":"Book of Stabbing","floor":27.0,"turns":3.0},{"damage":1.0,"enemies":"Shell Parasite","floor":28.0,"turns":3.0},{"damage":1.0,"enemies":"Gremlin Leader","floor":29.0,"turns":3.0},{"damage":4.0,"enemies":"Slavers","floor":31.0,"turns":4.0},{"damage":1,"enemies":"Collector","floor":33,"turns":5},{"damage":1,"enemies":"3 Darklings","floor":35,"turns":3},{"damage":1,"enemies":"Orb Walker","floor":37,"turns":3},{"damage":1,"enemies":"2 Orb Walkers","floor":38,"turns":4},{"damage":2,"enemies":"4 Shapes","floor":39,"turns":4},{"damage":1,"enemies":"Giant Head","floor":44,"turns":5},{"damage":0,"enemies":"Reptomancer","floor":47,"turns":4},{"damage":0,"enemies":"Sphere and 2 Shapes","floor":48,"turns":2},{"damage":2,"enemies":"Donu and Deca","floor":50,"turns":4}],"seed_played":"3092872226353640858","potions_obtained":[{"floor":1.0,"key":"DuplicationPotion"},{"floor":2.0,"key":"StancePotion"},{"floor":14.0,"key":"Swift Potion"},{"floor":16.0,"key":"BlessingOfTheForge"},{"floor":18.0,"key":"EssenceOfSteel"},{"floor":24.0,"key":"GamblersBrew"},{"floor":29.0,"key":"Fire Potion"},{"floor":31.0,"key":"Dexterity Potion"},{"floor":33,"key":"FairyPotion"},{"floor":35,"key":"Regen Potion"}],"is_trial":false,"path_per_floor":["M","M","?","$","T","M","R","E","T","E","$","?","$","M","R","B",null,"M","?","?","?","$","R","E","?","T","E","M","E","?","E","R","B",null,"M","?","M","?","M","R","?","R","T","E","T","$","E","M","R","B",null],"character_chosen":"WATCHER","items_purchased":["Consecrate","Bag of Preparation","Sling","Membership Card","Wireheading","Weak Potion","WaveOfTheHand","DollysMirror","Bandage Up","Du-Vu Doll","Lee\u0027s Waffle","FearPotion","Magnetism","Scrawl"],"campfire_rested":0,"item_purchase_floors":[4,4,4,11,11,11,13,22,22,46,46,46,46,46],"current_hp_per_floor":[50,50,50,50,50,46,46,44,44,44,44,68,68,68,68,32,72,58,41,37,37,37,37,39,39,39,41,41,40,40,40,40,39,41,40,35,38,41,41,41,41,41,41,41,41,48,48,48,48,46],"gold":103,"neow_bonus":"TWO_FIFTY_GOLD","is_daily":false,"chose_seed":false,"campfire_upgraded":4,"win_rate":0.0,"timestamp":1614120105,"path_taken":["M","M","?","$","?","M","R","E","T","E","$","?","?","M","R","BOSS","M","?","?","?","$","R","E","?","T","E","M","E","?","E","R","BOSS","M","?","M","?","M","R","?","R","T","E","?","$","E","M","R","BOSS"],"items_purchased_type":["Card","Relic","Relic","Relic","Card","Potion","Card","Relic","Card","Relic","Relic","Potion","Card","Card"],"build_version":"2020-12-22","purchased_purges":2,"victory":true,"max_hp_per_floor":[72,72,72,72,72,72,72,72,72,72,72,72,72,72,72,72,82,82,41,41,41,41,41,41,41,41,41,41,41,41,41,41,41,41,41,41,41,41,41,41,41,41,41,41,41,48,48,48,48,48],"relic_stats":{"Regal Pillow":0,"Lee\u0027s Waffle":7,"Singing Bowl":0,"counters":[23,82],"Dead Branch":[133],"CeramicFish":45,"Eternal Feather":0,"Pen Nib":[2],"Bag of Preparation":[42],"Juzu Bracelet":1,"Letter Opener":[260],"Orichalcum":[54],"MawBank":24,"Boot":[21],"Shovel":3,"Sundial":[4],"Mummified Hand":[64],"Ornamental Fan":[80],"Bronze Scales":[134],"Tiny Chest":1,"Turnip":[2],"Art of War":[3],"obtain_stats":[{"Regal Pillow":42,"Singing Bowl":47,"CeramicFish":40,"Bag of Preparation":4,"Juzu Bracelet":5,"Sling":4,"Boot":17,"Shovel":38,"Sundial":8,"DollysMirror":22,"Mummified Hand":24,"Tiny Chest":31,"Fusion Hammer":34,"Red Mask":20,"Lee\u0027s Waffle":46,"Pear":17,"Dead Branch":17,"Oddly Smooth Stone":44,"Eternal Feather":49,"Pen Nib":45,"Letter Opener":10,"Orichalcum":25,"MawBank":9,"Calling Bell":17,"Du-Vu Doll":46,"Ornamental Fan":29,"Bronze Scales":27,"Turnip":43,"Art of War":26,"Membership Card":11,"PureWater":0},{"Regal Pillow":19,"Singing Bowl":21,"CeramicFish":19,"Bag of Preparation":2,"Juzu Bracelet":2,"Sling":2,"Boot":7,"Shovel":18,"Sundial":4,"DollysMirror":9,"Mummified Hand":10,"Tiny Chest":14,"Fusion Hammer":15,"Red Mask":9,"Lee\u0027s Waffle":20,"Pear":7,"Dead Branch":7,"Oddly Smooth Stone":20,"Eternal Feather":22,"Pen Nib":20,"Letter Opener":5,"Orichalcum":10,"MawBank":4,"Calling Bell":7,"Du-Vu Doll":20,"Ornamental Fan":13,"Bronze Scales":11,"Turnip":19,"Art of War":10,"Membership Card":5,"PureWater":0},{"Regal Pillow":67,"Singing Bowl":76,"CeramicFish":67,"Bag of Preparation":5,"Juzu Bracelet":5,"Sling":5,"Boot":21,"Shovel":63,"Sundial":11,"DollysMirror":31,"Mummified Hand":35,"Tiny Chest":48,"Fusion Hammer":53,"Red Mask":31,"Lee\u0027s Waffle":72,"Pear":21,"Dead Branch":21,"Oddly Smooth Stone":72,"Eternal Feather":78,"Pen Nib":72,"Letter Opener":13,"Orichalcum":35,"MawBank":11,"Calling Bell":21,"Du-Vu Doll":72,"Ornamental Fan":44,"Bronze Scales":38,"Turnip":67,"Art of War":35,"Membership Card":13,"PureWater":0}]},"card_choices":[{"not_picked":["MentalFortress","SashWhip"],"picked":"BattleHymn","floor":1.0},{"not_picked":["Evaluate","EmptyBody"],"picked":"ReachHeaven","floor":2.0},{"not_picked":["WreathOfFlame","PathToVictory"],"picked":"SashWhip","floor":6.0},{"not_picked":["BowlingBash","SignatureMove","TalkToTheHand"],"picked":"SKIP","floor":8.0},{"not_picked":["Prostrate","Worship"],"picked":"LessonLearned","floor":10.0},{"not_picked":["LikeWater","ClearTheMind"],"picked":"FollowUp","floor":14.0},{"not_picked":["Omniscience","SpiritShield"],"picked":"MasterReality","floor":16.0},{"not_picked":["FlyingSleeves","Wallop"],"picked":"FearNoEvil","floor":18.0},{"not_picked":["BowlingBash+1","Pray+1"],"picked":"Protect","floor":20.0},{"not_picked":["Wallop","Study","Consecrate"],"picked":"SKIP","floor":24.0},{"not_picked":["ClearTheMind","SashWhip+1","Sanctity+1"],"picked":"SKIP","floor":27.0},{"not_picked":["Nirvana","SashWhip"],"picked":"SandsOfTime","floor":28.0},{"not_picked":["Vault","CrushJoints","Indignation+1"],"picked":"SKIP","floor":29.0},{"not_picked":["BowlingBash","CrushJoints","ClearTheMind+1"],"picked":"SKIP","floor":31.0},{"not_picked":["Vault","SpiritShield"],"picked":"DevaForm","floor":33},{"not_picked":["FlyingSleeves+1","Study"],"picked":"CutThroughFate+1","floor":35},{"not_picked":["Study","ClearTheMind+1","EmptyFist+1"],"picked":"SKIP","floor":37},{"not_picked":["CrushJoints+1","Worship+1"],"picked":"Nirvana+1","floor":39},{"not_picked":["EmptyMind+1","Protect"],"picked":"Halt+1","floor":44},{"not_picked":["ReachHeaven+1","ClearTheMind+1"],"picked":"Weave+1","floor":47},{"not_picked":["Prostrate","ClearTheMind+1"],"picked":"Ragnarok","floor":48}],"player_experience":276372,"relics_obtained":[{"floor":5.0,"key":"Juzu Bracelet"},{"floor":8.0,"key":"Sundial"},{"floor":9.0,"key":"MawBank"},{"floor":10.0,"key":"Letter Opener"},{"floor":17.0,"key":"Boot"},{"floor":17.0,"key":"Pear"},{"floor":17.0,"key":"Dead Branch"},{"floor":20.0,"key":"Red Mask"},{"floor":24.0,"key":"Mummified Hand"},{"floor":26.0,"key":"Art of War"},{"floor":27.0,"key":"Bronze Scales"},{"floor":29.0,"key":"Ornamental Fan"},{"floor":31.0,"key":"Tiny Chest"},{"floor":38,"key":"Shovel"},{"floor":40,"key":"CeramicFish"},{"floor":42,"key":"Regal Pillow"},{"floor":43,"key":"Turnip"},{"floor":44,"key":"Oddly Smooth Stone"},{"floor":45,"key":"Pen Nib"},{"floor":47,"key":"Singing Bowl"},{"floor":49,"key":"Eternal Feather"}],"event_choices":[{"cards_removed":["Strike_P"],"damage_healed":0.0,"max_hp_gain":0.0,"max_hp_loss":0.0,"gold_gain":0.0,"event_name":"Purifier","player_choice":"Purged","floor":3.0,"gold_loss":0.0,"damage_taken":0.0},{"damage_healed":24.0,"max_hp_gain":0.0,"max_hp_loss":0.0,"gold_gain":0.0,"event_name":"Big Fish","player_choice":"Banana","floor":12.0,"gold_loss":0.0,"damage_taken":0.0},{"damage_healed":0.0,"max_hp_gain":0.0,"max_hp_loss":41.0,"gold_gain":0.0,"event_name":"Ghosts","player_choice":"Became a Ghost","floor":19.0,"gold_loss":0.0,"damage_taken":0.0,"cards_obtained":["Ghostly","Ghostly","Ghostly","Ghostly","Ghostly"]},{"damage_healed":0.0,"max_hp_gain":0.0,"max_hp_loss":0.0,"gold_gain":0.0,"event_name":"Masked Bandits","player_choice":"Fought Bandits","floor":20.0,"gold_loss":0.0,"damage_taken":0.0},{"damage_healed":0.0,"max_hp_gain":0.0,"max_hp_loss":0.0,"gold_gain":0.0,"event_name":"Drug Dealer","player_choice":"Obtain J.A.X.","floor":21.0,"gold_loss":0.0,"damage_taken":0.0,"cards_obtained":["J.A.X."]},{"damage_healed":0.0,"max_hp_gain":0.0,"max_hp_loss":0.0,"gold_gain":0.0,"event_name":"Addict","player_choice":"Stole Relic","floor":25.0,"gold_loss":0.0,"damage_taken":0.0,"relics_obtained":["Orichalcum"],"cards_obtained":["Shame"]},{"damage_healed":0.0,"max_hp_gain":0.0,"max_hp_loss":0.0,"gold_gain":99.0,"event_name":"Nest","player_choice":"Stole From Cult","floor":30.0,"gold_loss":0.0,"damage_taken":0.0},{"damage_healed":0,"gold_gain":0,"player_choice":"Embrace Madness","damage_taken":5,"max_hp_gain":0,"max_hp_loss":0,"event_name":"Winding Halls","floor":36,"gold_loss":0,"cards_obtained":["Madness","Madness"]},{"damage_healed":0,"gold_gain":0,"player_choice":"Fight","damage_taken":0,"max_hp_gain":0,"max_hp_loss":0,"event_name":"Mysterious Sphere","floor":38,"gold_loss":0},{"cards_removed":["ReachHeaven"],"damage_healed":0,"gold_gain":0,"player_choice":"Removed Attack","damage_taken":0,"max_hp_gain":0,"max_hp_loss":0,"event_name":"Falling","floor":41,"gold_loss":0}],"is_beta":false,"boss_relics":[{"not_picked":["Empty Cage","SacredBark"],"picked":"Calling Bell"},{"not_picked":["Runic Dome","Sozu"],"picked":"Fusion Hammer"}],"items_purged_floors":[22,46],"is_endless":false,"potions_floor_spawned":[1,2,14,16,18,24,29,31,33,35,38],"ascension_level":5}}