{"host":"jt67skv49snb75sm","time":1614105482,"event":{"mods":["BaseMod","Bestiary","Minty Spire (QoL Compilation)","Relic Stats"],"gold_per_floor":[118,118,118,134,152,152,192,192,192,192,292,307,332,366,366,366,366],"floor_reached":16,"language":"ENG","playtime":499,"items_purged":[],"score":220,"play_id":"6f536aa1-ec25-41b2-bbd4-54fc1aac6e93","local_time":"20210223193802","is_ascension_mode":true,"campfire_choices":[{"data":"Carnage","floor":6.0,"key":"SMITH"},{"floor":8.0,"key":"REST"},{"data":"Demon Form","floor":10.0,"key":"SMITH"},{"data":"Sword Boomerang","floor":15.0,"key":"SMITH"}],"circlet_count":0,"master_deck":["AscendersBane","Strike_R+1","Strike_R","Strike_R+1","Strike_R","Strike_R","Defend_R","Defend_R","Defend_R","Defend_R","Bash","Carnage+1","Twin Strike","Shrug It Off","Demon Form+1","Whirlwind","Sword Boomerang+1"],"relics":["Burning Blood","Golden Idol","Du-Vu Doll","Bottled Tornado","Shuriken"],"acts_visited":["Exordium"],"potions_floor_usage":[],"damage_taken":[{"damage":0.0,"enemies":"Small Slimes","floor":1.0,"turns":4.0},{"damage":3.0,"enemies":"2 Louse","floor":4.0,"turns":2.0},{"damage":0.0,"enemies":"Cultist","floor":5.0,"turns":2.0},{"damage":22.0,"enemies":"3 Sentries","floor":7.0,"turns":7.0},{"damage":17.0,"enemies":"Gremlin Gang","floor":12.0,"turns":4.0},{"damage":7.0,"enemies":"Large Slime","floor":13.0,"turns":5.0},{"damage":3.0,"enemies":"Gremlin Nob","floor":14.0,"turns":3.0},{"damage":39,"enemies":"The Guardian","floor":16,"turns":5}],"seed_played":"-2241909838647860447","potions_obtained":[{"floor":4.0,"key":"Ancient Potion"},{"floor":13.0,"key":"Fire Potion"}],"is_trial":false,"path_per_floor":["M","?","?","M","M","R","E","R","T","R","?","M","M","E","R","B"],"character_chosen":"IRONCLAD","items_purchased":[],"campfire_rested":1,"item_purchase_floors":[],"current_hp_per_floor":[81,53,28,31,37,37,21,45,45,45,45,34,33,36,36,0,0],"gold":366,"neow_bonus":"TEN_PERCENT_HP_BONUS","is_daily":false,"chose_seed":false,"campfire_upgraded":3,"win_rate":0.0,"timestamp":1614105482,"path_taken":["M","?","?","M","M","R","E","R","T","R","?","M","?","E","R","BOSS"],"items_purchased_type":[],"build_version":"2020-12-22","purchased_purges":0,"victory":false,"max_hp_per_floor":[82,82,82,82,82,82,82,82,82,82,82,82,82,82,82,82,82],"relic_stats":{"counters":[8,32],"Golden Idol":30,"Shuriken":[0],"obtain_stats":[{"Du-Vu Doll":7,"Golden Idol":2,"Shuriken":14,"Bottled Tornado":9,"Burning Blood":0},{"Du-Vu Doll":4,"Golden Idol":1,"Shuriken":7,"Bottled Tornado":4,"Burning Blood":0},{"Du-Vu Doll":15,"Golden Idol":4,"Shuriken":27,"Bottled Tornado":15,"Burning Blood":0}],"Burning Blood":42},"card_choices":[{"not_picked":["Cleave","Flex"],"picked":"Carnage","floor":1.0},{"not_picked":["Rupture","Bloodletting"],"picked":"Twin Strike","floor":4.0},{"not_picked":["Wild Strike","Perfected Strike"],"picked":"Shrug It Off","floor":5.0},{"not_picked":["Entrench","Heavy Blade"],"picked":"Demon Form","floor":7.0},{"not_picked":["Inflame","Twin Strike","Evolve"],"picked":"SKIP","floor":12.0},{"not_picked":["Disarm","Shrug It Off"],"picked":"Whirlwind","floor":13.0},{"not_picked":["Feed","Flame Barrier"],"picked":"Sword Boomerang","floor":14.0}],"player_experience":881770,"relics_obtained":[{"floor":7.0,"key":"Du-Vu Doll"},{"floor":9.0,"key":"Bottled Tornado"},{"floor":14.0,"key":"Shuriken"}],"event_choices":[{"damage_healed":0.0,"max_hp_gain":0.0,"max_hp_loss":0.0,"gold_gain":0.0,"event_name":"Golden Idol","player_choice":"Take Damage","floor":2.0,"gold_loss":0.0,"damage_taken":28.0,"relics_obtained":["Golden Idol"]},{"damage_healed":0.0,"max_hp_gain":0.0,"max_hp_loss":0.0,"gold_gain":0.0,"event_name":"Shining Light","player_choice":"Entered Light","floor":3.0,"gold_loss":0.0,"damage_taken":25.0,"cards_upgraded":["Strike_R","Strike_R"]},{"damage_healed":0.0,"max_hp_gain":0.0,"max_hp_loss":0.0,"gold_gain":100.0,"event_name":"Wheel of Change","player_choice":"Gold","floor":11.0,"gold_loss":0.0,"damage_taken":0.0}],"is_beta":false,"boss_relics":[],"items_purged_floors":[],"is_endless":false,"potions_floor_spawned":[4,13],"killed_by":"The Guardian","ascension_level":20}}