{"host":"8vqkh0x3c7vpgzzm","time":1614077398,"event":{"mods":["AchievementEnabler","BaseMod","Colored Map","Colored Powertips","Curses Come First","DeckTracker","Highlight Path","Minty Spire (QoL Compilation)","Permanent Neow","Quick Restart","Random Character Mod","Rare Cards Sparkle","Relic Sorter","Relic Stats","StSLib","SuperFastMode","Unceasing Turn Reminder","egg","everything is the same but u backflip on backflip"],"gold_per_floor":[213,230,230,9,22,22,37,10,85,85,7,7,34,59,59,59,59],"floor_reached":16,"language":"ENG","playtime":689,"items_purged":[],"score":137,"play_id":"1956e641-1d42-4848-93a6-62d27d8e9f5f","local_time":"20210223114958","is_ascension_mode":true,"campfire_choices":[{"data":"Zap","floor":6,"key":"SMITH"},{"data":"Hologram","floor":10,"key":"SMITH"},{"data":"Dualcast","floor":12,"key":"SMITH"},{"data":"Seek","floor":15,"key":"SMITH"}],"circlet_count":0,"master_deck":["Strike_B","Strike_B","Strike_B","Strike_B","Defend_B","Defend_B","Defend_B","Defend_B","Zap+1","Dualcast+1","Sweeping Beam","Skim","Glacier","Hologram+1","Self Repair","Conserve Battery","Self Repair","Seek+1","Sweeping Beam+1"],"relics":["Cracked Core","Toy Ornithopter","Bag of Preparation","Bottled Flame","Odd Mushroom","Molten Egg 2"],"acts_visited":["Exordium"],"potions_floor_usage":[16],"damage_taken":[{"damage":5,"enemies":"Small Slimes","floor":1,"turns":3},{"damage":1,"enemies":"Cultist","floor":2,"turns":3},{"damage":5,"enemies":"2 Louse","floor":5,"turns":3},{"damage":0,"enemies":"Blue Slaver","floor":7,"turns":5},{"damage":2,"enemies":"The Mushroom Lair","floor":13,"turns":5},{"damage":13,"enemies":"3 Sentries","floor":14,"turns":11},{"damage":81,"enemies":"Hexaghost","floor":16,"turns":16}],"seed_played":"-5772217462150348303","potions_obtained":[{"floor":2,"key":"FearPotion"},{"floor":5,"key":"SteroidPotion"}],"is_trial":false,"path_per_floor":["M","M","?","$","M","R","M","$","T","R","$","R","?","E","R","B"],"character_chosen":"DEFECT","items_purchased":["Bag of Preparation","Glacier","Conserve Battery","Self Repair"],"campfire_rested":0,"item_purchase_floors":[4,4,8,11],"current_hp_per_floor":[63,62,62,62,57,57,57,57,57,57,57,57,69,70,70,0,0],"gold":59,"neow_bonus":"HUNDRED_GOLD","is_daily":false,"chose_seed":false,"campfire_upgraded":4,"win_rate":0.0,"timestamp":1614077398,"path_taken":["M","M","?","$","M","R","?","$","T","R","?","R","?","E","R","BOSS"],"items_purchased_type":["Relic","Card","Card","Card"],"build_version":"2020-12-22","purchased_purges":0,"victory":false,"max_hp_per_floor":[75,75,75,75,75,75,75,75,75,75,75,75,75,75,75,75,75],"relic_stats":{"counters":[7,46],"Bag of Preparation":[10],"obtain_stats":[{"Bottled Flame":9,"Molten Egg 2":14,"Bag of Preparation":4,"Odd Mushroom":13,"Cracked Core":0,"Toy Ornithopter":3},{"Bottled Flame":4,"Molten Egg 2":6,"Bag of Preparation":2,"Odd Mushroom":5,"Cracked Core":0,"Toy Ornithopter":2},{"Bottled Flame":14,"Molten Egg 2":30,"Bag of Preparation":6,"Odd Mushroom":19,"Cracked Core":0,"Toy Ornithopter":6}],"Toy Ornithopter":5},"card_choices":[{"not_picked":["Leap","Conserve Battery"],"picked":"Sweeping Beam","floor":1},{"not_picked":["Leap","Reprogram"],"picked":"Skim","floor":2},{"not_picked":["Compile Driver","Cold Snap"],"picked":"Hologram","floor":5},{"not_picked":["Rebound","Barrage"],"picked":"Self Repair","floor":7},{"not_picked":["Steam Power","Hologram"],"picked":"Seek","floor":13},{"not_picked":["Redo","Hologram"],"picked":"Sweeping Beam+1","floor":14}],"player_experience":616062,"relics_obtained":[{"floor":9,"key":"Bottled Flame"},{"floor":13,"key":"Odd Mushroom"},{"floor":14,"key":"Molten Egg 2"}],"event_choices":[{"damage_healed":0,"gold_gain":0,"player_choice":"Gave Potion","damage_taken":0,"relics_obtained":["Toy Ornithopter"],"max_hp_gain":0,"max_hp_loss":0,"event_name":"WeMeetAgain","floor":3,"gold_loss":0},{"damage_healed":0,"gold_gain":0,"player_choice":"Fought Mushrooms","damage_taken":0,"max_hp_gain":0,"max_hp_loss":0,"event_name":"Mushrooms","floor":13,"gold_loss":0}],"is_beta":false,"boss_relics":[],"items_purged_floors":[],"is_endless":false,"potions_floor_spawned":[2,5],"killed_by":"Hexaghost","ascension_level":8}}