{"host":"bnbc66jny2i0hx0x","time":1614065596,"event":{"mods":["AchievementEnabler","BaseMod","Minty Spire (QoL Compilation)","Relic Sorter","StSLib"],"gold_per_floor":[211,225,240,22,22,22,57,75,126,126,166,189,222,222,222,317,317,331,36,52,0,50,50,50,50,50,50,50,50],"floor_reached":28,"language":"ENG","playtime":869,"items_purged":[],"score":453,"play_id":"255a3c45-bbcf-4a55-937b-06cbc5bd48f9","local_time":"20210222233316","is_ascension_mode":true,"campfire_choices":[{"data":"Sunder","floor":6.0,"key":"SMITH"},{"data":"Zap","floor":10.0,"key":"SMITH"},{"floor":15.0,"key":"REST"},{"floor":24,"key":"REST"}],"circlet_count":0,"master_deck":["AscendersBane","Zap+1","FTL","Rebound","Sunder+1","Capacitor","Creative AI","Core Surge","Ball Lightning","White Noise","Consume","Loop","Aggregate","Loop","Leap","Echo Form","Hologram+1","Biased Cognition","Hologram"],"relics":["Cracked Core","Anchor","Bloody Idol","StrikeDummy","Regal Pillow","Boot","Juzu Bracelet","StoneCalendar","Pandora\u0027s Box","Art of War","Blood Vial"],"acts_visited":["Exordium","TheCity"],"potions_floor_usage":[23],"damage_taken":[{"damage":5.0,"enemies":"Cultist","floor":1.0,"turns":4.0},{"damage":7.0,"enemies":"Jaw Worm","floor":2.0,"turns":3.0},{"damage":5.0,"enemies":"2 Louse","floor":3.0,"turns":2.0},{"damage":0.0,"enemies":"Gremlin Nob","floor":7.0,"turns":2.0},{"damage":0.0,"enemies":"Red Slaver","floor":8.0,"turns":2.0},{"damage":1.0,"enemies":"3 Sentries","floor":11.0,"turns":4.0},{"damage":20.0,"enemies":"Lagavulin","floor":13.0,"turns":7.0},{"damage":33.0,"enemies":"Slime Boss","floor":16.0,"turns":7.0},{"damage":5.0,"enemies":"Chosen","floor":18.0,"turns":4.0},{"damage":11.0,"enemies":"Spheric Guardian","floor":20.0,"turns":3.0},{"damage":0,"enemies":"Shelled Parasite and Fungi","floor":23,"turns":1},{"damage":65,"enemies":"Gremlin Leader","floor":28,"turns":4}],"seed_played":"-8630687870141956270","potions_obtained":[{"floor":1.0,"key":"DistilledChaos"},{"floor":2.0,"key":"EssenceOfSteel"},{"floor":16.0,"key":"SmokeBomb"}],"is_trial":false,"path_per_floor":["M","M","M","$","?","R","E","M","T","R","E","T","E","?","R","B",null,"M","$","M","$","?","M","R","?","T","?","E"],"character_chosen":"DEFECT","items_purchased":["Sunder","Anchor","Echo Form","Art of War","Fire Potion"],"campfire_rested":2,"item_purchase_floors":[4,4,19,19,21],"current_hp_per_floor":[59,52,47,47,47,47,47,47,47,47,46,46,26,26,60,27,55,50,50,39,39,39,39,64,64,64,64,0,0],"gold":50,"neow_bonus":"HUNDRED_GOLD","is_daily":false,"chose_seed":false,"campfire_upgraded":2,"win_rate":0.0,"timestamp":1614065596,"path_taken":["M","M","M","$","?","R","E","M","T","R","E","?","E","?","R","BOSS","M","$","M","?","?","M","R","?","T","?","E"],"items_purchased_type":["Card","Relic","Card","Relic","Potion"],"build_version":"2020-12-22","purchased_purges":0,"victory":false,"max_hp_per_floor":[71,71,71,71,64,64,64,64,64,64,64,64,64,64,64,64,64,64,64,64,64,64,64,64,64,64,64,64,64],"card_choices":[{"not_picked":["Static Discharge","Go for the Eyes"],"picked":"FTL","floor":1.0},{"not_picked":["Go for the Eyes","Skim"],"picked":"Sweeping Beam","floor":2.0},{"not_picked":["Heatsinks","Scrape"],"picked":"Rebound","floor":3.0},{"not_picked":["Compile Driver","Doom and Gloom","Meteor Strike"],"picked":"SKIP","floor":7.0},{"not_picked":["Compile Driver","Streamline","Sweeping Beam"],"picked":"SKIP","floor":8.0},{"not_picked":["Reprogram","Compile Driver"],"picked":"Capacitor","floor":11.0},{"not_picked":["Genetic Algorithm","Leap"],"picked":"Creative AI","floor":13.0},{"not_picked":["Fission","Meteor Strike"],"picked":"Core Surge","floor":16.0},{"not_picked":["Redo","Ball Lightning+1","Force Field"],"picked":"SKIP","floor":18.0},{"not_picked":["Go for the Eyes","Steam"],"picked":"Hologram+1","floor":20.0}],"player_experience":1279255,"relics_obtained":[{"floor":7.0,"key":"StrikeDummy"},{"floor":9.0,"key":"Regal Pillow"},{"floor":11.0,"key":"Boot"},{"floor":12.0,"key":"Juzu Bracelet"},{"floor":13.0,"key":"StoneCalendar"},{"floor":26,"key":"Blood Vial"}],"event_choices":[{"damage_healed":0.0,"max_hp_gain":0.0,"max_hp_loss":7.0,"gold_gain":0.0,"event_name":"Golden Idol","player_choice":"Lose Max HP","floor":5.0,"gold_loss":0.0,"damage_taken":0.0,"relics_obtained":["Golden Idol"]},{"cards_removed":["Strike_B"],"damage_healed":0.0,"max_hp_gain":0.0,"max_hp_loss":0.0,"gold_gain":0.0,"event_name":"Purifier","player_choice":"Purged","floor":14.0,"gold_loss":0.0,"damage_taken":0.0},{"damage_healed":0.0,"max_hp_gain":0.0,"max_hp_loss":0.0,"gold_gain":50.0,"event_name":"Nest","player_choice":"Stole From Cult","floor":22.0,"gold_loss":0.0,"damage_taken":0.0},{"damage_healed":0,"gold_gain":0,"cards_transformed":["Dualcast","Sweeping Beam"],"player_choice":"Became Test Subject","damage_taken":0,"max_hp_gain":0,"max_hp_loss":0,"event_name":"Drug Dealer","floor":25,"gold_loss":0,"cards_obtained":["Biased Cognition","Hologram"]},{"damage_healed":0,"gold_gain":0,"player_choice":"Gave Idol","damage_taken":0,"relics_obtained":["Bloody Idol"],"max_hp_gain":0,"max_hp_loss":0,"event_name":"Forgotten Altar","floor":27,"relics_lost":["Golden Idol"],"gold_loss":0}],"is_beta":false,"boss_relics":[{"not_picked":["Black Star","Runic Pyramid"],"picked":"Pandora\u0027s Box"}],"items_purged_floors":[],"is_endless":false,"potions_floor_spawned":[1,2,3,16],"killed_by":"Gremlin Leader","ascension_level":15}}