{"host":"sum4dy402bbv9y4o","time":1614117572,"event":{"mods":["Aspiration","BaseMod","Conspire","Highlight Path","Minty Spire (QoL Compilation)","StSLib"],"gold_per_floor":[15,15,25,43,57,57,92,92,92,103,153,165,86,58,58,135,135,154,171,171,86,105,105,136,6,74,89,89,89,89,105,105,105,105],"floor_reached":33,"language":"ENG","playtime":1225,"items_purged":[],"score":559,"play_id":"9a4525a8-7647-4990-8136-b2f0bb91b7ab","local_time":"20210224005932","is_ascension_mode":true,"campfire_choices":[{"data":"Eruption","floor":6,"key":"SMITH"},{"floor":8,"key":"REST"},{"data":"CrushJoints","floor":15,"key":"SMITH"},{"floor":23,"key":"REST"},{"floor":28,"key":"REST"},{"data":"SashWhip","floor":32,"key":"SMITH"}],"circlet_count":0,"master_deck":["AscendersBane","Defend_P","Defend_P","Defend_P","Defend_P","Eruption+1","Vigilance","Chrysalis+1","BowlingBash","SashWhip+1","CrushJoints+1","Weave","EmptyBody","Wallop","Halt","EmptyFist","LessonLearned","CurseOfTheBell","Wallop","FollowUp","BowlingBash+1","Bite","Bite","Bite","Bite","Bite+1","TalkToTheHand+1","Consecrate+1","ThirdEye","FollowUp+1","FlurryOfBlows"],"relics":["PureWater","Darkstone Periapt","conspire:Boomerang","Bag of Preparation","aspiration:HiddenCompartment","Calling Bell","Nunchaku","Pantograph","Prayer Wheel","Regal Pillow","The Courier","Strawberry","Letter Opener","MealTicket"],"acts_visited":["Exordium","TheCity"],"potions_floor_usage":[16,18,22,31,33],"damage_taken":[{"damage":12,"enemies":"Small Slimes","floor":1,"turns":7},{"damage":2,"enemies":"Jaw Worm","floor":3,"turns":5},{"damage":8,"enemies":"Cultist","floor":4,"turns":4},{"damage":3,"enemies":"Blue Slaver","floor":5,"turns":5},{"damage":31,"enemies":"Lagavulin","floor":7,"turns":8},{"damage":0,"enemies":"Large Slime","floor":10,"turns":2},{"damage":2,"enemies":"3 Louse","floor":12,"turns":3},{"damage":17,"enemies":"Hexaghost","floor":16,"turns":9},{"damage":0,"enemies":"Spheric Guardian","floor":18,"turns":3},{"damage":8,"enemies":"2 Thieves","floor":19,"turns":3},{"damage":38,"enemies":"Shelled Parasite and Fungi","floor":22,"turns":4},{"damage":52,"enemies":"Gremlin Leader","floor":24,"turns":8},{"damage":0,"enemies":"Centurion and Healer","floor":27,"turns":6},{"damage":15,"enemies":"Snecko","floor":31,"turns":8},{"damage":91,"enemies":"Collector","floor":33,"turns":6}],"seed_played":"8306405006393391970","potions_obtained":[{"floor":7,"key":"DuplicationPotion"},{"floor":10,"key":"GamblersBrew"},{"floor":19,"key":"Fire Potion"},{"floor":27,"key":"DistilledChaos"},{"floor":31,"key":"Block Potion"}],"is_trial":false,"path_per_floor":["M","?","M","M","M","R","E","R","T","M","T","M","?","$","R","B",null,"M","M","?","?","M","R","E","$","T","M","R","T","?","M","R","B"],"character_chosen":"WATCHER","items_purchased":["EmptyFist","Strawberry"],"campfire_rested":3,"item_purchase_floors":[14,25],"current_hp_per_floor":[49,45,43,35,32,32,1,21,21,21,21,19,19,19,19,2,58,58,50,50,50,15,45,5,12,12,21,53,53,53,47,47,0,0],"gold":105,"neow_bonus":"RANDOM_COLORLESS_2","is_daily":false,"chose_seed":false,"campfire_upgraded":3,"win_rate":0.0,"timestamp":1614117572,"path_taken":["M","?","M","M","M","R","E","R","T","M","?","M","?","$","R","BOSS","M","?","?","?","M","R","E","$","T","M","R","?","?","M","R","BOSS"],"items_purchased_type":["Card","Relic"],"build_version":"2020-12-22","purchased_purges":0,"victory":false,"max_hp_per_floor":[68,68,68,68,68,68,68,68,68,68,68,68,68,68,68,68,74,74,74,51,51,51,51,51,58,58,58,58,58,58,58,58,58,58],"card_choices":[{"not_picked":["Secret Technique","Transmutation"],"picked":"Chrysalis","floor":0},{"not_picked":["SashWhip","Pray"],"picked":"BowlingBash","floor":1},{"not_picked":["Prostrate","ClearTheMind"],"picked":"SashWhip","floor":3},{"not_picked":["Halt","JustLucky"],"picked":"CrushJoints","floor":4},{"not_picked":["Crescendo","ReachHeaven"],"picked":"Weave","floor":5},{"not_picked":["Evaluate","Protect"],"picked":"EmptyBody","floor":7},{"not_picked":["Evaluate","SignatureMove"],"picked":"Wallop","floor":10},{"not_picked":["Vengeance","Perseverance"],"picked":"Halt","floor":12},{"not_picked":["ConjureBlade","Wish"],"picked":"LessonLearned","floor":16},{"not_picked":["JustLucky","FlyingSleeves"],"picked":"Wallop","floor":18},{"not_picked":["Crescendo","ThirdEye+1"],"picked":"FollowUp","floor":18},{"not_picked":["Alpha","EmptyFist"],"picked":"BowlingBash+1","floor":19},{"not_picked":["FollowUp","Evaluate+1","ClearTheMind"],"picked":"SKIP","floor":19},{"not_picked":["CrushJoints","BowlingBash"],"picked":"TalkToTheHand","floor":22},{"not_picked":["Wallop+1","Sanctity","Crescendo"],"picked":"SKIP","floor":22},{"not_picked":["SignatureMove","Wireheading"],"picked":"Consecrate+1","floor":24},{"not_picked":["BowlingBash+1","Halt"],"picked":"ThirdEye","floor":27},{"not_picked":["Prostrate","Alpha"],"picked":"FollowUp+1","floor":27},{"not_picked":["Worship","Crescendo"],"picked":"FlurryOfBlows","floor":31},{"not_picked":["Sanctity","Protect+1","ThirdEye"],"picked":"SKIP","floor":31}],"player_experience":3137255,"relics_obtained":[{"floor":7,"key":"Darkstone Periapt"},{"floor":9,"key":"conspire:Boomerang"},{"floor":11,"key":"Bag of Preparation"},{"floor":17,"key":"Nunchaku"},{"floor":17,"key":"Pantograph"},{"floor":17,"key":"Prayer Wheel"},{"floor":24,"key":"The Courier"},{"floor":26,"key":"Letter Opener"},{"floor":29,"key":"MealTicket"}],"event_choices":[{"damage_healed":0,"gold_gain":0,"player_choice":"Leave","damage_taken":0,"max_hp_gain":0,"max_hp_loss":0,"event_name":"conspire:Investor","floor":2,"gold_loss":0},{"damage_healed":0,"gold_gain":0,"player_choice":"Paid Gold","damage_taken":0,"relics_obtained":["aspiration:HiddenCompartment"],"max_hp_gain":0,"max_hp_loss":0,"event_name":"WeMeetAgain","floor":13,"gold_loss":79},{"damage_healed":0,"gold_gain":0,"player_choice":"Became a vampire","damage_taken":0,"max_hp_gain":0,"max_hp_loss":23,"event_name":"Vampires","floor":20,"gold_loss":0,"cards_obtained":["Bite","Bite","Bite","Bite","Bite"]},{"damage_healed":0,"gold_gain":0,"player_choice":"Obtained Relic","damage_taken":0,"relics_obtained":["Regal Pillow"],"max_hp_gain":0,"max_hp_loss":0,"event_name":"Addict","floor":21,"gold_loss":85},{"damage_healed":0,"gold_gain":0,"player_choice":"Forge","damage_taken":0,"max_hp_gain":0,"max_hp_loss":0,"event_name":"Accursed Blacksmith","floor":30,"gold_loss":0,"cards_upgraded":["TalkToTheHand"]}],"is_beta":false,"boss_relics":[{"not_picked":["Philosopher\u0027s Stone","conspire:RoyalGoblet"],"picked":"Calling Bell"}],"items_purged_floors":[],"is_endless":false,"potions_floor_spawned":[7,10,12,19,27,31],"killed_by":"Collector","ascension_level":20}}