{"host":"l3lzhw5qete3bz2v","time":1614047706,"event":{"mods":["BaseMod","Colored Map","Colored Powertips","Minty Spire (QoL Compilation)","StSLib","SuperFastMode"],"gold_per_floor":[116,134,146,162,180,180,208,85,161,161,161,86,86,99,99,202,202,214,225,225,225,148,148,158,158,158,191,191,291,316,334,334,434,434,445,457,474,474,474,474,499,499,499,256,154,166,166,198,198,198],"floor_reached":51,"language":"JPN","playtime":3213,"items_purged":["Decay","Reprogram"],"score":1325,"play_id":"0c7afbc6-c6b9-4e76-9754-c6f257209f47","local_time":"20210223113506","is_ascension_mode":true,"campfire_choices":[{"data":"Streamline","floor":6.0,"key":"SMITH"},{"data":"Static Discharge","floor":10.0,"key":"SMITH"},{"data":"Loop","floor":13.0,"key":"SMITH"},{"data":"Hologram","floor":15.0,"key":"SMITH"},{"data":"Aggregate","floor":23.0,"key":"SMITH"},{"data":"Biased Cognition","floor":25.0,"key":"SMITH"},{"data":"Capacitor","floor":32.0,"key":"SMITH"},{"data":"Loop","floor":40.0,"key":"SMITH"},{"data":"Ghostly","floor":47.0,"key":"SMITH"},{"data":"Steam Power","floor":49.0,"key":"SMITH"}],"circlet_count":0,"master_deck":["Zap","Dualcast","CurseOfTheBell","Streamline+1","Ball Lightning","Core Surge","Capacitor+1","Loop+1","Hologram+1","Static Discharge+1","Cold Snap","Beam Cell+1","Biased Cognition+1","Loop+1","BootSequence","Rip and Tear+1","Steam Power+1","BootSequence","Cold Snap+1","Rebound+1","Barrage+1","Consume+1","Ghostly+1","Ghostly+1","Ghostly","Ghostly","Ghostly","Aggregate+1","Defragment+1","Buffer+1","Electrodynamics+1","Echo Form+1","Capacitor+1","Coolheaded+1","Hologram+1"],"relics":["Pen Nib","Mummified Hand","Turnip","Question Card","Molten Egg 2","Pandora\u0027s Box","FossilizedHelix","Bottled Tornado","Juzu Bracelet","Nloth\u0027s Gift","Thread and Needle","Frozen Egg 2","WingedGreaves","Snecko Eye","Ancient Tea Set","CaptainsWheel","White Beast Statue","TheAbacus","Meat on the Bone","Omamori"],"acts_visited":["Exordium","TheCity","TheBeyond"],"potions_floor_usage":[50,50,50,50],"damage_taken":[{"damage":5.0,"enemies":"Cultist","floor":1.0,"turns":5.0},{"damage":0.0,"enemies":"Small Slimes","floor":2.0,"turns":2.0},{"damage":0.0,"enemies":"2 Louse","floor":3.0,"turns":2.0},{"damage":6.0,"enemies":"Blue Slaver","floor":4.0,"turns":3.0},{"damage":1.0,"enemies":"2 Fungi Beasts","floor":5.0,"turns":3.0},{"damage":15.0,"enemies":"3 Sentries","floor":7.0,"turns":6.0},{"damage":35.0,"enemies":"Gremlin Gang","floor":14.0,"turns":5.0},{"damage":46.0,"enemies":"Slime Boss","floor":16.0,"turns":8.0},{"damage":0.0,"enemies":"Chosen","floor":18.0,"turns":4.0},{"damage":13.0,"enemies":"2 Thieves","floor":19.0,"turns":3.0},{"damage":0.0,"enemies":"Chosen and Byrds","floor":24.0,"turns":4.0},{"damage":0.0,"enemies":"Book of Stabbing","floor":27.0,"turns":7.0},{"damage":4.0,"enemies":"Colosseum Slavers","floor":29.0,"turns":5.0},{"damage":18.0,"enemies":"Colosseum Nobs","floor":29.0,"turns":5.0},{"damage":0.0,"enemies":"Gremlin Leader","floor":30.0,"turns":7.0},{"damage":0.0,"enemies":"Snake Plant","floor":31.0,"turns":5.0},{"damage":0.0,"enemies":"Automaton","floor":33.0,"turns":11.0},{"damage":0.0,"enemies":"3 Darklings","floor":35.0,"turns":3.0},{"damage":0.0,"enemies":"Orb Walker","floor":36.0,"turns":4.0},{"damage":0.0,"enemies":"Sphere and 2 Shapes","floor":37.0,"turns":3.0},{"damage":0.0,"enemies":"Giant Head","floor":41.0,"turns":8.0},{"damage":0.0,"enemies":"Spire Growth","floor":46.0,"turns":5.0},{"damage":0.0,"enemies":"Nemesis","floor":48.0,"turns":7.0},{"damage":0,"enemies":"Donu and Deca","floor":50,"turns":5}],"seed_played":"7846073995145657896","potions_obtained":[{"floor":1.0,"key":"SkillPotion"},{"floor":2.0,"key":"PowerPotion"},{"floor":4.0,"key":"FairyPotion"},{"floor":14.0,"key":"Swift Potion"},{"floor":16.0,"key":"EntropicBrew"},{"floor":24.0,"key":"FearPotion"},{"floor":35.0,"key":"Ancient Potion"},{"floor":36.0,"key":"PotionOfCapacity"},{"floor":41.0,"key":"DistilledChaos"}],"is_trial":false,"path_per_floor":["M","M","M","M","M","R","E","$","T","R","?","$","R","M","R","B",null,"M","M","?","?","$","R","M","R","T","E","?","?","E","M","R","B",null,"M","M","M","?","?","R","E","?","T","$","?","M","R","E","R","B",null],"character_chosen":"DEFECT","items_purchased":["Static Discharge","Cold Snap","Aggregate","TheAbacus"],"campfire_rested":0,"item_purchase_floors":[8,8,22,44],"current_hp_per_floor":[63,63,63,57,56,56,41,41,41,41,41,41,41,6,6,14,60,60,47,37,37,37,37,37,37,37,37,37,15,15,15,15,15,32,32,32,32,32,32,32,32,32,32,32,32,32,32,32,32,32],"gold":198,"neow_bonus":"BOSS_RELIC","is_daily":false,"chose_seed":false,"campfire_upgraded":10,"win_rate":0.0,"timestamp":1614047706,"path_taken":["M","M","M","?","M","R","E","?","T","R","?","$","R","M","R","BOSS","M","?","?","?","$","R","M","R","T","E","?","?","E","M","R","BOSS","M","M","M","?","?","R","E","?","T","$","?","M","R","E","R","BOSS"],"items_purchased_type":["Card","Card","Card","Relic"],"build_version":"2020-12-22","purchased_purges":2,"victory":true,"max_hp_per_floor":[75,75,75,75,75,75,75,75,75,75,75,75,75,75,75,75,75,75,75,37,37,37,37,37,37,37,37,37,37,37,37,37,37,37,37,37,37,37,37,37,37,37,37,37,37,37,37,37,37,37],"card_choices":[{"not_picked":["Coolheaded","Steam"],"picked":"Streamline","floor":1.0},{"not_picked":["Coolheaded","Streamline"],"picked":"Ball Lightning","floor":2.0},{"not_picked":["Blizzard","Gash"],"picked":"Core Surge","floor":3.0},{"not_picked":["Go for the Eyes","Leap"],"picked":"Capacitor","floor":4.0},{"not_picked":["Gash","Force Field"],"picked":"Loop","floor":5.0},{"not_picked":["Turbo","Rip and Tear"],"picked":"Hologram","floor":7.0},{"not_picked":["Reprogram","Ball Lightning+1","Conserve Battery"],"picked":"Beam Cell+1","floor":14.0},{"not_picked":["Multi-Cast","Hyperbeam+1","Thunder Strike+1"],"picked":"Biased Cognition","floor":16.0},{"not_picked":["Lockon+1","Streamline+1","Beam Cell+1"],"picked":"Barrage+1","floor":18.0},{"not_picked":["Gash+1","Sweeping Beam+1","Compile Driver+1"],"picked":"Consume+1","floor":19.0},{"not_picked":["Chill","Ball Lightning+1","Cold Snap+1","Fusion+1"],"picked":"SKIP","floor":24.0},{"not_picked":["Fission","Steam","Barrage+1","Hello World"],"picked":"SKIP","floor":27.0},{"not_picked":["Auto Shields","Meteor Strike+1","Steam"],"picked":"Defragment+1","floor":29.0},{"not_picked":["Turbo+1","Ball Lightning+1","Scrape+1"],"picked":"Buffer+1","floor":30.0},{"not_picked":["Auto Shields","Lockon+1","Genetic Algorithm"],"picked":"Electrodynamics+1","floor":31.0},{"not_picked":["Buffer+1","Rainbow","Machine Learning+1"],"picked":"Echo Form+1","floor":33.0},{"not_picked":["Streamline+1","Redo","Recycle","Turbo"],"picked":"SKIP","floor":35.0},{"not_picked":["Rebound+1","BootSequence+1","Lockon+1"],"picked":"Capacitor+1","floor":36.0},{"not_picked":["Undo+1","Leap+1","Seek","Beam Cell+1"],"picked":"SKIP","floor":37.0},{"not_picked":["Electrodynamics+1","Double Energy+1","Rebound+1"],"picked":"Coolheaded+1","floor":41.0},{"not_picked":["Loop+1","Beam Cell+1","Conserve Battery"],"picked":"Hologram+1","floor":46.0},{"not_picked":["FTL+1","Amplify","Fusion+1","Recycle"],"picked":"SKIP","floor":48.0}],"player_experience":156846,"relics_obtained":[{"floor":0.0,"key":"Pen Nib"},{"floor":0.0,"key":"Mummified Hand"},{"floor":0.0,"key":"Turnip"},{"floor":7.0,"key":"Question Card"},{"floor":9.0,"key":"Molten Egg 2"},{"floor":26.0,"key":"Bottled Tornado"},{"floor":27.0,"key":"Juzu Bracelet"},{"floor":29.0,"key":"Thread and Needle"},{"floor":29.0,"key":"Frozen Egg 2"},{"floor":30.0,"key":"WingedGreaves"},{"floor":41.0,"key":"Ancient Tea Set"},{"floor":42.0,"key":"CaptainsWheel"},{"floor":43.0,"key":"White Beast Statue"},{"floor":48.0,"key":"Omamori"}],"event_choices":[{"damage_healed":0.0,"max_hp_gain":0.0,"max_hp_loss":0.0,"gold_gain":0.0,"event_name":"Wheel of Change","player_choice":"Cursed","floor":11.0,"gold_loss":0.0,"damage_taken":0.0,"cards_obtained":["Decay"]},{"damage_healed":0.0,"max_hp_gain":0.0,"max_hp_loss":38.0,"gold_gain":0.0,"event_name":"Ghosts","player_choice":"Became a Ghost","floor":20.0,"gold_loss":0.0,"damage_taken":0.0,"cards_obtained":["Ghostly","Ghostly","Ghostly","Ghostly","Ghostly"]},{"damage_healed":0.0,"max_hp_gain":0.0,"max_hp_loss":0.0,"gold_gain":0.0,"event_name":"The Mausoleum","player_choice":"Opened","floor":21.0,"gold_loss":0.0,"damage_taken":0.0,"relics_obtained":["FossilizedHelix"]},{"damage_healed":0.0,"max_hp_gain":0.0,"max_hp_loss":0.0,"gold_gain":0.0,"event_name":"N\u0027loth","player_choice":"Traded Relic","floor":28.0,"relics_lost":["Calling Bell"],"gold_loss":0.0,"damage_taken":0.0,"relics_obtained":["Nloth\u0027s Gift"]},{"damage_healed":0.0,"max_hp_gain":0.0,"max_hp_loss":0.0,"gold_gain":0.0,"event_name":"Colosseum","player_choice":"Fight","floor":29.0,"gold_loss":0.0,"damage_taken":0.0},{"damage_healed":0.0,"max_hp_gain":0.0,"max_hp_loss":0.0,"gold_gain":0.0,"event_name":"Colosseum","player_choice":"Fought Nobs","floor":29.0,"gold_loss":0.0,"damage_taken":0.0},{"damage_healed":0.0,"max_hp_gain":0.0,"max_hp_loss":0.0,"gold_gain":0.0,"event_name":"SensoryStone","player_choice":"Memory 1","floor":38.0,"gold_loss":0.0,"damage_taken":0.0},{"damage_healed":0.0,"max_hp_gain":0.0,"max_hp_loss":0.0,"gold_gain":0.0,"event_name":"Upgrade Shrine","player_choice":"Upgraded","floor":39.0,"gold_loss":0.0,"damage_taken":0.0,"cards_upgraded":["Ghostly"]},{"damage_healed":0.0,"max_hp_gain":0.0,"max_hp_loss":0.0,"gold_gain":0.0,"event_name":"Wheel of Change","player_choice":"Relic","floor":42.0,"gold_loss":0.0,"damage_taken":0.0},{"damage_healed":0.0,"max_hp_gain":0.0,"max_hp_loss":0.0,"gold_gain":0.0,"event_name":"WeMeetAgain","player_choice":"Paid Gold","floor":45.0,"gold_loss":102.0,"damage_taken":0.0,"relics_obtained":["Meat on the Bone"]}],"is_beta":false,"boss_relics":[{"not_picked":["Black Star","Fusion Hammer"],"picked":"Pandora\u0027s Box"},{"not_picked":["Tiny House","Cursed Key"],"picked":"Snecko Eye"}],"items_purged_floors":[12,44],"is_endless":false,"potions_floor_spawned":[1,2,4,14,16,24,29,35,36,41,46,48],"ascension_level":8}}