{"host":"s509oin3ptw7n5v1","time":1614049986,"event":{"mods":["2.2 Compatiblity","AchievementEnabler","BaseMod","Colored Map","Colored Powertips","Highlight Path","Minty Spire (QoL Compilation)","Rare Cards Sparkle","Relic Stats","Spicy Shops","StSLib"],"gold_per_floor":[116,291,309,309,156,156,156,156],"floor_reached":7,"language":"ENG","playtime":1324,"items_purged":[],"score":51,"play_id":"b392a5a3-ca2b-4cfa-bda1-a90f6a079d69","local_time":"20210222221306","is_ascension_mode":true,"campfire_choices":[{"data":"Cloak And Dagger","floor":6.0,"key":"SMITH"}],"circlet_count":0,"master_deck":["Strike_G","Strike_G","Strike_G","Strike_G","Strike_G","Defend_G","Defend_G","Defend_G","Defend_G","Defend_G","Survivor","Neutralize","Cloak And Dagger+1","Doubt","Leg Sweep","Accuracy"],"relics":["Ring of the Snake","Darkstone Periapt","Pen Nib"],"acts_visited":["Exordium"],"potions_floor_usage":[],"damage_taken":[{"damage":0.0,"enemies":"2 Louse","floor":1.0,"turns":3.0},{"damage":0.0,"enemies":"Jaw Worm","floor":3.0,"turns":5.0},{"damage":84,"enemies":"Lagavulin","floor":7,"turns":19}],"seed_played":"-8202238503137245314","potions_obtained":[],"is_trial":false,"path_per_floor":["M","?","M","?","$","R","E"],"character_chosen":"THE_SILENT","items_purchased":["Accuracy","Pen Nib"],"campfire_rested":0,"item_purchase_floors":[5,5],"current_hp_per_floor":[70,70,70,70,70,70,0,0],"gold":156,"neow_bonus":"TEN_PERCENT_HP_BONUS","is_daily":false,"chose_seed":false,"campfire_upgraded":1,"win_rate":0.0,"timestamp":1614049986,"path_taken":["M","?","M","?","$","R","E"],"items_purchased_type":["Card","Relic"],"build_version":"2020-12-22","purchased_purges":0,"victory":false,"max_hp_per_floor":[77,77,77,77,77,77,77,77],"relic_stats":{"Darkstone Periapt":0,"counters":[3,27],"Pen Nib":[3],"obtain_stats":[{"Darkstone Periapt":4,"Pen Nib":5,"Ring of the Snake":0},{"Darkstone Periapt":2,"Pen Nib":2,"Ring of the Snake":0},{"Darkstone Periapt":8,"Pen Nib":8,"Ring of the Snake":0}],"Ring of the Snake":[6]},"card_choices":[{"not_picked":["Backstab","Deflect"],"picked":"Cloak And Dagger","floor":1.0},{"not_picked":["Cloak And Dagger","Setup"],"picked":"Leg Sweep","floor":3.0}],"player_experience":1235812,"relics_obtained":[{"floor":4.0,"key":"Darkstone Periapt"}],"event_choices":[{"damage_healed":0.0,"max_hp_gain":0.0,"max_hp_loss":0.0,"gold_gain":175.0,"event_name":"Liars Game","player_choice":"AGREE","floor":2.0,"gold_loss":0.0,"damage_taken":0.0,"cards_obtained":["Doubt"]},{"damage_healed":0.0,"max_hp_gain":0.0,"max_hp_loss":0.0,"gold_gain":0.0,"event_name":"Wheel of Change","player_choice":"Relic","floor":4.0,"gold_loss":0.0,"damage_taken":0.0}],"is_beta":false,"boss_relics":[],"items_purged_floors":[],"is_endless":false,"potions_floor_spawned":[],"killed_by":"Lagavulin","ascension_level":6}}