{"host":"fdq5pmhluajjrf8d","time":1614117764,"event":{"mods":["BaseMod","Minty Spire (QoL Compilation)"],"gold_per_floor":[115,115,130,142,154,183,183,17,43,43,43],"floor_reached":10,"language":"ENG","playtime":986,"items_purged":[],"score":136,"play_id":"e7ee1a4e-a29b-405e-9a9d-03c8817f15db","local_time":"20210223170244","is_ascension_mode":true,"campfire_choices":[{"floor":7,"key":"REST"}],"circlet_count":0,"master_deck":["AscendersBane","Strike_B","Strike_B","Strike_B","Strike_B","Defend_B","Defend_B","Defend_B","Defend_B","Zap","Dualcast","Glacier","Coolheaded","Redo","Coolheaded","Capacitor"],"relics":["Cracked Core","Potion Belt","Happy Flower","ClockworkSouvenir","Vajra"],"acts_visited":["Exordium"],"potions_floor_usage":[5,10],"damage_taken":[{"damage":1,"enemies":"Cultist","floor":1,"turns":4},{"damage":7,"enemies":"Jaw Worm","floor":3,"turns":4},{"damage":2,"enemies":"Small Slimes","floor":4,"turns":5},{"damage":2,"enemies":"Looter","floor":5,"turns":3},{"damage":32,"enemies":"Lagavulin","floor":6,"turns":16},{"damage":34,"enemies":"3 Sentries","floor":10,"turns":10}],"seed_played":"3247566132449003048","potions_obtained":[{"floor":1,"key":"Dexterity Potion"},{"floor":4,"key":"BlessingOfTheForge"}],"is_trial":false,"path_per_floor":["M","?","M","M","M","E","R","$","T","E"],"character_chosen":"DEFECT","items_purchased":["ClockworkSouvenir"],"campfire_rested":1,"item_purchase_floors":[8],"current_hp_per_floor":[63,53,46,44,42,10,31,31,31,0,0],"gold":43,"neow_bonus":"RANDOM_COMMON_RELIC","is_daily":false,"chose_seed":false,"campfire_upgraded":0,"win_rate":0.0,"timestamp":1614117764,"path_taken":["M","?","?","M","M","E","R","?","T","E"],"items_purchased_type":["Relic"],"build_version":"2020-12-22","purchased_purges":0,"victory":false,"max_hp_per_floor":[71,71,71,71,71,71,71,71,71,71,71],"card_choices":[{"not_picked":["Blizzard","Steam"],"picked":"Glacier","floor":1},{"not_picked":["Turbo","Compile Driver"],"picked":"Coolheaded","floor":3},{"not_picked":["Gash","Beam Cell"],"picked":"Redo","floor":4},{"not_picked":["Rebound","Stack"],"picked":"Coolheaded","floor":5},{"not_picked":["Leap","Multi-Cast"],"picked":"Capacitor","floor":6}],"player_experience":1985404,"relics_obtained":[{"floor":6,"key":"Happy Flower"},{"floor":9,"key":"Vajra"}],"event_choices":[{"damage_healed":0,"gold_gain":0,"player_choice":"Damaged","damage_taken":10,"max_hp_gain":0,"max_hp_loss":0,"event_name":"Wheel of Change","floor":2,"gold_loss":0}],"is_beta":false,"boss_relics":[],"items_purged_floors":[],"is_endless":false,"potions_floor_spawned":[1,4],"killed_by":"3 Sentries","ascension_level":20}}