{"host":"crkd492s78mxo8eu","time":1614050631,"event":{"mods":["BaseMod","Colored Powertips","Hubris","Marisa????????","Minty Spire (QoL Compilation)","Rare Cards Sparkle","Replay The Spire","StSLib","The Cursed","The Mystic","The Servant 0.9.4"],"gold_per_floor":[114,39,39,53,72,102,119,119,119,119,148,148,48,62,114,114,114],"floor_reached":16,"language":"ENG","playtime":753,"items_purged":["Strike_B","Strike_B"],"score":116,"play_id":"6e4c9efe-cf5a-4055-9111-e21a4f8989a8","local_time":"20210222222351","is_ascension_mode":true,"campfire_choices":[{"floor":8,"key":"REST"},{"data":"Chaos","floor":12,"key":"SMITH"}],"circlet_count":0,"master_deck":["hubris:Hubris","Strike_B","Strike_B","Defend_B","Defend_B","Defend_B","Defend_B","Zap","Dualcast","Auto Shields","Chaos+1","Cold Snap"],"relics":["Cracked Core","Boot","Replay:Ringing Soul","ReplayTheSpireMod:Ninjato"],"acts_visited":["Exordium"],"potions_floor_usage":[16,16,16],"damage_taken":[{"damage":5,"enemies":"Cultist","floor":1,"turns":4},{"damage":0,"enemies":"Small Slimes","floor":4,"turns":3},{"damage":7,"enemies":"2 Louse","floor":5,"turns":3},{"damage":38,"enemies":"Lagavulin","floor":6,"turns":8},{"damage":10,"enemies":"2 Fungi Beasts","floor":7,"turns":4},{"damage":30,"enemies":"3 Sentries","floor":11,"turns":7},{"damage":0,"enemies":"Blue Slaver","floor":14,"turns":4},{"damage":52,"enemies":"Slime Boss","floor":16,"turns":13}],"seed_played":"3730712416940269673","potions_obtained":[{"floor":3,"key":"LiquidMemories"},{"floor":3,"key":"GamblersBrew"},{"floor":3,"key":"Ancient Potion"},{"floor":4,"key":"Elixir"}],"is_trial":false,"path_per_floor":["M","$","?","M","M","E","M","R","T","?","E","R","$","M","R","B"],"character_chosen":"DEFECT","items_purchased":[],"campfire_rested":1,"item_purchase_floors":[],"current_hp_per_floor":[77,77,77,77,70,32,22,46,46,82,52,52,52,52,52,0,0],"gold":114,"neow_bonus":"TEN_PERCENT_HP_BONUS","is_daily":false,"chose_seed":false,"campfire_upgraded":1,"win_rate":0.0,"timestamp":1614050631,"path_taken":["M","$","?","?","M","E","M","R","T","?","E","R","?","M","R","BOSS"],"items_purchased_type":[],"build_version":"2020-12-22","purchased_purges":2,"victory":false,"max_hp_per_floor":[82,82,82,82,82,82,82,82,82,82,82,82,82,82,82,82,82],"card_choices":[{"not_picked":["Reinforced Body","Sweeping Beam"],"picked":"Auto Shields","floor":1},{"not_picked":["Gash","Doom and Gloom"],"picked":"ReplaySolidLightProjector","floor":4},{"not_picked":["Stack","Barrage"],"picked":"Chaos","floor":5},{"not_picked":["Reprogram","Ball Lightning"],"picked":"Cold Snap","floor":6},{"not_picked":["Recycle","Undo","Hello World"],"picked":"SKIP","floor":7},{"not_picked":["ReplayGash","Ball Lightning","Stack"],"picked":"SKIP","floor":11},{"not_picked":["Turbo","Streamline","Aggregate"],"picked":"SKIP","floor":14}],"player_experience":123054,"relics_obtained":[{"floor":6,"key":"Boot"},{"floor":9,"key":"Replay:Ringing Soul"},{"floor":11,"key":"ReplayTheSpireMod:Ninjato"}],"event_choices":[{"damage_healed":0,"gold_gain":0,"player_choice":"Got Potions","damage_taken":0,"max_hp_gain":0,"max_hp_loss":0,"event_name":"Lab","floor":3,"gold_loss":0},{"cards_removed":["ReplaySolidLightProjector"],"damage_healed":36,"gold_gain":0,"player_choice":"Offered Uncommon","damage_taken":0,"max_hp_gain":0,"max_hp_loss":0,"event_name":"Bonfire Elementals","floor":10,"gold_loss":0}],"is_beta":false,"boss_relics":[],"items_purged_floors":[2,13],"is_endless":false,"potions_floor_spawned":[4,7,11],"killed_by":"Slime Boss","ascension_level":1}}