{"host":"9brt9rggm379u2p7","time":1614108174,"event":{"mods":["AchievementEnabler","BaseMod","Highlight Path","Minty Spire (QoL Compilation)","Permanent Neow","Quick Restart","SuperFastMode"],"gold_per_floor":[114,130,180,194,119,119,150,50,50,69,69,97,22,38,38,38,38],"floor_reached":16,"language":"ENG","playtime":594,"items_purged":["Strike_R","Strike_R"],"score":320,"play_id":"47be74e4-c074-4367-88f3-3cf223913132","local_time":"20210224042254","is_ascension_mode":true,"campfire_choices":[{"data":"Bludgeon","floor":6.0,"key":"SMITH"},{"data":"Double Tap","floor":15.0,"key":"SMITH"}],"circlet_count":0,"master_deck":["AscendersBane","Strike_R","Strike_R","Strike_R","Defend_R","Defend_R","Defend_R","Defend_R","Bash","Bludgeon+1","Shrug It Off","Burning Pact","Double Tap+1","Ghostly Armor"],"relics":["Burning Blood","Kunai","StrikeDummy","StoneCalendar"],"acts_visited":["Exordium"],"potions_floor_usage":[16],"damage_taken":[{"damage":7.0,"enemies":"Small Slimes","floor":1.0,"turns":2.0},{"damage":1.0,"enemies":"Cultist","floor":2.0,"turns":3.0},{"damage":1.0,"enemies":"2 Louse","floor":4.0,"turns":4.0},{"damage":55.0,"enemies":"3 Sentries","floor":7.0,"turns":13.0},{"damage":8.0,"enemies":"Blue Slaver","floor":10.0,"turns":2.0},{"damage":8.0,"enemies":"Gremlin Nob","floor":12.0,"turns":3.0},{"damage":12.0,"enemies":"Large Slime","floor":14.0,"turns":7.0}],"seed_played":"-8160046513003964645","potions_obtained":[{"floor":1.0,"key":"Dexterity Potion"},{"floor":10.0,"key":"Regen Potion"},{"floor":12.0,"key":"Energy Potion"},{"floor":14.0,"key":"BloodPotion"}],"is_trial":false,"path_per_floor":["M","M","?","M","$","R","E","$","T","M","?","E","$","M","R","B"],"character_chosen":"IRONCLAD","items_purchased":["Double Tap"],"campfire_rested":0,"item_purchase_floors":[13],"current_hp_per_floor":[67,72,72,75,75,75,26,26,26,24,29,27,27,37,37,0,0],"gold":38,"neow_bonus":"ONE_RANDOM_RARE_CARD","is_daily":false,"chose_seed":false,"campfire_upgraded":2,"win_rate":0.0,"timestamp":1614108174,"path_taken":["M","M","?","M","$","R","E","?","T","M","?","E","?","M","R","BOSS"],"items_purchased_type":["Card"],"build_version":"2020-12-22","purchased_purges":2,"victory":false,"max_hp_per_floor":[75,75,75,75,75,75,75,75,75,75,80,80,80,80,80,80,80],"card_choices":[{"not_picked":["Metallicize","Cleave"],"picked":"Shrug It Off","floor":1.0},{"not_picked":["Twin Strike","True Grit"],"picked":"Burning Pact","floor":2.0},{"not_picked":["Rage","Warcry","Hemokinesis"],"picked":"SKIP","floor":4.0},{"not_picked":["Iron Wave","Cleave","Combust"],"picked":"SKIP","floor":7.0},{"not_picked":["Searing Blow","Disarm","Anger"],"picked":"SKIP","floor":10.0},{"not_picked":["Dropkick","Sword Boomerang","Feel No Pain"],"picked":"SKIP","floor":12.0},{"not_picked":["Dropkick","Sword Boomerang","Feel No Pain"],"picked":"SKIP","floor":12.0},{"not_picked":["Feed","Burning Pact"],"picked":"Ghostly Armor","floor":14.0}],"player_experience":442355,"relics_obtained":[{"floor":7.0,"key":"Kunai"},{"floor":9.0,"key":"StrikeDummy"},{"floor":12.0,"key":"StoneCalendar"}],"event_choices":[{"damage_healed":0.0,"max_hp_gain":0.0,"max_hp_loss":0.0,"gold_gain":50.0,"event_name":"Golden Shrine","player_choice":"Pray","floor":3.0,"gold_loss":0.0,"damage_taken":0.0},{"damage_healed":0.0,"max_hp_gain":5.0,"max_hp_loss":0.0,"gold_gain":0.0,"event_name":"Big Fish","player_choice":"Donut","floor":11.0,"gold_loss":0.0,"damage_taken":0.0}],"is_beta":false,"boss_relics":[],"items_purged_floors":[5,8],"is_endless":false,"potions_floor_spawned":[1,10,12,14],"killed_by":"The Guardian","ascension_level":20}}