{"host":"8zzc9mdnfkdiyxma","time":1614121424,"event":{"mods":["2.2 Compatiblity","BaseMod","Better Altar","Better Match","Better Note","Better Sensory Stone","Better Skull","Better Third Choice","Better Vampires","Colored Map","Colored Powertips","Dark Map","Emptier Cage","Extra Virgin Snecko Oil","Minty Spire (QoL Compilation)","Permanent Neow","RNG Fix","Rare Cards Sparkle","Relic Filter","Reliquary","SacredBarkPlus","Smile Girya","StSLib","Waifu the Spire"],"gold_per_floor":[54,86,86,11,55,55,55,109,109,109,109,109,109,153,153,250,250,295,334,334,334,46,46,109,109,133,133,159,198,119,135,135,135,135],"floor_reached":33,"language":"ENG","playtime":1876,"items_purged":[],"score":576,"play_id":"c57762b8-333f-4a2c-ad23-486012027df4","local_time":"20210223180344","is_ascension_mode":true,"campfire_choices":[{"data":"Anger","floor":6.0,"key":"SMITH"},{"data":"Rampage","floor":10.0,"key":"SMITH"},{"data":"Power Through","floor":13.0,"key":"SMITH"},{"floor":15.0,"key":"REST"},{"data":"Flame Barrier","floor":23.0,"key":"SMITH"},{"floor":25.0,"key":"REST"},{"floor":32,"key":"REST"}],"circlet_count":0,"master_deck":["AscendersBane","Strike_R","Strike_R","Strike_R","Strike_R","Defend_R","Defend_R","Defend_R","Defend_R","Bash","HandOfGreed+1","Anger+1","Power Through+1","Iron Wave","Rampage+1","Immolate","Flame Barrier+1","Thunderclap","Envenom+1","Sword Boomerang","Thunderclap","Shrug It Off","Feel No Pain"],"relics":["Burning Blood","Pantograph","reliquary:Crutches","Sozu","reliquary:NewFriend","reliquary:TatteredRug"],"acts_visited":["Exordium","TheCity"],"potions_floor_usage":[],"damage_taken":[{"damage":14.0,"enemies":"Small Slimes","floor":1.0,"turns":3.0},{"damage":7.0,"enemies":"Jaw Worm","floor":2.0,"turns":3.0},{"damage":1.0,"enemies":"Cultist","floor":5.0,"turns":4.0},{"damage":25.0,"enemies":"3 Sentries","floor":8.0,"turns":9.0},{"damage":11.0,"enemies":"Blue Slaver","floor":14.0,"turns":5.0},{"damage":59.0,"enemies":"Slime Boss","floor":16.0,"turns":11.0},{"damage":13.0,"enemies":"Chosen","floor":18.0,"turns":5.0},{"damage":16.0,"enemies":"3 Byrds","floor":19.0,"turns":4.0},{"damage":12.0,"enemies":"Cultist and Chosen","floor":24.0,"turns":6.0},{"damage":0.0,"enemies":"Gremlin Leader","floor":28.0,"turns":10.0},{"damage":34.0,"enemies":"3 Cultists","floor":29.0,"turns":5.0},{"damage":29,"enemies":"Sentry and Sphere","floor":31,"turns":6},{"damage":73,"enemies":"Champ","floor":33,"turns":14}],"seed_played":"8865640867162240531","potions_obtained":[{"floor":14.0,"key":"FearPotion"}],"is_trial":false,"path_per_floor":["M","M","?","?","M","R","$","E","T","R","?","?","R","M","R","B",null,"M","M","?","?","$","R","M","R","T","?","E","M","$","M","R","B"],"character_chosen":"IRONCLAD","items_purchased":["reliquary:NewFriend","Feel No Pain"],"campfire_rested":3,"item_purchase_floors":[22,30],"current_hp_per_floor":[60,59,59,59,64,64,64,45,45,45,45,45,45,40,62,22,62,55,45,45,45,45,45,39,61,61,61,67,39,39,16,38,0,0],"gold":135,"neow_bonus":"RANDOM_COLORLESS_2","is_daily":false,"chose_seed":false,"campfire_upgraded":4,"win_rate":0.0,"timestamp":1614121424,"path_taken":["M","M","?","?","?","R","?","E","T","R","?","?","R","M","R","BOSS","M","M","?","?","$","R","M","R","T","?","E","M","?","?","R","BOSS"],"items_purchased_type":["Relic","Card"],"build_version":"2020-12-22","purchased_purges":0,"victory":false,"max_hp_per_floor":[75,75,75,75,75,75,75,75,75,75,75,75,75,75,75,75,75,75,75,75,75,75,75,75,75,75,75,75,75,75,75,75,75,75],"card_choices":[{"not_picked":["Metamorphosis","Secret Technique"],"picked":"HandOfGreed","floor":0.0},{"not_picked":["Reckless Charge","Dark Embrace"],"picked":"Anger","floor":1.0},{"not_picked":["Anger","Feel No Pain"],"picked":"Power Through","floor":2.0},{"not_picked":["Feel No Pain","Flex"],"picked":"Iron Wave","floor":5.0},{"not_picked":["Headbutt","Warcry"],"picked":"Rampage","floor":8.0},{"not_picked":["Havoc","Dropkick","Anger"],"picked":"SKIP","floor":14.0},{"not_picked":["Corruption","Double Tap"],"picked":"Immolate","floor":16.0},{"not_picked":["Sever Soul","Shrug It Off"],"picked":"Flame Barrier","floor":18.0},{"not_picked":["Searing Blow","Havoc"],"picked":"Thunderclap","floor":19.0},{"not_picked":["Pummel","Warcry"],"picked":"Sword Boomerang","floor":24.0},{"not_picked":["Hemokinesis","Reckless Charge"],"picked":"Thunderclap","floor":28.0},{"not_picked":["Clash","Dropkick"],"picked":"Shrug It Off","floor":29.0},{"not_picked":["Warcry","Clash","Infernal Blade"],"picked":"SKIP","floor":31}],"player_experience":1013945,"relics_obtained":[{"floor":8.0,"key":"Pantograph"},{"floor":9.0,"key":"reliquary:Crutches"},{"floor":28.0,"key":"reliquary:TatteredRug"}],"event_choices":[{"damage_healed":0.0,"max_hp_gain":0.0,"max_hp_loss":0.0,"gold_gain":0.0,"event_name":"Living Wall","player_choice":"Grow","floor":3.0,"gold_loss":0.0,"damage_taken":0.0,"cards_upgraded":["HandOfGreed"]},{"cards_removed":["Strike_R"],"damage_healed":0.0,"max_hp_gain":0.0,"max_hp_loss":0.0,"gold_gain":0.0,"event_name":"The Cleric","player_choice":"Card Removal","floor":4.0,"gold_loss":75.0,"damage_taken":0.0},{"damage_healed":45.0,"max_hp_gain":0.0,"max_hp_loss":75.0,"gold_gain":0.0,"event_name":"betterThird:BetterShining","player_choice":"Leave","floor":11.0,"gold_loss":0.0,"damage_taken":0.0},{"damage_healed":0.0,"max_hp_gain":0.0,"max_hp_loss":0.0,"gold_gain":0.0,"event_name":"betterThird:BetterSerpent","player_choice":"Ignored","floor":12.0,"gold_loss":0.0,"damage_taken":109.0},{"cards_removed":["HandOfGreed"],"damage_healed":0.0,"max_hp_gain":0.0,"max_hp_loss":0.0,"gold_gain":0.0,"event_name":"betterNote:BetterNote","player_choice":"Take \u0026 Give","floor":20.0,"gold_loss":0.0,"damage_taken":0.0,"cards_obtained":["Envenom"]},{"damage_healed":0.0,"max_hp_gain":0.0,"max_hp_loss":0.0,"gold_gain":0.0,"event_name":"Lab","player_choice":"Got Potions","floor":21.0,"gold_loss":0.0,"damage_taken":0.0},{"damage_healed":0.0,"max_hp_gain":0.0,"max_hp_loss":0.0,"gold_gain":0.0,"event_name":"Beggar","player_choice":"Ignored","floor":27.0,"gold_loss":0.0,"damage_taken":0.0}],"is_beta":false,"boss_relics":[{"not_picked":["Busted Crown","Coffee Dripper"],"picked":"Sozu"}],"items_purged_floors":[],"is_endless":false,"potions_floor_spawned":[14,28,29],"killed_by":"Champ","ascension_level":20}}