{"host":"ymmeoa1x24ihslbm","time":1614103949,"event":{"mods":["AchievementEnabler","Bartender","BaseMod","CatGirl Mod","Colored Map","Colored Powertips","Defuse TimeMaze Blight","Hermit","Highlight Path","HornydragonMod","Hyrulean Relics","Infinite Spire","Minty Spire (QoL Compilation)","Permanent Neow","Quick Restart","Rare Cards Sparkle","Relic Sorter","Robot Space Explorer","Shapeshifter Mod","Shop Mod","StSLib","The Marked","The Mystic","TheSurvivalist","Transform Curses"],"gold_per_floor":[15,290,305,320,339,372,372],"floor_reached":6,"language":"ENG","playtime":1293,"items_purged":[],"score":48,"play_id":"a2c4a8e1-c083-4b39-95ee-fa9f982c26f8","local_time":"20210223191229","is_ascension_mode":false,"campfire_choices":[],"circlet_count":0,"master_deck":["mysticmod:Strike_Mystic","mysticmod:Strike_Mystic","mysticmod:Strike_Mystic","mysticmod:Strike_Mystic","mysticmod:Defend_Mystic","mysticmod:Defend_Mystic","mysticmod:Defend_Mystic","mysticmod:Defend_Mystic","mysticmod:ArcaneDodge","mysticmod:ShockingGrasp","mysticmod:HeavyStrike","Regret","mysticmod:Sideswipe","mysticmod:Snowball","mysticmod:Grapple"],"relics":["mysticmod:SpellBook","Lantern"],"acts_visited":["Exordium"],"potions_floor_usage":[6],"damage_taken":[{"damage":4,"enemies":"Cultist","floor":1,"turns":4},{"damage":20,"enemies":"infinitespire:Voidling","floor":3,"turns":4},{"damage":9,"enemies":"2 Louse","floor":4,"turns":3},{"damage":2,"enemies":"2 Fungi Beasts","floor":5,"turns":4},{"damage":37,"enemies":"Lagavulin","floor":6,"turns":7}],"seed_played":"-7916467399797735557","potions_obtained":[{"floor":1,"key":"BlessingOfTheForge"},{"floor":4,"key":"SkillPotion"},{"floor":6,"key":"AttackPotion"}],"is_trial":false,"path_per_floor":["M","?","M","M","M","E"],"character_chosen":"MYSTIC_CLASS","items_purchased":[],"campfire_rested":0,"item_purchase_floors":[],"current_hp_per_floor":[87,87,74,65,63,26,26],"gold":372,"neow_bonus":"TWENTY_PERCENT_HP_BONUS","is_daily":false,"chose_seed":false,"campfire_upgraded":0,"win_rate":0.0,"timestamp":1614103949,"path_taken":["M","?","M","M","M","E"],"items_purchased_type":[],"build_version":"2020-12-22","purchased_purges":0,"victory":false,"max_hp_per_floor":[91,91,91,91,91,91,91],"card_choices":[{"not_picked":["mysticmod:Daze","mysticmod:Alacrity"],"picked":"mysticmod:HeavyStrike","floor":1},{"not_picked":["mysticmod:DiviningBlow","mysticmod:LightningBolt"],"picked":"mysticmod:Sideswipe","floor":3},{"not_picked":["mysticmod:EbbAndFlow","mysticmod:BulkUp"],"picked":"mysticmod:Snowball","floor":4},{"not_picked":["mysticmod:DiviningBlow","mysticmod:EarthenWall"],"picked":"mysticmod:Grapple","floor":5}],"player_experience":815093,"relics_obtained":[{"floor":6,"key":"Lantern"}],"event_choices":[{"damage_healed":0,"gold_gain":275,"player_choice":"Desecrate","damage_taken":0,"max_hp_gain":0,"max_hp_loss":0,"event_name":"Golden Shrine","floor":2,"gold_loss":0,"cards_obtained":["Regret"]}],"is_beta":false,"boss_relics":[],"items_purged_floors":[],"is_endless":false,"potions_floor_spawned":[1,4,6],"killed_by":"Lagavulin","ascension_level":0}}