{"host":"a1eatafr7pisesky","time":1614102132,"event":{"mods":["AchievementEnabler","BaseMod","Colored Map","Keyboard Shortcuts","Minty Spire (QoL Compilation)","Say the Spire","StSLib","SuperFastMode","everything is the same but u backflip on backflip"],"gold_per_floor":[115,131,56,21,21,46,46,46,128,141,152,170,202,218,218,295,295,305,42,42,42,56,84,84,109,133,145,82,125,137,137],"floor_reached":30,"language":"KOR","playtime":526,"items_purged":["Strike_G"],"score":594,"play_id":"0b554dd3-c1bc-48ae-bd7c-12185105e378","local_time":"20210224024212","is_ascension_mode":true,"campfire_choices":[{"data":"Blade Dance","floor":8.0,"key":"SMITH"},{"floor":15.0,"key":"REST"},{"floor":24,"key":"REST"},{"floor":27,"key":"REST"}],"circlet_count":0,"master_deck":["AscendersBane","Strike_G","Defend_G","Defend_G","Defend_G","Survivor","Neutralize","Deadly Poison","Blade Dance+1","Corpse Explosion","Noxious Fumes","Dagger Spray","Backflip","Bouncing Flask","Deflect+1"],"relics":["Ring of the Snake","NeowsBlessing","Kunai","InkBottle","HornCleat","Empty Cage","Membership Card","PreservedInsect","Tingsha","Regal Pillow","MawBank","Pantograph"],"acts_visited":["Exordium","TheCity"],"potions_floor_usage":[23,25,30],"damage_taken":[{"damage":0.0,"enemies":"Jaw Worm","floor":1.0,"turns":1.0},{"damage":0.0,"enemies":"2 Louse","floor":2.0,"turns":1.0},{"damage":0.0,"enemies":"Lagavulin","floor":6.0,"turns":1.0},{"damage":3.0,"enemies":"Small Slimes","floor":10.0,"turns":3.0},{"damage":6.0,"enemies":"Looter","floor":11.0,"turns":3.0},{"damage":20.0,"enemies":"Large Slime","floor":12.0,"turns":6.0},{"damage":25.0,"enemies":"3 Sentries","floor":13.0,"turns":3.0},{"damage":0.0,"enemies":"2 Fungi Beasts","floor":14.0,"turns":2.0},{"damage":15.0,"enemies":"The Guardian","floor":16.0,"turns":9.0},{"damage":12.0,"enemies":"3 Byrds","floor":18.0,"turns":3.0},{"damage":12.0,"enemies":"Chosen","floor":22.0,"turns":4.0},{"damage":22,"enemies":"Slavers","floor":23,"turns":2},{"damage":22,"enemies":"Gremlin Leader","floor":25,"turns":5},{"damage":29,"enemies":"Book of Stabbing","floor":29,"turns":5},{"damage":20,"enemies":"Snecko","floor":30,"turns":3}],"seed_played":"8323402458884194748","potions_obtained":[{"floor":11.0,"key":"FearPotion"},{"floor":12.0,"key":"Swift Potion"},{"floor":13.0,"key":"CunningPotion"},{"floor":16.0,"key":"Strength Potion"},{"floor":23,"key":"Fire Potion"},{"floor":29,"key":"Weak Potion"}],"is_trial":false,"path_per_floor":["M","M","$","?","?","E","?","R","T","M","M","M","E","M","R","B",null,"M","$","?","?","M","E","R","E","T","R","?","E","M"],"character_chosen":"THE_SILENT","items_purchased":["Membership Card","PreservedInsect","Bouncing Flask"],"campfire_rested":3,"item_purchase_floors":[19,19,19],"current_hp_per_floor":[59,59,59,66,59,59,59,59,59,56,50,30,5,5,24,9,52,40,40,40,40,28,6,25,3,3,37,37,8,0,0],"gold":137,"neow_bonus":"THREE_ENEMY_KILL","is_daily":false,"chose_seed":false,"campfire_upgraded":1,"win_rate":0.0,"timestamp":1614102132,"path_taken":["M","M","$","?","?","E","?","R","T","M","M","M","E","M","R","BOSS","M","$","?","?","M","E","R","E","T","R","?","E","?"],"items_purchased_type":["Relic","Relic","Card"],"build_version":"2020-12-22","purchased_purges":1,"victory":false,"max_hp_per_floor":[66,66,66,66,66,66,66,66,66,66,66,66,66,66,66,66,66,66,66,66,66,66,66,66,66,66,66,66,66,66,66],"card_choices":[{"not_picked":["Acrobatics","Endless Agony"],"picked":"Deadly Poison","floor":1.0},{"not_picked":["Bane","Outmaneuver"],"picked":"Blade Dance","floor":2.0},{"not_picked":["Blur","Heel Hook"],"picked":"Corpse Explosion","floor":6.0},{"not_picked":["Outmaneuver","Calculated Gamble"],"picked":"Noxious Fumes","floor":10.0},{"not_picked":["Dodge and Roll","Leg Sweep","Sucker Punch"],"picked":"SKIP","floor":11.0},{"not_picked":["Slice","Predator"],"picked":"Dagger Spray","floor":12.0},{"not_picked":["Sucker Punch","Flying Knee","Storm of Steel"],"picked":"SKIP","floor":13.0},{"not_picked":["Flying Knee","Heel Hook","Dagger Throw"],"picked":"SKIP","floor":14.0},{"not_picked":["Terror","Blur"],"picked":"Backflip","floor":18.0},{"not_picked":["Dagger Throw","Quick Slash","Reflex"],"picked":"SKIP","floor":22.0},{"not_picked":["Sucker Punch","Slice"],"picked":"Deflect+1","floor":23},{"not_picked":["Prepared","Poisoned Stab","Underhanded Strike"],"picked":"SKIP","floor":25},{"not_picked":["Dagger Throw+1","Outmaneuver","A Thousand Cuts"],"picked":"SKIP","floor":29}],"player_experience":493741,"relics_obtained":[{"floor":6.0,"key":"Kunai"},{"floor":9.0,"key":"InkBottle"},{"floor":13.0,"key":"HornCleat"},{"floor":23,"key":"Tingsha"},{"floor":25,"key":"Regal Pillow"},{"floor":26,"key":"MawBank"},{"floor":29,"key":"Pantograph"}],"event_choices":[{"damage_healed":16.0,"max_hp_gain":0.0,"max_hp_loss":0.0,"gold_gain":0.0,"event_name":"The Cleric","player_choice":"Healed","floor":4.0,"gold_loss":35.0,"damage_taken":0.0},{"cards_removed":["Defend_G"],"damage_healed":0.0,"max_hp_gain":0.0,"max_hp_loss":0.0,"gold_gain":0.0,"event_name":"Golden Wing","player_choice":"Card Removal","floor":5.0,"gold_loss":0.0,"damage_taken":7.0},{"cards_removed":["Strike_G"],"damage_healed":0.0,"max_hp_gain":0.0,"max_hp_loss":0.0,"gold_gain":0.0,"event_name":"Living Wall","player_choice":"Forget","floor":7.0,"gold_loss":0.0,"damage_taken":0.0},{"damage_healed":0.0,"max_hp_gain":0.0,"max_hp_loss":0.0,"gold_gain":0.0,"event_name":"The Mausoleum","player_choice":"Ignored","floor":20.0,"gold_loss":0.0,"damage_taken":0.0},{"cards_removed":["Strike_G"],"damage_healed":0,"gold_gain":0,"player_choice":"Gave Gold","damage_taken":0,"max_hp_gain":0,"max_hp_loss":0,"event_name":"Beggar","floor":28,"gold_loss":75}],"is_beta":false,"boss_relics":[{"not_picked":["Pandora\u0027s Box","Ring of the Serpent"],"picked":"Empty Cage"}],"items_purged_floors":[3],"is_endless":false,"potions_floor_spawned":[11,12,13,16,23,29],"killed_by":"Snecko","ascension_level":17}}