{"host":"d52brwsy6af8zvaq","time":1614052433,"event":{"mods":["AchievementEnabler","BaseMod","Bestiary","Highlight Path","Minty Spire (QoL Compilation)","Quick Restart","Relic Stats","ojb\u0027s Better Paths Mod"],"gold_per_floor":[117,117,42,56,72,102,114,159,195,207,239,284,371,405,417,501,513,498,525,285,285,304,333,333,313,313,313,313,313,228,242,242,321,321,333,22,22,47,62,96,96,111,137,137,166,185,185,185],"floor_reached":47,"language":"ENG","playtime":3981,"items_purged":["Pain","Strike_B","Defend_B"],"score":1038,"play_id":"36419664-3779-4c0f-9d21-17d9f15a9dbe","local_time":"20210222205353","is_ascension_mode":true,"campfire_choices":[{"data":"Doom and Gloom","floor":7.0,"key":"SMITH"},{"floor":10.0,"key":"REST"},{"floor":15.0,"key":"REST"},{"floor":27.0,"key":"REST"},{"data":"Echo Form","floor":29.0,"key":"SMITH"},{"floor":32.0,"key":"REST"},{"floor":41,"key":"RECALL"},{"floor":44,"key":"REST"}],"circlet_count":0,"master_deck":["AscendersBane","Defend_B","Defend_B","Zap","Dualcast","Conserve Battery","Doom and Gloom+1","Beam Cell","Hologram","Genetic Algorithm","Reinforced Body","Ball Lightning","Consume+1","Buffer","FTL+1","Aggregate+1","Stack+1","Chill","FTL+1","Sunder+1","Ball Lightning","Coolheaded+1","Echo Form+1","Go for the Eyes+1","Electrodynamics","Turbo","Glacier","Skim","Recycle","BootSequence+1"],"relics":["Cracked Core","WarpedTongs","MawBank","Juzu Bracelet","Girya","Odd Mushroom","Astrolabe","Membership Card","MealTicket","HornCleat","Regal Pillow","Inserter","OrangePellets","War Paint","Whetstone","Prayer Wheel","Shovel","Potion Belt","Nunchaku"],"acts_visited":["Exordium","TheCity","TheBeyond"],"potions_floor_usage":[45],"damage_taken":[{"damage":2.0,"enemies":"Jaw Worm","floor":1.0,"turns":4.0},{"damage":0.0,"enemies":"Cultist","floor":4.0,"turns":3.0},{"damage":7.0,"enemies":"2 Louse","floor":5.0,"turns":3.0},{"damage":19.0,"enemies":"3 Sentries","floor":6.0,"turns":7.0},{"damage":10.0,"enemies":"Lagavulin","floor":8.0,"turns":7.0},{"damage":10.0,"enemies":"Blue Slaver","floor":11.0,"turns":3.0},{"damage":8.0,"enemies":"3 Sentries","floor":12.0,"turns":7.0},{"damage":5.0,"enemies":"The Mushroom Lair","floor":14.0,"turns":3.0},{"damage":18.0,"enemies":"The Guardian","floor":16.0,"turns":11.0},{"damage":1.0,"enemies":"2 Thieves","floor":18.0,"turns":5.0},{"damage":0.0,"enemies":"Spheric Guardian","floor":19.0,"turns":5.0},{"damage":4.0,"enemies":"Centurion and Healer","floor":22.0,"turns":7.0},{"damage":52.0,"enemies":"Book of Stabbing","floor":23.0,"turns":6.0},{"damage":33.0,"enemies":"Snake Plant","floor":31.0,"turns":5.0},{"damage":31.0,"enemies":"Champ","floor":33.0,"turns":15.0},{"damage":0.0,"enemies":"Orb Walker","floor":35.0,"turns":6.0},{"damage":12.0,"enemies":"Mind Bloom Boss Battle","floor":38.0,"turns":10.0},{"damage":6.0,"enemies":"3 Darklings","floor":39.0,"turns":7.0},{"damage":37.0,"enemies":"Reptomancer","floor":40.0,"turns":9.0},{"damage":0,"enemies":"Sphere and 2 Shapes","floor":42,"turns":5},{"damage":40,"enemies":"Nemesis","floor":45,"turns":11},{"damage":21,"enemies":"Maw","floor":46,"turns":8},{"damage":9,"enemies":"Reptomancer","floor":47,"turns":2}],"seed_played":"-9160645566472975684","potions_obtained":[{"floor":6.0,"key":"Energy Potion"},{"floor":8.0,"key":"SteroidPotion"},{"floor":12.0,"key":"GamblersBrew"},{"floor":16.0,"key":"SkillPotion"},{"floor":19.0,"key":"Swift Potion"},{"floor":22.0,"key":"Explosive Potion"},{"floor":25.0,"key":"Fruit Juice"},{"floor":31.0,"key":"ColorlessPotion"},{"floor":35.0,"key":"SpeedPotion"},{"floor":38.0,"key":"LiquidMemories"},{"floor":42,"key":"Fire Potion"},{"floor":45,"key":"Fruit Juice"}],"is_trial":false,"path_per_floor":["M","?","$","M","M","E","R","E","T","R","M","E","?","?","R","B",null,"M","M","$","?","M","E","?","?","T","R","?","R","?","M","R","B",null,"M","$","?","?","M","E","R","M","T","R","E","M","E"],"character_chosen":"DEFECT","items_purchased":["Membership Card","Sunder","OrangePellets","War Paint","Whetstone"],"campfire_rested":5,"item_purchase_floors":[20,20,36,36,36],"current_hp_per_floor":[69,69,69,69,62,43,43,33,33,56,46,38,27,22,45,27,65,64,64,64,64,60,8,8,13,13,37,37,37,37,4,43,12,65,65,80,80,68,62,25,25,25,25,64,29,8,0,0],"gold":185,"neow_bonus":"TEN_PERCENT_HP_BONUS","is_daily":false,"chose_seed":false,"campfire_upgraded":2,"win_rate":0.0,"timestamp":1614052433,"path_taken":["M","?","$","M","M","E","R","E","T","R","M","E","?","?","R","BOSS","M","M","$","?","M","E","?","?","T","R","?","R","?","M","R","BOSS","M","$","?","?","M","E","R","M","T","R","E","M","E"],"items_purchased_type":["Relic","Card","Relic","Relic","Relic"],"build_version":"2020-12-22","purchased_purges":3,"victory":false,"max_hp_per_floor":[78,78,78,78,78,78,78,78,78,78,78,78,78,78,78,78,78,78,78,78,78,78,78,78,83,83,83,83,83,83,83,83,83,83,83,83,83,83,83,83,83,83,83,83,88,88,88,88],"relic_stats":{"Regal Pillow":30,"Inserter":[29],"counters":[23,149],"Astrolabe":["FTL","Aggregate","Stack"],"Juzu Bracelet":2,"Whetstone":["Sunder","Go for the Eyes"],"War Paint":["Consume","Coolheaded"],"MawBank":168,"WarpedTongs":[144],"OrangePellets":[2],"Nunchaku":[2],"Shovel":0,"MealTicket":15,"Prayer Wheel":3,"obtain_stats":[{"Potion Belt":43,"Girya":12,"Regal Pillow":30,"Inserter":34,"Astrolabe":17,"Juzu Bracelet":8,"Whetstone":36,"Odd Mushroom":14,"War Paint":36,"MawBank":6,"WarpedTongs":2,"OrangePellets":36,"Nunchaku":45,"HornCleat":26,"Shovel":40,"MealTicket":23,"Prayer Wheel":38,"Membership Card":20,"Cracked Core":0},{"Potion Belt":20,"Girya":7,"Regal Pillow":13,"Inserter":15,"Astrolabe":9,"Juzu Bracelet":5,"Whetstone":16,"Odd Mushroom":8,"War Paint":16,"MawBank":4,"WarpedTongs":1,"OrangePellets":16,"Nunchaku":21,"HornCleat":13,"Shovel":19,"MealTicket":13,"Prayer Wheel":17,"Membership Card":11,"Cracked Core":0},{"Potion Belt":128,"Girya":34,"Regal Pillow":71,"Inserter":91,"Astrolabe":48,"Juzu Bracelet":24,"Whetstone":97,"Odd Mushroom":37,"War Paint":97,"MawBank":17,"WarpedTongs":4,"OrangePellets":97,"Nunchaku":139,"HornCleat":71,"Shovel":123,"MealTicket":71,"Prayer Wheel":107,"Membership Card":58,"Cracked Core":0}]},"card_choices":[{"not_picked":["Heatsinks","Leap"],"picked":"Conserve Battery","floor":1.0},{"not_picked":["Aggregate","Turbo"],"picked":"Doom and Gloom","floor":4.0},{"not_picked":["Double Energy","Stack"],"picked":"Beam Cell","floor":5.0},{"not_picked":["Go for the Eyes","Stack"],"picked":"Hologram","floor":6.0},{"not_picked":["Recycle","Storm"],"picked":"Genetic Algorithm","floor":8.0},{"not_picked":["Rainbow","Scrape"],"picked":"Reinforced Body","floor":11.0},{"not_picked":["Beam Cell","Rebound"],"picked":"Ball Lightning","floor":12.0},{"not_picked":["Streamline","Leap"],"picked":"Consume","floor":14.0},{"not_picked":["Rainbow","Meteor Strike"],"picked":"Buffer","floor":16.0},{"not_picked":["Beam Cell","Hologram+1"],"picked":"Chill","floor":18.0},{"not_picked":["Gash","Turbo"],"picked":"FTL+1","floor":19.0},{"not_picked":["Go for the Eyes","Rebound"],"picked":"Coolheaded","floor":22.0},{"not_picked":["Compile Driver+1","Turbo"],"picked":"Echo Form","floor":23.0},{"not_picked":["Reprogram","Genetic Algorithm"],"picked":"Go for the Eyes","floor":31.0},{"not_picked":["Hyperbeam","Biased Cognition"],"picked":"Electrodynamics","floor":33.0},{"not_picked":["Skim","Gash"],"picked":"Turbo","floor":35.0},{"not_picked":["Genetic Algorithm","Sweeping Beam"],"picked":"Glacier","floor":39.0},{"not_picked":["BootSequence","Rebound","Conserve Battery+1"],"picked":"SKIP","floor":39.0},{"not_picked":["White Noise","Chaos"],"picked":"Skim","floor":40},{"not_picked":["Darkness+1","Chill","Sweeping Beam"],"picked":"SKIP","floor":42},{"not_picked":["Streamline","Heatsinks+1","Aggregate"],"picked":"SKIP","floor":42},{"not_picked":["Doom and Gloom","Electrodynamics"],"picked":"Recycle","floor":45},{"not_picked":["Reinforced Body","Barrage"],"picked":"BootSequence+1","floor":46},{"not_picked":["Leap+1","Gash","Reinforced Body"],"picked":"SKIP","floor":46}],"player_experience":2343241,"relics_obtained":[{"floor":6.0,"key":"MawBank"},{"floor":8.0,"key":"Juzu Bracelet"},{"floor":12.0,"key":"Girya"},{"floor":14.0,"key":"Odd Mushroom"},{"floor":23.0,"key":"MealTicket"},{"floor":26.0,"key":"HornCleat"},{"floor":38.0,"key":"Prayer Wheel"},{"floor":40,"key":"Shovel"},{"floor":43,"key":"Potion Belt"},{"floor":45,"key":"Nunchaku"}],"event_choices":[{"damage_healed":0.0,"max_hp_gain":0.0,"max_hp_loss":0.0,"gold_gain":0.0,"event_name":"Accursed Blacksmith","player_choice":"Rummage","floor":2.0,"gold_loss":0.0,"damage_taken":0.0,"relics_obtained":["WarpedTongs"],"cards_obtained":["Pain"]},{"damage_healed":0.0,"max_hp_gain":0.0,"max_hp_loss":0.0,"gold_gain":75.0,"event_name":"World of Goop","player_choice":"Gather Gold","floor":13.0,"gold_loss":0.0,"damage_taken":11.0},{"damage_healed":0.0,"max_hp_gain":0.0,"max_hp_loss":0.0,"gold_gain":0.0,"event_name":"Mushrooms","player_choice":"Fought Mushrooms","floor":14.0,"gold_loss":0.0,"damage_taken":0.0},{"damage_healed":0.0,"max_hp_gain":0.0,"max_hp_loss":0.0,"gold_gain":0.0,"event_name":"The Library","player_choice":"Read","floor":21.0,"gold_loss":0.0,"damage_taken":0.0,"cards_obtained":["Ball Lightning"]},{"damage_healed":0.0,"max_hp_gain":0.0,"max_hp_loss":0.0,"gold_gain":0.0,"event_name":"Ghosts","player_choice":"Ignored","floor":24.0,"gold_loss":0.0,"damage_taken":0.0},{"damage_healed":0.0,"max_hp_gain":0.0,"max_hp_loss":0.0,"gold_gain":0.0,"event_name":"The Woman in Blue","player_choice":"Bought 1 Potion","floor":25.0,"gold_loss":0.0,"damage_taken":0.0},{"damage_healed":0.0,"max_hp_gain":0.0,"max_hp_loss":0.0,"gold_gain":0.0,"event_name":"Vampires","player_choice":"Ignored","floor":28.0,"gold_loss":0.0,"damage_taken":0.0},{"damage_healed":0.0,"max_hp_gain":0.0,"max_hp_loss":0.0,"gold_gain":0.0,"event_name":"Addict","player_choice":"Obtained Relic","floor":30.0,"gold_loss":85.0,"damage_taken":0.0,"relics_obtained":["Regal Pillow"]},{"cards_removed":["Defend_B"],"damage_healed":0.0,"max_hp_gain":0.0,"max_hp_loss":0.0,"gold_gain":0.0,"event_name":"Falling","player_choice":"Removed Skill","floor":37.0,"gold_loss":0.0,"damage_taken":0.0},{"damage_healed":0.0,"max_hp_gain":0.0,"max_hp_loss":0.0,"gold_gain":0.0,"event_name":"MindBloom","player_choice":"Fight","floor":38.0,"gold_loss":0.0,"damage_taken":0.0}],"is_beta":false,"boss_relics":[{"not_picked":["Sozu","Philosopher\u0027s Stone"],"picked":"Astrolabe"},{"not_picked":["FrozenCore","Snecko Eye"],"picked":"Inserter"}],"items_purged_floors":[3,20,36],"is_endless":false,"potions_floor_spawned":[6,8,12,16,19,22,31,35,38,42,45],"killed_by":"Reptomancer","ascension_level":20}}