{"host":"ghnln56zhm0b0ozo","time":1614091335,"event":{"mods":["Bard","BaseMod","Block Reminder","Hermit","Marisa????????","Minty Spire (QoL Compilation)","Potionbrewer","Prisma Mod","READ ME - Snecko Mod","Rare Cards Sparkle","Relic Stats","StSLib","The Bug Knight","The Cursed","The Death Knight","The Forsaken","The Servant 0.9.4","The Wild Card","TheVacant","Waifu the Spire"],"gold_per_floor":[113,213,70,83,93,93,120,147,147,147,147,177,177,194,194,299,299,319,234,249,180,191,191,191,219,219,219,248,248,248,0,0,0,0],"floor_reached":33,"language":"ENG","playtime":1453,"items_purged":[],"score":355,"play_id":"e3b231e0-4fe1-4e0c-b0e9-b74e08c4bad2","local_time":"20210223164215","is_ascension_mode":true,"campfire_choices":[{"floor":13,"key":"REST"},{"floor":15,"key":"REST"},{"data":"HollowMod:SiblingsShadow","floor":23,"key":"SMITH"},{"data":"HollowMod:MantisMark","floor":24,"key":"SMITH"},{"data":"HollowMod:PogoStrike","floor":27,"key":"SMITH"},{"floor":30,"key":"REST"},{"floor":32,"key":"REST"}],"circlet_count":0,"master_deck":["HollowMod:QuickDashStart","HollowMod:QuickDashStart","HollowMod:QuickDashStart","HollowMod:QuickDashStart","HollowMod:FocusHealStart","HollowMod:PogoStrike+1","HollowMod:AbyssShriek","HollowMod:DoubleDash","HollowMod:VengefulVoid+1","HollowMod:CloakDash","HollowMod:CoiledNail","HollowMod:SiblingsShadow+1","HollowMod:ElderbugsWisdom","HollowMod:DescendingDark","Regret","HollowMod:MantisMark+1","HollowMod:DescendingDark","HollowMod:Hiveblood","HollowMod:GoodIntentions+1","HollowMod:DescendingDark","HollowMod:ShadowDash+1","HollowMod:ShadowDash","Bite","Bite","Bite","Bite","Bite"],"relics":["HollowMod:VesselMask","Vajra","potionbrewer:BoosterPack","HollowMod:LifeEnderRelic","Art of War","Pantograph","DeathKnight:SindragosasSkull","Omamori","Calling Bell","Ancient Tea Set","Blue Candle","WingedGreaves","Unceasing Top","potionbrewer:BottledElixir","Question Card","Anchor"],"acts_visited":["Exordium","TheCity"],"potions_floor_usage":[16,16,25,28,33,33],"damage_taken":[{"damage":6,"enemies":"Jaw Worm","floor":1,"turns":5},{"damage":2,"enemies":"Cultist","floor":4,"turns":3},{"damage":3,"enemies":"Small Slimes","floor":5,"turns":2},{"damage":15,"enemies":"3 Sentries","floor":8,"turns":3},{"damage":32,"enemies":"Gremlin Nob","floor":12,"turns":4},{"damage":7,"enemies":"Exordium Wildlife","floor":14,"turns":3},{"damage":59,"enemies":"Hexaghost","floor":16,"turns":10},{"damage":30,"enemies":"Shell Parasite","floor":18,"turns":5},{"damage":22,"enemies":"3 Byrds","floor":20,"turns":3},{"damage":5,"enemies":"3 Cultists","floor":22,"turns":3},{"damage":1,"enemies":"Gremlin Leader","floor":25,"turns":4},{"damage":40,"enemies":"Book of Stabbing","floor":28,"turns":5},{"damage":101,"enemies":"HollowMod:NKGrimm","floor":33,"turns":14}],"seed_played":"4259384372265068825","potions_obtained":[{"floor":1,"key":"Dexterity Potion"},{"floor":8,"key":"LiquidBronze"},{"floor":16,"key":"potionbrewer:NoxiousPotion"},{"floor":22,"key":"SpeedPotion"},{"floor":25,"key":"Weak Potion"},{"floor":28,"key":"SkillPotion"}],"is_trial":false,"path_per_floor":["M","?","$","M","M","?","T","E","T","?","?","E","R","M","R","B",null,"M","?","M","?","M","R","R","E","T","R","E","?","R","?","R","B"],"character_chosen":"THE_BUGKNIGHT","items_purchased":["potionbrewer:BoosterPack"],"campfire_rested":4,"item_purchase_floors":[3],"current_hp_per_floor":[70,70,70,68,65,65,65,50,50,35,35,3,25,18,40,6,75,50,50,28,48,43,43,43,42,42,42,14,14,29,29,44,0,0],"gold":0,"neow_bonus":"RANDOM_COMMON_RELIC","is_daily":false,"chose_seed":false,"campfire_upgraded":3,"win_rate":0.0,"timestamp":1614091335,"path_taken":["M","?","$","M","?","?","?","E","T","?","?","E","R","M","R","BOSS","M","?","M","?","?","R","R","E","T","R","E","?","R","?","R","BOSS"],"items_purchased_type":["Relic"],"build_version":"2020-12-22","purchased_purges":0,"victory":false,"max_hp_per_floor":[75,75,75,75,75,75,75,75,75,75,75,75,75,75,75,75,75,75,75,75,75,75,75,75,75,75,75,75,52,52,52,52,52,52],"relic_stats":{"counters":[29,121],"Pantograph":33,"Blue Candle":[5],"Art of War":[5],"Question Card":1,"obtain_stats":[{"HollowMod:LifeEnderRelic":6,"Blue Candle":17,"Vajra":0,"HollowMod:VesselMask":0,"Omamori":12,"Ancient Tea Set":17,"Question Card":26,"Calling Bell":17,"Anchor":28,"potionbrewer:BoosterPack":3,"Pantograph":8,"WingedGreaves":17,"Art of War":7,"potionbrewer:BottledElixir":25,"Unceasing Top":19,"DeathKnight:SindragosasSkull":9},{"HollowMod:LifeEnderRelic":19,"Blue Candle":23,"Vajra":16,"HollowMod:VesselMask":0,"Omamori":21,"Ancient Tea Set":23,"Question Card":27,"Calling Bell":23,"Anchor":28,"potionbrewer:BoosterPack":17,"Pantograph":20,"WingedGreaves":23,"Art of War":19,"potionbrewer:BottledElixir":27,"Unceasing Top":24,"DeathKnight:SindragosasSkull":20},{"HollowMod:LifeEnderRelic":67,"Blue Candle":87,"Vajra":57,"HollowMod:VesselMask":0,"Omamori":74,"Ancient Tea Set":87,"Question Card":102,"Calling Bell":87,"Anchor":107,"potionbrewer:BoosterPack":62,"Pantograph":70,"WingedGreaves":87,"Art of War":67,"potionbrewer:BottledElixir":102,"Unceasing Top":92,"DeathKnight:SindragosasSkull":70}],"Unceasing Top":[1]},"card_choices":[{"not_picked":["HollowMod:DesolateDive","HollowMod:BaldurShell"],"picked":"HollowMod:AbyssShriek","floor":1},{"not_picked":["HollowMod:BaldurShell","HollowMod:SoulVessel","HollowMod:InfectedAttack"],"picked":"SKIP","floor":4},{"not_picked":["HollowMod:FastStrike","HollowMod:Grubsong"],"picked":"HollowMod:DescendingDark","floor":5},{"not_picked":["HollowMod:QuirrelsAssistance","HollowMod:TaintedHusks"],"picked":"HollowMod:MantisMark","floor":8},{"not_picked":["HollowMod:SoulStrike","HollowMod:LifebloodCocoon"],"picked":"HollowMod:DescendingDark","floor":12},{"not_picked":["HollowMod:SoulSplash","HollowMod:HowlingWraiths","HollowMod:QuirrelsAssistance"],"picked":"SKIP","floor":14},{"not_picked":["HollowMod:Weaversong","HollowMod:HerrahsAnger"],"picked":"HollowMod:Hiveblood","floor":16},{"not_picked":["HollowMod:LifebloodCocoon","HollowMod:CornifersMapStart","HollowMod:HowlingWraiths"],"picked":"SKIP","floor":18},{"not_picked":["HollowMod:InfectedAttack","HollowMod:MawleksShell"],"picked":"HollowMod:GoodIntentions+1","floor":20},{"not_picked":["HollowMod:AbyssShriek","HollowMod:DashSlash+1"],"picked":"HollowMod:DescendingDark","floor":22},{"not_picked":["HollowMod:NewInfectedGuardian","HollowMod:DashSlash"],"picked":"HollowMod:ShadowDash+1","floor":25},{"not_picked":["HollowMod:PureNailStrike","HollowMod:SoulEater","HollowMod:MonarchWings"],"picked":"HollowMod:ShadowDash","floor":28}],"player_experience":181848,"relics_obtained":[{"floor":7,"key":"Art of War"},{"floor":8,"key":"Pantograph"},{"floor":9,"key":"DeathKnight:SindragosasSkull"},{"floor":12,"key":"Omamori"},{"floor":17,"key":"Ancient Tea Set"},{"floor":17,"key":"Blue Candle"},{"floor":17,"key":"WingedGreaves"},{"floor":25,"key":"potionbrewer:BottledElixir"},{"floor":26,"key":"Question Card"},{"floor":28,"key":"Anchor"}],"event_choices":[{"damage_healed":0,"gold_gain":100,"player_choice":"Pray","damage_taken":0,"max_hp_gain":0,"max_hp_loss":0,"event_name":"Golden Shrine","floor":2,"gold_loss":0},{"damage_healed":0,"gold_gain":0,"player_choice":"Box","damage_taken":0,"relics_obtained":["HollowMod:LifeEnderRelic"],"max_hp_gain":0,"max_hp_loss":0,"event_name":"Big Fish","floor":6,"gold_loss":0,"cards_obtained":["Regret"]},{"damage_healed":0,"gold_gain":0,"player_choice":"Entered Light","damage_taken":15,"max_hp_gain":0,"max_hp_loss":0,"event_name":"Shining Light","floor":10,"gold_loss":0,"cards_upgraded":["HollowMod:NailStrikeStart","HollowMod:VengefulVoid"]},{"damage_healed":0,"gold_gain":0,"player_choice":"Obtained Relic","damage_taken":0,"relics_obtained":["Unceasing Top"],"max_hp_gain":0,"max_hp_loss":0,"event_name":"Addict","floor":19,"gold_loss":85},{"damage_healed":0,"gold_gain":0,"player_choice":"Became a vampire","damage_taken":0,"max_hp_gain":0,"max_hp_loss":23,"event_name":"Vampires","floor":29,"gold_loss":0,"cards_obtained":["Bite","Bite","Bite","Bite","Bite"]},{"damage_healed":0,"gold_gain":0,"player_choice":"Paid Fearfully","damage_taken":0,"max_hp_gain":0,"max_hp_loss":0,"event_name":"Masked Bandits","floor":31,"gold_loss":248}],"is_beta":false,"boss_relics":[{"not_picked":["Pandora\u0027s Box","Black Star"],"picked":"Calling Bell"}],"items_purged_floors":[],"is_endless":false,"potions_floor_spawned":[1,8,16,22,25,28],"killed_by":"HollowMod:NKGrimm","ascension_level":1}}