{"host":"zuf44wbx6j0c4h1p","time":1614113560,"event":{"mods":["2.2 Compatiblity","Aspiration","BaseMod","Bossed Relics","Infinite Spire","Minty Spire (QoL Compilation)","Replay The Spire","SCP261 Mod","Shapeshifter Mod","Shop Mod","Small Relic Pack","Spicy Shops","Spire Arcade","StSLib","Uncapped","Wandering Minibosses","thorton"],"gold_per_floor":[118,128,128,128,144,175,175,200,200,218,7,19,29,29,29,131,131,147,30,41,41,41],"floor_reached":21,"language":"ENG","playtime":1308,"items_purged":["StSShapeShifter:ShapeShifter_Strike"],"score":191,"play_id":"a579a93d-35ef-4f22-b14d-b2406612a1ab","local_time":"20210223145240","is_ascension_mode":false,"campfire_choices":[{"floor":7.0,"key":"REST"}],"circlet_count":0,"master_deck":["StSShapeShifter:ShapeShifter_Strike","StSShapeShifter:ShapeShifter_Strike","StSShapeShifter:ShapeShifter_Strike","StSShapeShifter:ShapeShifter_Strike","StSShapeShifter:ShapeShifter_Defend","StSShapeShifter:ShapeShifter_Defend","StSShapeShifter:ShapeShifter_Defend","StSShapeShifter:ShapeShifter_Defend","StSShapeShifter:ShapeShifter_Defend","StSShapeShifter:Tortoise_Form","StSShapeShifter:Lynx_Form","StSShapeShifter:PantherForm","StSShapeShifter:Wildfire2","StSShapeShifter:PoisonIvy","StSShapeShifter:VineHandcuffs+1","StSShapeShifter:BarkSkin","StSShapeShifter:BurstingSpore","Discovery","StSShapeShifter:MonkeyForm","StSShapeShifter:ThornedSkin","StSShapeShifter:Summer","AbeCurse","StSShapeShifter:VineHandcuffs+1","StSShapeShifter:Ensconce","StSShapeShifter:PantherForm"],"relics":["StSShapeShifter:AnimalHeart","StSShapeShifter:TheShapeShiftersMagnolia","aspiration:BabyByrd","Tiny Chest","Sundial","StSShapeShifter:WristwrapsOfDiscovery","Replay:Grab Bag","Abe\u0027s Treasure","ChewingGum","thethorton:BottledFunds"],"acts_visited":["Exordium","TheCity"],"potions_floor_usage":[],"damage_taken":[{"damage":0.0,"enemies":"2 Louse","floor":1.0,"turns":2.0},{"damage":0.0,"enemies":"Small Slimes","floor":2.0,"turns":2.0},{"damage":19.0,"enemies":"Jaw Worm","floor":5.0,"turns":6.0},{"damage":33.0,"enemies":"3 Sentries","floor":6.0,"turns":8.0},{"damage":9.0,"enemies":"Replay:BlueRogue","floor":8.0,"turns":6.0},{"damage":7.0,"enemies":"Lots of Slimes","floor":10.0,"turns":3.0},{"damage":0.0,"enemies":"3 Louse","floor":12.0,"turns":1.0},{"damage":15.0,"enemies":"Large Slime","floor":13.0,"turns":4.0},{"damage":41.0,"enemies":"The Guardian","floor":16.0,"turns":10.0},{"damage":20.0,"enemies":"Shell Parasite","floor":18.0,"turns":7.0},{"damage":2.0,"enemies":"3 Byrds","floor":20.0,"turns":7.0},{"damage":68,"enemies":"Masked Bandits","floor":21,"turns":3}],"seed_played":"-6736340196248917846","potions_obtained":[{"floor":2.0,"key":"Explosive Potion"},{"floor":5.0,"key":"Milkshake"},{"floor":8.0,"key":"StSShapeShifter:PolyBeastPotion"},{"floor":16.0,"key":"SkillPotion"}],"is_trial":false,"path_per_floor":["M","M","?","?","M","E","R","E","T","M","$","M","M","$","R","B",null,"M","$","M","?"],"character_chosen":"SHAPESHIFTER","items_purchased":["Discovery","StSShapeShifter:Ensconce"],"campfire_rested":1,"item_purchase_floors":[11,19],"current_hp_per_floor":[85,85,85,85,66,33,58,49,49,42,42,42,34,34,59,18,85,65,65,63,0,0],"gold":41,"neow_bonus":"TEN_PERCENT_HP_BONUS","is_daily":false,"chose_seed":false,"campfire_upgraded":0,"win_rate":0.0,"timestamp":1614113560,"path_taken":["M","M","?","?","M","E","R","E","T","M","$","M","M","?","R","BOSS","M","?","M","?"],"items_purchased_type":["Card","Card"],"build_version":"2020-12-22","purchased_purges":1,"victory":false,"max_hp_per_floor":[85,85,85,85,85,85,85,85,85,85,85,85,85,85,85,85,85,85,85,85,85,85],"card_choices":[{"not_picked":["StSShapeShifter:EagleForm","StSShapeShifter:Maul"],"picked":"StSShapeShifter:PantherForm","floor":1.0},{"not_picked":["StSShapeShifter:Maul","StSShapeShifter:Sapling"],"picked":"StSShapeShifter:Wildfire2","floor":2.0},{"not_picked":["StSShapeShifter:OakBlade","StSShapeShifter:ThornToss"],"picked":"StSShapeShifter:PoisonIvy","floor":5.0},{"not_picked":["StSShapeShifter:SquirrelForm","StSShapeShifter:TopazSkin"],"picked":"StSShapeShifter:VineHandcuffs","floor":6.0},{"not_picked":["StSShapeShifter:ThornedSkin","StSShapeShifter:OwlForm"],"picked":"StSShapeShifter:BarkSkin","floor":8.0},{"not_picked":["StSShapeShifter:ThornToss","StSShapeShifter:Roar"],"picked":"StSShapeShifter:BurstingSpore","floor":10.0},{"not_picked":["StSShapeShifter:SunflowerShuriken","StSShapeShifter:DeerForm"],"picked":"StSShapeShifter:MonkeyForm","floor":12.0},{"not_picked":["StSShapeShifter:HippoForm","StSShapeShifter:Mystical_Branch"],"picked":"StSShapeShifter:ThornedSkin","floor":13.0},{"not_picked":["StSShapeShifter:RestoreBalance","StSShapeShifter:Flood"],"picked":"StSShapeShifter:Summer","floor":16.0},{"not_picked":["StSShapeShifter:MonkeyForm","StSShapeShifter:PantherForm"],"picked":"StSShapeShifter:VineHandcuffs+1","floor":18.0},{"not_picked":["StSShapeShifter:HippoForm","StSShapeShifter:BearForm"],"picked":"StSShapeShifter:PantherForm","floor":20}],"player_experience":68762,"relics_obtained":[{"floor":6.0,"key":"Tiny Chest"},{"floor":8.0,"key":"Sundial"},{"floor":9.0,"key":"StSShapeShifter:WristwrapsOfDiscovery"}],"event_choices":[{"damage_healed":0,"gold_gain":0,"player_choice":"Fought Bandits","damage_taken":0,"max_hp_gain":0,"max_hp_loss":0,"event_name":"Masked Bandits","floor":21,"gold_loss":0}],"is_beta":false,"boss_relics":[{"not_picked":["Philosopher\u0027s Stone","aspiration:SilentSkillbook"],"picked":"Replay:Grab Bag"},{"not_picked":["Ectoplasm","aspiration:FutureDiary"],"picked":"Abe\u0027s Treasure"},{"not_picked":["Sozu","Replay:Bronze Core"],"picked":"ChewingGum"},{"not_picked":["Calling Bell","relicPack:StarArrow"],"picked":"thethorton:BottledFunds"}],"items_purged_floors":[11],"is_endless":false,"potions_floor_spawned":[2,5,8,16],"killed_by":"Masked Bandits","ascension_level":0}}