{"host":"at5b10nm0iti0w4x","time":1614124302,"event":{"mods":["2.2 Compatiblity","AchievementEnabler","BaseMod","Bestiary","Block Reminder","Colored Map","Colored Powertips","Highlight Path","Keyboard Shortcuts","Minty Spire (QoL Compilation)","Quick Restart","Relic Stats","Slay the Relics Exporter","StSLib","SuperFastMode","Unknown Chances"],"gold_per_floor":[117,42,42,60,60,60,80,80,80,114,126,142,142,142,142,244,244,261,1,1,1,1,32,32,32,32],"floor_reached":25,"language":"ENG","playtime":459,"items_purged":["Shame"],"score":217,"play_id":"0c702d82-49a3-4f86-8208-c4a8fe224972","local_time":"20210223185142","is_ascension_mode":false,"campfire_choices":[{"data":"Armaments","floor":6,"key":"SMITH"},{"data":"Armaments","floor":8,"key":"SMITH"},{"floor":15,"key":"REST"},{"floor":24,"key":"REST"}],"circlet_count":0,"master_deck":["Strike_R","Strike_R","Strike_R","Strike_R","Defend_R","Defend_R","Defend_R","Defend_R","Bash","The Bomb","Armaments+1","Spot Weakness","Armaments+1","Power Through","Battle Trance","Juggernaut","Impervious","Shrug It Off","Body Slam+1"],"relics":["Burning Blood","Darkstone Periapt","Strawberry","Dream Catcher","Black Star","Mummified Hand","Boot","Frozen Egg 2","Toy Ornithopter"],"acts_visited":["Exordium","TheCity"],"potions_floor_usage":[23],"damage_taken":[{"damage":10,"enemies":"Jaw Worm","floor":1,"turns":4},{"damage":9,"enemies":"Small Slimes","floor":4,"turns":4},{"damage":11,"enemies":"2 Louse","floor":7,"turns":3},{"damage":35,"enemies":"Gremlin Nob","floor":10,"turns":5},{"damage":7,"enemies":"2 Fungi Beasts","floor":11,"turns":4},{"damage":16,"enemies":"Lots of Slimes","floor":12,"turns":5},{"damage":14,"enemies":"Hexaghost","floor":16,"turns":10},{"damage":40,"enemies":"Chosen","floor":18,"turns":7},{"damage":30,"enemies":"Slavers","floor":23,"turns":3},{"damage":65,"enemies":"Gremlin Leader","floor":25,"turns":4}],"seed_played":"-3811050323744467362","potions_obtained":[{"floor":4,"key":"FearPotion"},{"floor":7,"key":"Ancient Potion"},{"floor":11,"key":"LiquidMemories"}],"is_trial":false,"path_per_floor":["M","$","?","M","?","R","M","R","T","E","M","M","?","$","R","B",null,"M","$","?","?","$","E","R","E"],"character_chosen":"IRONCLAD","items_purchased":["Mummified Hand"],"campfire_rested":2,"item_purchase_floors":[19],"current_hp_per_floor":[76,76,76,73,66,66,61,61,61,39,38,28,21,21,47,39,87,53,53,53,53,53,29,55,0,0],"gold":32,"neow_bonus":"RANDOM_COLORLESS_2","is_daily":false,"chose_seed":false,"campfire_upgraded":2,"win_rate":0.0,"timestamp":1614124302,"path_taken":["M","$","?","M","?","R","M","R","T","E","M","M","?","?","R","BOSS","M","$","?","?","$","E","R","E"],"items_purchased_type":["Relic"],"build_version":"2020-12-22","purchased_purges":1,"victory":false,"max_hp_per_floor":[80,80,80,80,80,80,80,80,80,87,87,87,87,87,87,87,87,87,87,87,87,87,87,87,87,87],"relic_stats":{"Darkstone Periapt":0,"Dream Catcher":2,"counters":[10,49],"Mummified Hand":[1],"Black Star":1,"Boot":[0],"obtain_stats":[{"Darkstone Periapt":9,"Dream Catcher":13,"Mummified Hand":19,"Strawberry":10,"Black Star":17,"Frozen Egg 2":23,"Boot":21,"Burning Blood":0,"Toy Ornithopter":23},{"Darkstone Periapt":3,"Dream Catcher":6,"Mummified Hand":8,"Strawberry":4,"Black Star":7,"Frozen Egg 2":9,"Boot":8,"Burning Blood":0,"Toy Ornithopter":9},{"Darkstone Periapt":11,"Dream Catcher":25,"Mummified Hand":42,"Strawberry":16,"Black Star":35,"Frozen Egg 2":45,"Boot":42,"Burning Blood":0,"Toy Ornithopter":45}],"Burning Blood":54,"Toy Ornithopter":0},"card_choices":[{"not_picked":["Mayhem","Chrysalis"],"picked":"The Bomb","floor":0},{"not_picked":["Pommel Strike","Dark Embrace"],"picked":"Armaments","floor":1},{"not_picked":["Perfected Strike","Infernal Blade"],"picked":"Spot Weakness","floor":4},{"not_picked":["Havoc","Headbutt"],"picked":"Armaments","floor":7},{"not_picked":["Headbutt","Heavy Blade","Havoc"],"picked":"SKIP","floor":10},{"not_picked":["Body Slam","Thunderclap"],"picked":"Power Through","floor":11},{"not_picked":["Iron Wave","Whirlwind"],"picked":"Battle Trance","floor":12},{"not_picked":["Flex","Intimidate"],"picked":"Juggernaut","floor":15},{"not_picked":["Immolate","Fiend Fire"],"picked":"Impervious","floor":16},{"not_picked":["Thunderclap","Ghostly Armor"],"picked":"Shrug It Off","floor":18},{"not_picked":["Iron Wave","Burning Pact","Searing Blow"],"picked":"SKIP","floor":23},{"not_picked":["Rage+1","Cleave+1"],"picked":"Body Slam+1","floor":24}],"player_experience":125215,"relics_obtained":[{"floor":9,"key":"Darkstone Periapt"},{"floor":10,"key":"Strawberry"},{"floor":23,"key":"Frozen Egg 2"},{"floor":23,"key":"Toy Ornithopter"}],"event_choices":[{"damage_healed":0,"gold_gain":0,"player_choice":"Leave","damage_taken":0,"max_hp_gain":0,"max_hp_loss":0,"event_name":"The Cleric","floor":3,"gold_loss":0},{"cards_removed":["Strike_R"],"damage_healed":0,"gold_gain":0,"player_choice":"Card Removal","damage_taken":7,"max_hp_gain":0,"max_hp_loss":0,"event_name":"Golden Wing","floor":5,"gold_loss":0},{"damage_healed":0,"gold_gain":0,"player_choice":"Success","damage_taken":7,"relics_obtained":["Dream Catcher"],"max_hp_gain":0,"max_hp_loss":0,"event_name":"Scrap Ooze","floor":13,"gold_loss":0},{"damage_healed":0,"gold_gain":0,"player_choice":"Ignored","damage_taken":0,"max_hp_gain":0,"max_hp_loss":0,"event_name":"Cursed Tome","floor":20,"gold_loss":0},{"damage_healed":0,"gold_gain":0,"player_choice":"Opened","damage_taken":0,"relics_obtained":["Boot"],"max_hp_gain":0,"max_hp_loss":0,"event_name":"The Mausoleum","floor":21,"gold_loss":0}],"is_beta":false,"boss_relics":[{"not_picked":["Philosopher\u0027s Stone","Snecko Eye"],"picked":"Black Star"}],"items_purged_floors":[2],"is_endless":false,"potions_floor_spawned":[4,7,11,12,18],"killed_by":"Gremlin Leader","ascension_level":0}}