{"host":"agl6880ykeaxaurv","time":1614097844,"event":{"mods":["AchievementEnabler","BaseMod","Colored Map","Colored Powertips","Downfall","Hermit","Highlight Path","Infinite Spire","Minty Spire (QoL Compilation)","Quick Restart","Robot Space Explorer","StSLib","The Cursed","The Disciple","The Runesmith","The Servant 0.9.4"],"gold_per_floor":[118,118,118,118,9,37,37,65,65,77,90,119,119,148,148,250,250,261,261,280,280,299,299,299],"floor_reached":23,"language":"ENG","playtime":920,"items_purged":[],"score":294,"play_id":"1d2fcbc6-a587-4cb4-bfdc-97ad32f6c5a4","local_time":"20210223163044","is_ascension_mode":true,"campfire_choices":[{"floor":7.0,"key":"RECALL"},{"data":"Armaments","floor":13.0,"key":"SMITH"},{"data":"Feel No Pain","floor":15.0,"key":"SMITH"}],"circlet_count":0,"master_deck":["Strike_R","Strike_R","Strike_R","Strike_R","Strike_R","Defend_R","Defend_R","Defend_R","Bash","Perfected Strike","Double Tap","Power Through","Ghostly Armor","Armaments+1","Feel No Pain+1","Ghostly Armor","Reckless Charge","Armaments","Demon Form","Wild Strike","Fire Breathing"],"relics":["Burning Blood","NeowsBlessing","infinitespire:Beetle Shell","Blood Vial","Vajra","Red Skull","infinitespire:PuzzleCube","infinitespire:ShieldingShard","SacredBark","infinitespire:Lucky Rock"],"acts_visited":["Exordium","TheCity"],"potions_floor_usage":[],"damage_taken":[{"damage":0.0,"enemies":"Jaw Worm","floor":1.0,"turns":1.0},{"damage":0.0,"enemies":"Lagavulin","floor":6.0,"turns":1.0},{"damage":0.0,"enemies":"3 Sentries","floor":8.0,"turns":2.0},{"damage":0.0,"enemies":"2 Louse","floor":10.0,"turns":3.0},{"damage":0.0,"enemies":"Small Slimes","floor":11.0,"turns":3.0},{"damage":26.0,"enemies":"Lagavulin","floor":12.0,"turns":9.0},{"damage":11.0,"enemies":"Gremlin Nob","floor":14.0,"turns":4.0},{"damage":55.0,"enemies":"Hexaghost","floor":16.0,"turns":16.0},{"damage":45,"enemies":"Shell Parasite","floor":18,"turns":9},{"damage":23,"enemies":"3 Byrds","floor":20,"turns":9},{"damage":20,"enemies":"Snake Plant","floor":22,"turns":5},{"damage":23,"enemies":"Slavers","floor":23,"turns":1}],"seed_played":"4756455370116415566","potions_obtained":[{"floor":6.0,"key":"sneckomod:MuddlingPotion"},{"floor":10.0,"key":"Dexterity Potion"},{"floor":11.0,"key":"AttackPotion"},{"floor":12.0,"key":"Explosive Potion"},{"floor":14.0,"key":"BloodPotion"},{"floor":22,"key":"HeartOfIron"}],"is_trial":false,"path_per_floor":["M","?","?","?","$","E","R","E","T","M","M","E","R","E","R","B",null,"M","?","M","?","M","E"],"character_chosen":"IRONCLAD","items_purchased":["Power Through","Dark Embrace"],"campfire_rested":0,"item_purchase_floors":[5,5],"current_hp_per_floor":[80,77,77,77,77,80,80,80,80,80,80,60,60,57,57,10,80,41,41,26,26,14,0,0],"gold":299,"neow_bonus":"THREE_ENEMY_KILL","is_daily":false,"chose_seed":false,"campfire_upgraded":2,"win_rate":0.0,"timestamp":1614097844,"path_taken":["M","?","?","?","$","E","R","E","T","?","?","E","R","E","R","BOSS","M","?","?","?","M","E"],"items_purchased_type":["Card","Card"],"build_version":"2020-12-22","purchased_purges":0,"victory":false,"max_hp_per_floor":[80,80,80,80,80,80,80,80,80,80,80,80,80,80,80,80,80,80,80,80,80,80,80,80],"card_choices":[{"not_picked":["Ghostly Armor","Clash"],"picked":"Perfected Strike","floor":1.0},{"not_picked":["Bloodletting","Dark Embrace"],"picked":"Ghostly Armor","floor":6.0},{"not_picked":["Pommel Strike","Body Slam"],"picked":"Armaments","floor":8.0},{"not_picked":["Flex","Thunderclap"],"picked":"Feel No Pain","floor":10.0},{"not_picked":["Cleave","Wild Strike"],"picked":"Ghostly Armor","floor":11.0},{"not_picked":["infinitespire:OneForAll","Cleave"],"picked":"Reckless Charge","floor":12.0},{"not_picked":["infinitespire:OneForAll","Shockwave"],"picked":"Armaments","floor":14.0},{"not_picked":["Fiend Fire","Brutality"],"picked":"Demon Form","floor":16.0},{"not_picked":["Sword Boomerang","Thunderclap"],"picked":"Wild Strike","floor":18},{"not_picked":["Wild Strike","Rupture+1","Clash"],"picked":"SKIP","floor":20},{"not_picked":["Body Slam","Dropkick+1"],"picked":"Fire Breathing","floor":22}],"player_experience":314397,"relics_obtained":[{"floor":3.0,"key":"Blood Vial"},{"floor":6.0,"key":"Vajra"},{"floor":8.0,"key":"Red Skull"},{"floor":12.0,"key":"infinitespire:PuzzleCube"},{"floor":14.0,"key":"infinitespire:ShieldingShard"}],"event_choices":[{"damage_healed":0.0,"max_hp_gain":0.0,"max_hp_loss":0.0,"gold_gain":0.0,"event_name":"Scrap Ooze","player_choice":"Success","floor":2.0,"gold_loss":0.0,"damage_taken":3.0,"relics_obtained":["infinitespire:Beetle Shell"]},{"damage_healed":0.0,"max_hp_gain":0.0,"max_hp_loss":0.0,"gold_gain":0.0,"cards_transformed":["Defend_R"],"event_name":"Transmorgrifier","player_choice":"Transformed","floor":4.0,"gold_loss":0.0,"damage_taken":0.0,"cards_obtained":["Double Tap"]},{"cards_removed":["Dark Embrace"],"damage_healed":0,"gold_gain":0,"player_choice":"Gave Card","damage_taken":0,"relics_obtained":["infinitespire:Lucky Rock"],"max_hp_gain":0,"max_hp_loss":0,"event_name":"WeMeetAgain","floor":19,"gold_loss":0}],"is_beta":false,"boss_relics":[{"not_picked":["infinitespire:Cupcake","Runesmith:UraniumAnvil"],"picked":"SacredBark"}],"items_purged_floors":[],"is_endless":false,"potions_floor_spawned":[6,10,11,12,14,22],"killed_by":"Slavers","ascension_level":2}}