{"host":"gzsdmyo07u314vug","time":1614075896,"event":{"mods":["2.2 Compatiblity","Astrologer","BaseMod","Colored Powertips","GifTheSpireLib","Gremlin Mod","Hermit","Jorbs\u0027s Wanderer Trilogy","Minty Spire (QoL Compilation)","Quick Restart","Rare Cards Sparkle","Relic Stats","Replay The Spire","Robot Space Explorer","Shop Mod","StSLib","The Bladedancer","The Bug Knight","The Construct","The Cursed","The Elementalist","The Hierophant","The IronCluck","The Marked","The Necromancer","The Runesmith","The Servant 0.9.4","Unceasing Turn Reminder","everything is the same but u backflip on backflip","slay the spire mod where everything is the same but ironclad has a cowboy hat"],"gold_per_floor":[118,138,63,63,81,81,108,126,126,126,74,74,91,102,102,205,205,193,93,18,18,32,60,60,88,114,114,140,154,154,154,183,183,183,280,280,295,170,189,189,39,72,86,119,146,475,495,509,334,349,349,349,349,349,199,234,234],"floor_reached":58,"language":"ENG","playtime":2376,"items_purged":["Strike_R","Strike_R","Defend_R","Defend_R","Brutality"],"score":2309,"play_id":"e86a8a15-c32c-44c1-a484-0a9566ed1076","local_time":"20210223072456","is_ascension_mode":true,"campfire_choices":[{"data":"Clothesline","floor":6.0,"key":"SMITH"},{"data":"ReplayTheSpireMod:Strike From Hell","floor":10.0,"key":"SMITH"},{"data":"True Grit","floor":15.0,"key":"SMITH"},{"data":"Dark Embrace","floor":24.0,"key":"SMITH"},{"data":"Reaper","floor":27.0,"key":"SMITH"},{"data":"Feel No Pain","floor":34.0,"key":"SMITH"},{"floor":51.0,"key":"RECALL"},{"floor":54.0,"key":"REST"}],"circlet_count":0,"master_deck":["AscendersBane","Defend_R+1","Havoc+1","Feel No Pain+1","ReplayTheSpireMod:Strike From Hell+1","True Grit+1","Dark Embrace+1","Reaper+1","Warcry+1","Havoc+1"],"relics":["Burning Blood","Turnip","White Beast Statue","SacredBark","MutagenicStrength","Replay:Bottled Flurry","Red Mask","Pet Ghost","Pen Nib","Unceasing Top","Replay:Drink Me","Torii","Blood Vial","Old Coin","TheAbacus","Red Skull"],"acts_visited":["Exordium","TheCity","TheBeyond","TheEnding"],"potions_floor_usage":[57],"damage_taken":[{"damage":0.0,"enemies":"Cultist","floor":1.0,"turns":4.0},{"damage":12.0,"enemies":"Jaw Worm","floor":2.0,"turns":4.0},{"damage":4.0,"enemies":"2 Louse","floor":5.0,"turns":3.0},{"damage":6.0,"enemies":"HollowMod:MossKnight","floor":7.0,"turns":11.0},{"damage":8.0,"enemies":"Looter","floor":8.0,"turns":4.0},{"damage":1.0,"enemies":"Blue Slaver","floor":13.0,"turns":5.0},{"damage":1.0,"enemies":"3 Louse","floor":14.0,"turns":5.0},{"damage":11.0,"enemies":"Slime Boss","floor":16.0,"turns":8.0},{"damage":27.0,"enemies":"2 Thieves","floor":18.0,"turns":4.0},{"damage":9.0,"enemies":"Spheric Guardian","floor":22.0,"turns":6.0},{"damage":3.0,"enemies":"HollowMod:Nosk","floor":23.0,"turns":5.0},{"damage":38.0,"enemies":"Masked Bandits","floor":25.0,"turns":6.0},{"damage":0.0,"enemies":"Book of Stabbing","floor":28.0,"turns":3.0},{"damage":7.0,"enemies":"Snake Plant","floor":29.0,"turns":3.0},{"damage":0.0,"enemies":"HollowMod:Nosk","floor":32.0,"turns":3.0},{"damage":0.0,"enemies":"Champ","floor":35.0,"turns":2.0},{"damage":1.0,"enemies":"Orb Walker","floor":37.0,"turns":2.0},{"damage":6.0,"enemies":"3 Shapes","floor":39.0,"turns":2.0},{"damage":0.0,"enemies":"Reptomancer","floor":42.0,"turns":2.0},{"damage":0.0,"enemies":"3 Darklings","floor":43.0,"turns":1.0},{"damage":0.0,"enemies":"HollowMod:StalkingDevout","floor":44.0,"turns":2.0},{"damage":0.0,"enemies":"Giant Head","floor":46.0,"turns":2.0},{"damage":1.0,"enemies":"4 Shapes","floor":47.0,"turns":2.0},{"damage":0.0,"enemies":"Writhing Mass","floor":48.0,"turns":2.0},{"damage":0.0,"enemies":"Maw","floor":50.0,"turns":1.0},{"damage":1.0,"enemies":"Time Eater","floor":52.0,"turns":4.0},{"damage":0.0,"enemies":"Shield and Spear","floor":56.0,"turns":1.0},{"damage":0,"enemies":"The Heart","floor":57,"turns":4}],"seed_played":"4915765112243658093","potions_obtained":[{"floor":5.0,"key":"Strength Potion"},{"floor":13.0,"key":"SpeedPotion"},{"floor":14.0,"key":"BloodPotion"},{"floor":16.0,"key":"Elixir"},{"floor":18.0,"key":"Explosive Potion"},{"floor":22.0,"key":"Fruit Juice"},{"floor":25.0,"key":"Swift Potion"},{"floor":28.0,"key":"Flashbang"},{"floor":32.0,"key":"DistilledChaos"},{"floor":35.0,"key":"FearPotion"},{"floor":39.0,"key":"Block Potion"},{"floor":56.0,"key":"Flashbang"}],"is_trial":false,"path_per_floor":["M","M","$","?","M","R","E","M","T","R","$","?","M","M","R","B",null,"M","$","?","?","M","E","R","?","T","R","E","M","PTL","PTL","E","?","R","B",null,"M","$","M","?","$","E","M","E","T","E","M","M","$","M","R","B",null,"R","$","E","B",null],"character_chosen":"IRONCLAD","items_purchased":["True Grit","TheAbacus"],"campfire_rested":1,"item_purchase_floors":[11,55],"current_hp_per_floor":[57,51,51,35,37,37,37,35,35,35,35,35,40,45,45,56,74,61,61,61,61,58,74,74,45,45,45,58,62,62,62,74,74,74,88,68,68,68,68,68,68,68,68,68,68,68,68,68,68,68,68,68,68,68,68,68,68],"gold":234,"neow_bonus":"TRANSFORM_TWO_CARDS","is_daily":false,"chose_seed":false,"campfire_upgraded":6,"win_rate":0.0,"timestamp":1614075896,"path_taken":["M","M","$","?","M","R","E","M","T","R","$","?","M","M","R","BOSS","M","$","?","?","M","E","R","?","T","R","E","M","PTL","PTL","E","?","R","BOSS","M","$","M","?","$","E","M","E","T","E","M","M","$","M","R","BOSS","R","$","E","BOSS"],"items_purchased_type":["Card","Relic"],"build_version":"2020-12-22","purchased_purges":5,"victory":true,"max_hp_per_floor":[80,80,80,80,80,80,80,80,80,80,80,80,80,80,80,80,80,80,80,80,80,80,90,90,90,90,90,90,90,90,90,90,90,90,90,68,68,68,68,68,68,68,68,68,68,68,68,68,68,68,68,68,68,68,68,68,68],"relic_stats":{"Blood Vial":0,"TheAbacus":[300],"Torii":2,"counters":[28,101],"Turnip":[13],"Pen Nib":[20],"obtain_stats":[{"Torii":42,"SacredBark":17,"Pen Nib":28,"Burning Blood":0,"White Beast Statue":9,"Pet Ghost":26,"Old Coin":46,"Blood Vial":44,"TheAbacus":55,"MutagenicStrength":21,"Turnip":7,"Replay:Bottled Flurry":23,"Red Mask":25,"Replay:Drink Me":36,"Unceasing Top":32,"Red Skull":56},{"Torii":19,"SacredBark":8,"Pen Nib":13,"Burning Blood":0,"White Beast Statue":5,"Pet Ghost":12,"Old Coin":22,"Blood Vial":21,"TheAbacus":26,"MutagenicStrength":9,"Turnip":4,"Replay:Bottled Flurry":11,"Red Mask":12,"Replay:Drink Me":16,"Unceasing Top":15,"Red Skull":27},{"Torii":82,"SacredBark":44,"Pen Nib":68,"Burning Blood":0,"White Beast Statue":26,"Pet Ghost":65,"Old Coin":87,"Blood Vial":85,"TheAbacus":96,"MutagenicStrength":48,"Turnip":22,"Replay:Bottled Flurry":59,"Red Mask":65,"Replay:Drink Me":76,"Unceasing Top":74,"Red Skull":97}],"Burning Blood":105,"Unceasing Top":[0]},"card_choices":[{"not_picked":["Run Through","Perfected Strike"],"picked":"Havoc","floor":1.0},{"not_picked":["Battle Trance","Infernal Blade"],"picked":"Feel No Pain","floor":2.0},{"not_picked":["Heavy Blade","Intimidate","Abandon"],"picked":"SKIP","floor":5.0},{"not_picked":["ReplayTheSpireMod:Stacked","Dark Embrace","Flame Barrier"],"picked":"SKIP","floor":7.0},{"not_picked":["Twin Strike","Body Slam"],"picked":"ReplayTheSpireMod:Strike From Hell","floor":8.0},{"not_picked":["Combust","Dual Wield","Impervious"],"picked":"SKIP","floor":13.0},{"not_picked":["Sword Boomerang","Metallicize"],"picked":"Dark Embrace","floor":14.0},{"not_picked":["Barricade","Eclipse"],"picked":"Reaper","floor":16.0},{"not_picked":["ReplayTheSpireMod:Strike From Hell","Rupture","Clothesline+1"],"picked":"SKIP","floor":18.0},{"not_picked":["Bloodletting","ReplayTheSpireMod:Stacked+1","Armaments+1"],"picked":"SKIP","floor":22.0},{"not_picked":["Sentinel","Defy Death","Thunderclap"],"picked":"SKIP","floor":23.0},{"not_picked":["Shrug It Off+1","Brutality"],"picked":"Warcry+1","floor":28.0},{"not_picked":["Feel No Pain+1","ReplayReversal","Warcry"],"picked":"SKIP","floor":29.0},{"not_picked":["Limit Break","Thunderclap","Sword Boomerang"],"picked":"SKIP","floor":32.0},{"not_picked":["Double Tap","Corruption"],"picked":"Brutality","floor":35.0},{"not_picked":["Wild Strike","Thunderclap+1","Iron Wave"],"picked":"SKIP","floor":37.0},{"not_picked":["Seeing Red+1","Clash+1","Fire Breathing+1"],"picked":"SKIP","floor":39.0},{"not_picked":["Sever Soul+1","Metallicize+1","Reaper"],"picked":"SKIP","floor":42.0},{"not_picked":["Hemokinesis","Massacre+1","Clash+1"],"picked":"SKIP","floor":43.0},{"not_picked":["Armaments+1","Iron Wave+1","Feel No Pain"],"picked":"SKIP","floor":44.0},{"not_picked":["Headbutt","Blood for Blood","Warcry+1"],"picked":"SKIP","floor":46.0},{"not_picked":["Reckless Charge+1","Evolve+1","Seeing Red+1"],"picked":"SKIP","floor":47.0},{"not_picked":["Anger+1","Sword Boomerang","ReplayReversal+1"],"picked":"SKIP","floor":48.0},{"not_picked":["Rupture","Searing Blow","Flex"],"picked":"SKIP","floor":50.0},{"not_picked":["Intimidate","ReplayTheSpireMod:Strike From Hell","Hemogenesis"],"picked":"SKIP","floor":56.0}],"player_experience":951342,"relics_obtained":[{"floor":7.0,"key":"Turnip"},{"floor":9.0,"key":"White Beast Statue"},{"floor":23.0,"key":"Replay:Bottled Flurry"},{"floor":25.0,"key":"Red Mask"},{"floor":26.0,"key":"Pet Ghost"},{"floor":28.0,"key":"Pen Nib"},{"floor":32.0,"key":"Unceasing Top"},{"floor":42.0,"key":"Torii"},{"floor":44.0,"key":"Blood Vial"},{"floor":46.0,"key":"Old Coin"},{"floor":56.0,"key":"Red Skull"}],"event_choices":[{"damage_healed":0.0,"max_hp_gain":0.0,"max_hp_loss":0.0,"gold_gain":0.0,"event_name":"Shining Light","player_choice":"Entered Light","floor":4.0,"gold_loss":0.0,"damage_taken":16.0,"cards_upgraded":["Defend_R","Havoc"]},{"cards_removed":["Strike_R"],"damage_healed":0.0,"max_hp_gain":0.0,"max_hp_loss":0.0,"gold_gain":0.0,"event_name":"Beggar","player_choice":"Gave Gold","floor":20.0,"gold_loss":75.0,"damage_taken":0.0},{"damage_healed":0.0,"max_hp_gain":0.0,"max_hp_loss":0.0,"gold_gain":0.0,"event_name":"Drug Dealer","player_choice":"Inject Mutagens","floor":21.0,"gold_loss":0.0,"damage_taken":0.0,"relics_obtained":["MutagenicStrength"]},{"damage_healed":0.0,"max_hp_gain":0.0,"max_hp_loss":0.0,"gold_gain":0.0,"event_name":"Masked Bandits","player_choice":"Fought Bandits","floor":25.0,"gold_loss":0.0,"damage_taken":0.0},{"cards_removed":["Strike_R"],"damage_healed":0.0,"max_hp_gain":0.0,"max_hp_loss":0.0,"gold_gain":0.0,"event_name":"Back to Basics","player_choice":"Elegance","floor":33.0,"gold_loss":0.0,"damage_taken":0.0},{"damage_healed":0.0,"max_hp_gain":0.0,"max_hp_loss":0.0,"gold_gain":0.0,"event_name":"Duplicator","player_choice":"Copied","floor":40.0,"gold_loss":0.0,"damage_taken":0.0,"cards_obtained":["Havoc"]}],"is_beta":false,"boss_relics":[{"not_picked":["Calling Bell","Abe\u0027s Treasure"],"picked":"SacredBark"},{"not_picked":["Mark of Pain","Painkiller Herb"],"picked":"Replay:Drink Me"}],"items_purged_floors":[3,19,38,41,49],"is_endless":false,"potions_floor_spawned":[5,13,14,16,18,22,23,25,28,29,32,35,37,39,42,43,44,46,47,48,50,56],"ascension_level":11}}