{"host":"1gr1wbldn7am617g","time":1614096334,"event":{"mods":["Act Like it!","BaseMod","Colored Map","Elementarium","Gensokyo","Highlight Path","KinomotoSakuraMod(ƒæ÷Æ±æ”£)","Koishi","Marisa£®ÏF”Í°°ƒß¿Ì…≥£©","Minty Spire (QoL Compilation)","Pale of the Ancients","Reimu£®≤©¿ˆ¡È√Œ£©","Relic Stats","Remilia£®¿Ÿ√◊¿Ú—«£©","StSLib","The Bug Knight","The Senshi","The Servant 0.9.4"],"gold_per_floor":[117,42,42,42,61,61,91,111,136,136,148,176,191,48,48,147,147,458,508,525,425,444,444,471,471,471,270,297,297,332,350,350,453,453,467,467,467,477,531,531,558,558,558,558,583,583,583,598,598,598,598,598,120,155,155],"floor_reached":56,"language":"ZHS","playtime":3562,"items_purged":["Strike_RM","Strike_RM","Defend_RM","RedMoon"],"score":1574,"play_id":"086fd1cb-8871-4b22-a165-9f710427dc25","local_time":"20210224000534","is_ascension_mode":false,"campfire_choices":[{"data":"BloodAndWine","floor":6,"key":"SMITH"},{"data":"BloodyCatastrophe","floor":10,"key":"SMITH"},{"data":"BloodyMagicSquare","floor":15,"key":"SMITH"},{"data":"KillingBlow","floor":23,"key":"SMITH"},{"data":"ScarletShoot","floor":32,"key":"SMITH"},{"floor":40,"key":"RECALL"},{"data":"StarOfDavid","floor":42,"key":"SMITH"},{"data":"DevilSight","floor":44,"key":"SMITH"},{"data":"RedMagic","floor":49,"key":"SMITH"},{"data":"MastersStateliness","floor":52,"key":"SMITH"}],"circlet_count":0,"master_deck":["Strike_RM+1","Strike_RM+1","ScarletShoot+1","BloodAndWine+1","BloodyMagicSquare+1","NightDance","MastersStateliness+1","MillenniumVampire+1","BloodyCatastrophe+1","DiffusionOfMisfortune","MiserableFate+1","KillingBlow+1","DevilSight+1","EternalNight","VampireKiss+1","RedRainbow+1","TransientEternity","HunterOfTheNight+1","BloodRain+1","Flash of Steel","SuperhumanBloodyKnife+1","StarOfDavid+1","RedMagic+1","BloodyMagicSquare+1","Master of Strategy"],"relics":["ScarletHat","NeowsBlessing","Orichalcum","Strawberry","Whetstone","Philosopher\u0027s Stone","War Paint","PureWhite:ReiMu","Blue Candle","Mercury Hourglass","theSenshi:FeatherClipsRelic","Centennial Puzzle","Elementarium:ElementariumTrophy","Astrolabe","CatCart","Shuriken","Frozen Egg 2","Du-Vu Doll","DollysMirror","CrazyTorch:ReiMu"],"acts_visited":["Gensokyo:Gensokyo","Elementarium:Elementarium","TheBeyond","TheEnding"],"potions_floor_usage":[16,30,41],"damage_taken":[{"damage":0,"enemies":"Gensokyo:Python","floor":1,"turns":1},{"damage":0,"enemies":"Gensokyo:Gryphon","floor":5,"turns":1},{"damage":0,"enemies":"Gensokyo:Aya","floor":7,"turns":1},{"damage":0,"enemies":"Gensokyo:2_Kodama","floor":8,"turns":3},{"damage":10,"enemies":"Gensokyo:2_Rabbits","floor":11,"turns":6},{"damage":42,"enemies":"Gensokyo:Mamizou","floor":12,"turns":10},{"damage":9,"enemies":"Gensokyo:CorruptedTreant","floor":13,"turns":3},{"damage":24,"enemies":"Gensokyo:Reimu","floor":16,"turns":9},{"damage":8,"enemies":"Elementarium:Cyclone","floor":18,"turns":7},{"damage":19,"enemies":"Elementarium:VoidCorruption","floor":20,"turns":8},{"damage":10,"enemies":"Elementarium:RubyGolem","floor":22,"turns":2},{"damage":33,"enemies":"Elementarium:ElementalPortal","floor":24,"turns":10},{"damage":27,"enemies":"Gensokyo:Reisen","floor":28,"turns":4},{"damage":14,"enemies":"Elementarium:FIRE_NOBILITY","floor":30,"turns":4},{"damage":22,"enemies":"Elementarium:STONE_GOLEMS","floor":31,"turns":1},{"damage":36,"enemies":"Elementarium:PHOENIXES","floor":33,"turns":5},{"damage":44,"enemies":"3 Darklings","floor":35,"turns":3},{"damage":31,"enemies":"3 Shapes","floor":38,"turns":1},{"damage":31,"enemies":"Orin","floor":39,"turns":3},{"damage":20,"enemies":"Nemesis","floor":41,"turns":3},{"damage":21,"enemies":"Giant Head","floor":45,"turns":4},{"damage":32,"enemies":"Jaw Worm Horde","floor":48,"turns":2},{"damage":67,"enemies":"Time Eater","floor":50,"turns":2},{"damage":66,"enemies":"Shield and Spear","floor":54,"turns":2},{"damage":68,"enemies":"The Heart","floor":55,"turns":4}],"seed_played":"-8025034535002904386","potions_obtained":[{"floor":1,"key":"ZuzhouPotion:ReiMu"},{"floor":7,"key":"SpeedPotion"},{"floor":11,"key":"Fruit Juice"},{"floor":20,"key":"SpeedPotion"},{"floor":29,"key":"Energy Potion"},{"floor":29,"key":"LiquidBronze"},{"floor":29,"key":"Regen Potion"},{"floor":33,"key":"Swift Potion"}],"is_trial":false,"path_per_floor":["M","$","?","?","M","R","E","M","T","R","M","E","M","COS","R","B",null,"M","?","M","$","M","R","E","?","T","$","?","?","E","M","R","B",null,"M","?","?","M","?","R","E","R","T","R","E","?","?","M","R","B",null,"R","$","E","B",null],"character_chosen":"REMILIA","items_purchased":["EternalNight","DollysMirror","Master of Strategy"],"campfire_rested":0,"item_purchase_floors":[27,53,53],"current_hp_per_floor":[75,75,75,75,75,75,75,75,82,82,75,40,33,33,33,23,87,84,84,68,68,58,58,40,40,40,40,21,21,36,24,24,23,87,52,52,42,22,31,31,33,33,33,33,56,56,56,36,36,53,87,87,87,30,62],"gold":155,"neow_bonus":"THREE_ENEMY_KILL","is_daily":false,"chose_seed":false,"campfire_upgraded":9,"win_rate":0.0,"timestamp":1614096334,"path_taken":["M","$","?","?","M","R","E","M","T","R","M","E","M","COS","R","BOSS","M","?","M","$","M","R","E","?","T","$","?","?","E","M","R","BOSS","M","?","?","M","?","R","E","R","T","R","E","?","?","M","R","BOSS","R","$","E","BOSS"],"items_purchased_type":["Card","Relic","Card"],"build_version":"2020-12-22","purchased_purges":4,"victory":true,"max_hp_per_floor":[75,75,75,75,75,75,75,75,82,82,82,82,82,82,82,87,87,87,87,87,87,87,87,87,87,87,87,87,87,87,87,87,87,87,87,87,87,87,87,87,87,87,87,87,87,87,87,87,87,87,87,87,87,87,87],"relic_stats":{"Centennial Puzzle":[33],"counters":[25,99],"Shuriken":[11],"Blue Candle":[0],"Astrolabe":["UnderTheZenith","HunterOfTheNight","BloodRain"],"Whetstone":["Strike_RM","Strike_RM"],"Orichalcum":[270],"War Paint":["MillenniumVampire","MiserableFate"],"obtain_stats":[{"NeowsBlessing":0,"Blue Candle":24,"Astrolabe":34,"theSenshi:FeatherClipsRelic":28,"Whetstone":12,"Orichalcum":7,"War Paint":20,"Frozen Egg 2":43,"ScarletHat":0,"Mercury Hourglass":25,"Du-Vu Doll":45,"PureWhite:ReiMu":24,"Centennial Puzzle":30,"Elementarium:ElementariumTrophy":33,"Shuriken":41,"DollysMirror":53,"Strawberry":9,"CrazyTorch:ReiMu":54,"Philosopher\u0027s Stone":17,"CatCart":39},{"NeowsBlessing":0,"Blue Candle":12,"Astrolabe":16,"theSenshi:FeatherClipsRelic":13,"Whetstone":6,"Orichalcum":3,"War Paint":10,"Frozen Egg 2":20,"ScarletHat":0,"Mercury Hourglass":12,"Du-Vu Doll":21,"PureWhite:ReiMu":12,"Centennial Puzzle":14,"Elementarium:ElementariumTrophy":16,"Shuriken":20,"DollysMirror":23,"Strawberry":4,"CrazyTorch:ReiMu":24,"Philosopher\u0027s Stone":8,"CatCart":19},{"NeowsBlessing":0,"Blue Candle":61,"Astrolabe":75,"theSenshi:FeatherClipsRelic":65,"Whetstone":22,"Orichalcum":3,"War Paint":42,"Frozen Egg 2":85,"ScarletHat":0,"Mercury Hourglass":61,"Du-Vu Doll":89,"PureWhite:ReiMu":52,"Centennial Puzzle":69,"Elementarium:ElementariumTrophy":75,"Shuriken":85,"DollysMirror":93,"Strawberry":6,"CrazyTorch:ReiMu":95,"Philosopher\u0027s Stone":34,"CatCart":82}],"Mercury Hourglass":[160]},"card_choices":[{"not_picked":["ScarletDevilSign","Ultimatum"],"picked":"BloodAndWine","floor":1},{"not_picked":["BloodyTrap","CharismaGuard"],"picked":"BloodyMagicSquare","floor":3},{"not_picked":["BlasphemousPunishment","BloodHunter"],"picked":"NightDance","floor":3},{"not_picked":["RedRainbow","RedNightlessCastle"],"picked":"MastersStateliness","floor":5},{"not_picked":["BloodHunter","ScarletDream"],"picked":"MillenniumVampire","floor":7},{"not_picked":["ScarletImprint","RedNightlessCastle"],"picked":"BloodyCatastrophe","floor":8},{"not_picked":["ReincarnationDial","ScarletSymphony"],"picked":"DiffusionOfMisfortune","floor":11},{"not_picked":["RedRainbow","CharismaGuard"],"picked":"MiserableFate","floor":12},{"not_picked":["RedRainbow","ScarletSymphony","MastersStateliness"],"picked":"SKIP","floor":13},{"not_picked":["TricksterDevil","ChaoticDestiny"],"picked":"ScarletCoffin","floor":16},{"not_picked":["RedRainbow","DiffusionOfMisfortune+1","ScarletDevil"],"picked":"SKIP","floor":18},{"not_picked":["FavorOfDestiny","CharismaGuard+1","Maim"],"picked":"SKIP","floor":20},{"not_picked":["VampireKiss","Maim+1"],"picked":"KillingBlow","floor":22},{"not_picked":["FavorOfDestiny","HunterOfTheNight"],"picked":"DevilSight","floor":24},{"not_picked":["VampireClaw","Ultimatum"],"picked":"VampireKiss+1","floor":28},{"not_picked":["RedNightlessCastle","UnderTheZenith"],"picked":"RedRainbow+1","floor":30},{"not_picked":["BombardNight+1","ScarletDevilSign","ScarletDevil"],"picked":"SKIP","floor":31},{"not_picked":["KillingBlow","ForecastOfChange"],"picked":"TransientEternity","floor":33},{"not_picked":["ScarletGensokyo","ChainGang+1","ScarletImprint+1"],"picked":"SKIP","floor":35},{"not_picked":["Apotheosis","Discovery"],"picked":"Flash of Steel","floor":37},{"not_picked":["UnderTheZenith+1","BloodHunter","FavorOfDestiny+1"],"picked":"SKIP","floor":38},{"not_picked":["ScarletDevilSign","RedMagic"],"picked":"SuperhumanBloodyKnife+1","floor":39},{"not_picked":["ForecastOfChange","UnderTheZenith+1"],"picked":"StarOfDavid","floor":41},{"not_picked":["RedNightlessCastle","DiffusionOfMisfortune+1"],"picked":"RedMagic","floor":45},{"not_picked":["DiffusionOfMisfortune+1","MiserableFate+1","FavorOfDestiny"],"picked":"SKIP","floor":48},{"not_picked":["EndlessAdversity+1","CharismaGuard+1","Maim"],"picked":"SKIP","floor":54}],"player_experience":159311,"relics_obtained":[{"floor":7,"key":"Orichalcum"},{"floor":9,"key":"Strawberry"},{"floor":12,"key":"Whetstone"},{"floor":24,"key":"Blue Candle"},{"floor":28,"key":"theSenshi:FeatherClipsRelic"},{"floor":30,"key":"Centennial Puzzle"},{"floor":39,"key":"CatCart"},{"floor":41,"key":"Shuriken"},{"floor":43,"key":"Frozen Egg 2"},{"floor":45,"key":"Du-Vu Doll"},{"floor":54,"key":"CrazyTorch:ReiMu"}],"event_choices":[{"damage_healed":0,"gold_gain":50,"player_choice":"Take","damage_taken":0,"max_hp_gain":0,"max_hp_loss":0,"event_name":"Elementarium:StickySituation","floor":19,"gold_loss":0},{"cards_removed":["ScarletCoffin"],"damage_healed":0,"gold_gain":0,"player_choice":"Knowledge","damage_taken":0,"relics_obtained":["Mercury Hourglass"],"max_hp_gain":0,"max_hp_loss":0,"event_name":"Elementarium:ShatteredPortal","floor":25,"gold_loss":0},{"damage_healed":0,"gold_gain":0,"player_choice":"Enter","damage_taken":0,"max_hp_gain":0,"max_hp_loss":0,"event_name":"Elementarium:OtherworldlyPassage","floor":28,"gold_loss":0},{"damage_healed":0,"gold_gain":0,"player_choice":"Tanks","damage_taken":0,"max_hp_gain":0,"max_hp_loss":0,"event_name":"Elementarium:IncubationChamber","floor":29,"gold_loss":0},{"damage_healed":0,"gold_gain":0,"player_choice":"Ignored","damage_taken":0,"max_hp_gain":0,"max_hp_loss":0,"event_name":"Elementarium:ChestOfTheGoldenMirage","floor":36,"gold_loss":0},{"damage_healed":0,"gold_gain":0,"player_choice":"Memory 3","damage_taken":10,"max_hp_gain":0,"max_hp_loss":0,"event_name":"SensoryStone","floor":37,"gold_loss":0},{"damage_healed":0,"gold_gain":0,"player_choice":"Fight","damage_taken":0,"max_hp_gain":0,"max_hp_loss":0,"event_name":"OrinTheCat","floor":39,"gold_loss":0},{"cards_removed":["UnderTheZenith"],"damage_healed":0,"gold_gain":0,"player_choice":"Removed Skill","damage_taken":0,"max_hp_gain":0,"max_hp_loss":0,"event_name":"Falling","floor":46,"gold_loss":0},{"damage_healed":0,"gold_gain":0,"player_choice":"0 cards matched","damage_taken":0,"max_hp_gain":0,"max_hp_loss":0,"event_name":"Match and Keep!","floor":47,"gold_loss":0,"cards_obtained":[]}],"is_beta":false,"boss_relics":[{"not_picked":["APieceOfRedMist","Ectoplasm"],"picked":"Philosopher\u0027s Stone"},{"not_picked":["Tiny House","Snecko Eye"],"picked":"Astrolabe"}],"items_purged_floors":[2,21,27,53],"is_endless":false,"potions_floor_spawned":[1,7,11,28,31,33,38,41],"ascension_level":0}}