{"host":"u7lm8z2rvb4dg2oo","time":1614118623,"event":{"mods":["AchievementEnabler","BaseMod","Bestiary","Block Reminder","Colored Map","Colored Powertips","Curses Come First","DeckTracker","Googly Eyes","Highlight Path","Minty Spire (QoL Compilation)","Quick Restart","StSLib"],"gold_per_floor":[116,116,129,129,141,141,167,167,218,218,3,23,23,48,48,48,48],"floor_reached":16,"language":"ENG","playtime":3223,"items_purged":[],"score":211,"play_id":"33c14d70-d36e-4452-9ff1-2ad622d007ae","local_time":"20210223171703","is_ascension_mode":true,"campfire_choices":[{"data":"Accuracy","floor":6,"key":"SMITH"},{"data":"Blade Dance","floor":8,"key":"SMITH"},{"floor":10,"key":"REST"},{"floor":15,"key":"REST"}],"circlet_count":0,"master_deck":["AscendersBane","Strike_G","Strike_G","Defend_G","Defend_G","Defend_G","Defend_G","Defend_G","Survivor","Neutralize","Leg Sweep","Blade Dance+1","Accuracy+1","Endless Agony","Calculated Gamble"],"relics":["Empty Cage","Bag of Marbles","Toy Ornithopter","PreservedInsect","Medical Kit","Bottled Flame"],"acts_visited":["Exordium"],"potions_floor_usage":[7,16,16],"damage_taken":[{"damage":0,"enemies":"2 Louse","floor":1,"turns":4},{"damage":0,"enemies":"Small Slimes","floor":3,"turns":7},{"damage":0,"enemies":"Jaw Worm","floor":5,"turns":5},{"damage":39,"enemies":"Lagavulin","floor":7,"turns":13},{"damage":0,"enemies":"2 Fungi Beasts","floor":12,"turns":1},{"damage":10,"enemies":"3 Sentries","floor":14,"turns":5},{"damage":48,"enemies":"Slime Boss","floor":16,"turns":8}],"seed_played":"-4859898773369648329","potions_obtained":[{"floor":3,"key":"Poison Potion"},{"floor":14,"key":"Dexterity Potion"}],"is_trial":false,"path_per_floor":["M","?","M","?","M","R","E","R","T","R","$","M","?","E","R","B"],"character_chosen":"THE_SILENT","items_purchased":["Medical Kit","Poison Potion"],"campfire_rested":2,"item_purchase_floors":[11,11],"current_hp_per_floor":[59,54,54,54,54,54,15,15,15,34,34,34,27,17,36,0,0],"gold":48,"neow_bonus":"BOSS_RELIC","is_daily":false,"chose_seed":false,"campfire_upgraded":2,"win_rate":0.0,"timestamp":1614118623,"path_taken":["M","?","M","?","M","R","E","R","T","R","$","M","?","E","R","BOSS"],"items_purchased_type":["Relic","Potion"],"build_version":"2020-12-22","purchased_purges":0,"victory":false,"max_hp_per_floor":[66,66,66,66,66,66,66,66,66,66,66,66,66,66,66,66,66],"card_choices":[{"not_picked":["Outmaneuver","Bane"],"picked":"Leg Sweep","floor":1},{"not_picked":["Dagger Throw","Sucker Punch"],"picked":"Blade Dance","floor":3},{"not_picked":["Poisoned Stab","Cloak And Dagger"],"picked":"Accuracy","floor":5},{"not_picked":["Backflip","Bane"],"picked":"Endless Agony","floor":7},{"not_picked":["Bouncing Flask","Heel Hook"],"picked":"Calculated Gamble","floor":12},{"not_picked":["Eviscerate","Bouncing Flask","Tactician"],"picked":"SKIP","floor":14}],"player_experience":2049941,"relics_obtained":[{"floor":7,"key":"Toy Ornithopter"},{"floor":9,"key":"PreservedInsect"},{"floor":14,"key":"Bottled Flame"}],"event_choices":[{"damage_healed":0,"gold_gain":0,"player_choice":"Success","damage_taken":5,"relics_obtained":["Bag of Marbles"],"max_hp_gain":0,"max_hp_loss":0,"event_name":"Scrap Ooze","floor":2,"gold_loss":0},{"damage_healed":0,"gold_gain":0,"player_choice":"Ignored","damage_taken":0,"max_hp_gain":0,"max_hp_loss":0,"event_name":"Liars Game","floor":4,"gold_loss":0},{"cards_removed":["Strike_G"],"damage_healed":0,"gold_gain":0,"player_choice":"Card Removal","damage_taken":7,"max_hp_gain":0,"max_hp_loss":0,"event_name":"Golden Wing","floor":13,"gold_loss":0}],"is_beta":false,"boss_relics":[],"items_purged_floors":[],"is_endless":false,"potions_floor_spawned":[3,14],"killed_by":"Slime Boss","ascension_level":19}}