{"host":"1a9bbjeis3rg03b1","time":1614063066,"event":{"mods":["Act Like it!","BaseMod","Gensokyo","Googly Eyes","Hermit","Mimic Mod","Minty Spire (QoL Compilation)","Morshu Shopkeeper","Reliquary","Replay The Spire","StSLib","The Administrix","The Disciple","The Jungle","The Poker Player","The Servant 0.9.4","Wide Potions","everything is the same but u backflip on backflip"],"gold_per_floor":[365,365,380,395,415,442,458,483,483,513,529,369,369,369,369,369],"floor_reached":14,"language":"ENG","playtime":1185,"items_purged":[],"score":211,"play_id":"ea3991ba-90c7-455e-9f47-8030e7abd0ca","local_time":"20210222235106","is_ascension_mode":true,"metric_token":1170,"campfire_choices":[{"data":"PokerPlayerMod:ItsShowtime","floor":13,"key":"SMITH"}],"circlet_count":0,"master_deck":["PokerPlayerMod:Diamond1","PokerPlayerMod:Diamond2","PokerPlayerMod:Diamond3","PokerPlayerMod:Diamond4","PokerPlayerMod:Diamond5","PokerPlayerMod:Spade1","PokerPlayerMod:Spade2","PokerPlayerMod:Spade3","PokerPlayerMod:Spade4","PokerPlayerMod:Club1","PokerPlayerMod:Club2","PokerPlayerMod:Heart2","PokerPlayerMod:TrumpStrike","PokerPlayerMod:BadJoker","PokerPlayerMod:Mulligan","AdministrixMod:BlueCloak","hermit:Snapshot","PokerPlayerMod:ClubStrike","PokerPlayerMod:FillThePot","PokerPlayerMod:SpadeStrike","PokerPlayerMod:ItsShowtime+1","PokerPlayerMod:Sharpen","PokerPlayerMod:MagicTrick","PokerPlayerMod:FillThePot","PokerPlayerMod:Harden+1","PokerPlayerMod:Fold","PokerPlayerMod:Sharpen+1"],"relics":["PokerPlayerMod:DeckCase","Replay:Bottled Flurry","reliquary:Stiletto","reliquary:RoseTintedGlasses","Frozen Egg 2","Prayer Wheel","Gensokyo:Bombinomicon"],"acts_visited":["Exordium"],"potions_floor_usage":[6],"damage_taken":[{"damage":4,"enemies":"Gensokyo:Python","floor":1,"turns":3},{"damage":0,"enemies":"Gensokyo:3_Fairies","floor":3,"turns":2},{"damage":1,"enemies":"Gensokyo:2_Kodama","floor":4,"turns":2},{"damage":0,"enemies":"Gensokyo:2_Rabbits","floor":5,"turns":2},{"damage":0,"enemies":"Gensokyo:Mamizou","floor":6,"turns":3},{"damage":0,"enemies":"Gensokyo:LivingMonolith","floor":7,"turns":2},{"damage":0,"enemies":"Gensokyo:Aya","floor":8,"turns":2},{"damage":0,"enemies":"Gensokyo:Cirno","floor":10,"turns":4},{"damage":0,"enemies":"Gensokyo:Kitsune","floor":11,"turns":2},{"damage":0,"enemies":"Gensokyo:Mamizou","floor":14,"turns":4}],"seed_played":"-4569799868837584146","potions_obtained":[{"floor":1,"key":"BlessingOfTheForge"},{"floor":6,"key":"AttackPotion"},{"floor":7,"key":"Milkshake"},{"floor":10,"key":"EntropicBrew"}],"is_trial":false,"path_per_floor":["M","?","M","M","M","E","M","E","T","E","M","?","R","E"],"character_chosen":"THE_POKER_PLAYER","items_purchased":[],"campfire_rested":0,"item_purchase_floors":[],"current_hp_per_floor":[48,38,38,37,37,37,37,37,37,37,37,37,37,37,37,37],"gold":369,"neow_bonus":"TWO_FIFTY_GOLD","is_daily":false,"chose_seed":false,"campfire_upgraded":1,"win_rate":0.0,"timestamp":1614063066,"path_taken":["M","?","M","?","M","E","?","E","T","E","M","?","R","E"],"items_purchased_type":[],"build_version":"2020-12-22","purchased_purges":0,"victory":false,"max_hp_per_floor":[52,52,52,52,52,52,52,52,52,52,52,52,52,52,52,52],"card_choices":[{"not_picked":["PokerPlayerMod:Diamond1","PokerPlayerMod:CardBurn"],"picked":"PokerPlayerMod:ClubStrike","floor":1},{"not_picked":["PokerPlayerMod:Heart3","PokerPlayerMod:Club1"],"picked":"PokerPlayerMod:FillThePot","floor":3},{"not_picked":["PokerPlayerMod:Spade3","PokerPlayerMod:Heart1"],"picked":"PokerPlayerMod:SpadeStrike","floor":4},{"not_picked":["PokerPlayerMod:CardBurn","PokerPlayerMod:CloakAndDiamond"],"picked":"PokerPlayerMod:ItsShowtime","floor":5},{"not_picked":["PokerPlayerMod:Heart3","PokerPlayerMod:Spade8"],"picked":"PokerPlayerMod:Sharpen","floor":6},{"not_picked":["PokerPlayerMod:Spade1","PokerPlayerMod:ClubsClub"],"picked":"PokerPlayerMod:MagicTrick","floor":7},{"not_picked":["PokerPlayerMod:Spade2","PokerPlayerMod:SecondChance"],"picked":"PokerPlayerMod:FillThePot","floor":8},{"not_picked":["PokerPlayerMod:CardBurn","PokerPlayerMod:Spade4"],"picked":"PokerPlayerMod:Harden+1","floor":10},{"not_picked":["PokerPlayerMod:RiskyBet","PokerPlayerMod:CardBurn"],"picked":"PokerPlayerMod:Fold","floor":11},{"not_picked":["PokerPlayerMod:Harden+1","PokerPlayerMod:Diamond3"],"picked":"PokerPlayerMod:Sharpen+1","floor":11}],"player_experience":732244,"relics_obtained":[{"floor":6,"key":"reliquary:Stiletto"},{"floor":8,"key":"reliquary:RoseTintedGlasses"},{"floor":9,"key":"Frozen Egg 2"},{"floor":10,"key":"Prayer Wheel"}],"event_choices":[],"is_beta":false,"boss_relics":[],"items_purged_floors":[],"is_endless":false,"potions_floor_spawned":[1,6,7,10,11],"killed_by":"Gensokyo:Mamizou","ascension_level":3}}