{"host":"szp1d6dso4pv7ddl","time":1614041261,"event":{"mods":["AchievementEnabler","Alarm Clock","BaseMod","Bestiary","Block Reminder","Colored Map","Colored Powertips","Curses Come First","Dark Map","Displayed Cursed Tome","Highlight Path","Minty Spire (QoL Compilation)","Permanent Neow","Quick Restart","Relic Sorter","Relic Stats","StSLib","Synergy Search"],"gold_per_floor":[119,119,194,39,39,82,82,96,96,120,145,145,45,61,61,182,182,203,227,142,142,142],"floor_reached":21,"language":"ENG","playtime":753,"items_purged":["Strike_R","Defend_R"],"score":179,"play_id":"f0961d7d-9a50-413a-a3e6-02a08cd3ac05","local_time":"20210222164741","is_ascension_mode":false,"campfire_choices":[{"data":"Searing Blow","floor":12.0,"key":"SMITH"},{"data":"Searing Blow+1","floor":15.0,"key":"SMITH"}],"circlet_count":0,"master_deck":["Strike_R","Strike_R","Defend_R","Defend_R","Bash","Searing Blow+2"],"relics":["Burning Blood","StrikeDummy","Golden Idol","Ornamental Fan","Strawberry","Self Forming Clay","Empty Cage","Akabeko"],"acts_visited":["Exordium","TheCity"],"potions_floor_usage":[],"damage_taken":[{"damage":4.0,"enemies":"Small Slimes","floor":1.0,"turns":4.0},{"damage":27.0,"enemies":"3 Sentries","floor":6.0,"turns":8.0},{"damage":3.0,"enemies":"2 Louse","floor":8.0,"turns":3.0},{"damage":11.0,"enemies":"Jaw Worm","floor":10.0,"turns":2.0},{"damage":10.0,"enemies":"Lots of Slimes","floor":11.0,"turns":4.0},{"damage":7.0,"enemies":"3 Louse","floor":14.0,"turns":4.0},{"damage":19.0,"enemies":"Slime Boss","floor":16.0,"turns":8.0},{"damage":5.0,"enemies":"Chosen","floor":18.0,"turns":4.0},{"damage":34.0,"enemies":"3 Byrds","floor":19.0,"turns":7.0},{"damage":65,"enemies":"Shelled Parasite and Fungi","floor":21,"turns":7}],"seed_played":"7163965736089298320","potions_obtained":[{"floor":6.0,"key":"Swift Potion"},{"floor":14.0,"key":"Strength Potion"},{"floor":16.0,"key":"ElixirPotion"}],"is_trial":false,"path_per_floor":["M","?","?","$","?","E","T","M","T","M","M","R","$","M","R","B",null,"M","M","?","M"],"character_chosen":"IRONCLAD","items_purchased":["Searing Blow"],"campfire_rested":0,"item_purchase_floors":[4],"current_hp_per_floor":[80,77,66,66,66,45,52,55,55,50,46,46,46,45,45,32,81,81,53,53,0,0],"gold":142,"neow_bonus":"REMOVE_CARD","is_daily":false,"chose_seed":false,"campfire_upgraded":2,"win_rate":0.0,"timestamp":1614041261,"path_taken":["M","?","?","$","?","E","?","M","T","M","M","R","$","M","R","BOSS","M","M","?","M"],"items_purchased_type":["Card"],"build_version":"2020-12-22","purchased_purges":2,"victory":false,"max_hp_per_floor":[80,80,80,80,74,74,81,81,81,81,81,81,81,81,81,81,81,81,81,81,81,81],"relic_stats":{"counters":[10,51],"Golden Idol":58,"Ornamental Fan":[4],"Self Forming Clay":[90],"obtain_stats":[{"Golden Idol":5,"Ornamental Fan":6,"Self Forming Clay":9,"Strawberry":7,"StrikeDummy":2,"Empty Cage":17,"Burning Blood":0,"Akabeko":20},{"Golden Idol":1,"Ornamental Fan":2,"Self Forming Clay":3,"Strawberry":2,"StrikeDummy":1,"Empty Cage":7,"Burning Blood":0,"Akabeko":9},{"Golden Idol":4,"Ornamental Fan":12,"Self Forming Clay":15,"Strawberry":12,"StrikeDummy":4,"Empty Cage":33,"Burning Blood":0,"Akabeko":44}],"Burning Blood":51},"card_choices":[{"not_picked":["Sword Boomerang","Spot Weakness","Pommel Strike"],"picked":"SKIP","floor":1.0},{"not_picked":["Anger","Perfected Strike","Brutality"],"picked":"SKIP","floor":6.0},{"not_picked":["Warcry","Iron Wave","Pommel Strike"],"picked":"SKIP","floor":8.0},{"not_picked":["Blood for Blood","Cleave","Pummel"],"picked":"SKIP","floor":10.0},{"not_picked":["Sword Boomerang","Shrug It Off","Twin Strike"],"picked":"SKIP","floor":11.0},{"not_picked":["True Grit","Clash","Wild Strike"],"picked":"SKIP","floor":14.0},{"not_picked":["Heavy Blade","Bloodletting","Shockwave"],"picked":"SKIP","floor":18.0},{"not_picked":["Clothesline","Bloodletting","Thunderclap+1"],"picked":"SKIP","floor":19.0}],"player_experience":1636846,"relics_obtained":[{"floor":6.0,"key":"Ornamental Fan"},{"floor":7.0,"key":"Strawberry"},{"floor":9.0,"key":"Self Forming Clay"}],"event_choices":[{"damage_healed":0.0,"max_hp_gain":0.0,"max_hp_loss":0.0,"gold_gain":0.0,"event_name":"Scrap Ooze","player_choice":"Success","floor":2.0,"gold_loss":0.0,"damage_taken":3.0,"relics_obtained":["StrikeDummy"]},{"damage_healed":0.0,"max_hp_gain":0.0,"max_hp_loss":0.0,"gold_gain":75.0,"event_name":"World of Goop","player_choice":"Gather Gold","floor":3.0,"gold_loss":0.0,"damage_taken":11.0},{"damage_healed":0.0,"max_hp_gain":0.0,"max_hp_loss":6.0,"gold_gain":0.0,"event_name":"Golden Idol","player_choice":"Lose Max HP","floor":5.0,"gold_loss":0.0,"damage_taken":0.0,"relics_obtained":["Golden Idol"]},{"damage_healed":0.0,"max_hp_gain":0.0,"max_hp_loss":0.0,"gold_gain":0.0,"event_name":"Addict","player_choice":"Obtained Relic","floor":20.0,"gold_loss":85.0,"damage_taken":0.0,"relics_obtained":["Akabeko"]}],"is_beta":false,"boss_relics":[{"not_picked":["Velvet Choker","SacredBark"],"picked":"Empty Cage"}],"items_purged_floors":[4,13],"is_endless":false,"potions_floor_spawned":[6,14,16],"killed_by":"Shelled Parasite and Fungi","ascension_level":0}}