{"host":"jngeqill3bw7azzz","time":1614123903,"event":{"mods":["BaseMod","Highlight Path","Minty Spire (QoL Compilation)","Permanent Neow","Relic Stats"],"gold_per_floor":[216,22,35,50,60,60,135,166,166,199,199,231,231,263,263,340,340,340],"floor_reached":17,"language":"ENG","playtime":1301,"items_purged":[],"score":366,"play_id":"89b6c8c7-2cdd-48bb-8bad-21b47287ddd8","local_time":"20210223184503","is_ascension_mode":true,"campfire_choices":[{"data":"Armaments","floor":6.0,"key":"SMITH"},{"data":"Battle Trance","floor":11,"key":"SMITH"},{"data":"Twin Strike","floor":13,"key":"SMITH"},{"floor":15,"key":"REST"}],"circlet_count":0,"master_deck":["AscendersBane","Strike_R","Strike_R","Strike_R","Strike_R","Strike_R","Defend_R","Defend_R","Defend_R","Defend_R","Bash","Sword Boomerang","Clothesline","Battle Trance+1","Evolve","Armaments+1","Twin Strike+1","Rage","Fire Breathing","Carnage"],"relics":["Burning Blood","Bronze Scales","Toy Ornithopter","Sundial","Blood Vial","Regal Pillow","Cursed Key"],"acts_visited":["Exordium","TheCity"],"potions_floor_usage":[8,10],"damage_taken":[{"damage":0.0,"enemies":"2 Louse","floor":1.0,"turns":4.0},{"damage":4.0,"enemies":"Small Slimes","floor":3.0,"turns":4.0},{"damage":1.0,"enemies":"Cultist","floor":4.0,"turns":3.0},{"damage":1.0,"enemies":"Red Slaver","floor":5.0,"turns":5.0},{"damage":20,"enemies":"Lagavulin","floor":8,"turns":8},{"damage":19,"enemies":"3 Sentries","floor":10,"turns":9},{"damage":11,"enemies":"Lagavulin","floor":12,"turns":7},{"damage":27,"enemies":"3 Sentries","floor":14,"turns":4},{"damage":17,"enemies":"Slime Boss","floor":16,"turns":7}],"seed_played":"-6988996449220327660","potions_obtained":[{"floor":1.0,"key":"BloodPotion"},{"floor":3.0,"key":"BlessingOfTheForge"},{"floor":4.0,"key":"AttackPotion"},{"floor":14,"key":"SkillPotion"}],"is_trial":false,"path_per_floor":["M","$","M","M","M","R","?","E","T","E","R","E","R","E","R","B",null],"character_chosen":"IRONCLAD","items_purchased":["Clothesline","Battle Trance","Evolve"],"campfire_rested":1,"item_purchase_floors":[2,2,2],"current_hp_per_floor":[74,74,75,75,75,75,64,50,50,42,42,37,37,18,55,46,68,68],"gold":340,"neow_bonus":"HUNDRED_GOLD","is_daily":false,"chose_seed":false,"campfire_upgraded":3,"win_rate":0.0,"timestamp":1614123903,"path_taken":["M","$","M","M","M","R","?","E","T","E","R","E","R","E","R","BOSS"],"items_purchased_type":["Card","Card","Card"],"build_version":"2020-12-22","purchased_purges":0,"victory":false,"max_hp_per_floor":[75,75,75,75,75,75,75,75,75,75,75,75,75,75,75,75,75,75],"relic_stats":{"Blood Vial":4,"Regal Pillow":15,"counters":[9,51],"Sundial":[4],"Bronze Scales":[45],"Cursed Key":0,"obtain_stats":[{"Blood Vial":12,"Regal Pillow":14,"Sundial":10,"Bronze Scales":8,"Cursed Key":17,"Burning Blood":0,"Toy Ornithopter":9},{"Blood Vial":7,"Regal Pillow":8,"Sundial":6,"Bronze Scales":5,"Cursed Key":9,"Burning Blood":0,"Toy Ornithopter":5},{"Blood Vial":40,"Regal Pillow":44,"Sundial":33,"Bronze Scales":24,"Cursed Key":51,"Burning Blood":0,"Toy Ornithopter":24}],"Burning Blood":43,"Toy Ornithopter":5},"card_choices":[{"not_picked":["Body Slam","Warcry"],"picked":"Sword Boomerang","floor":1.0},{"not_picked":["Infernal Blade","Heavy Blade","Reckless Charge"],"picked":"SKIP","floor":3.0},{"not_picked":["Twin Strike","Clothesline"],"picked":"Armaments","floor":4.0},{"not_picked":["Armaments","Evolve"],"picked":"Twin Strike","floor":5.0},{"not_picked":["Spot Weakness","Clothesline"],"picked":"Rage","floor":8},{"not_picked":["Clash","Cleave","Searing Blow"],"picked":"SKIP","floor":10},{"not_picked":["Sword Boomerang","Demon Form"],"picked":"Fire Breathing","floor":12},{"not_picked":["Evolve","Headbutt"],"picked":"Carnage","floor":14}],"player_experience":2698361,"relics_obtained":[{"floor":8,"key":"Bronze Scales"},{"floor":9,"key":"Toy Ornithopter"},{"floor":10,"key":"Sundial"},{"floor":12,"key":"Blood Vial"},{"floor":14,"key":"Regal Pillow"}],"event_choices":[{"damage_healed":0.0,"max_hp_gain":0.0,"max_hp_loss":0.0,"gold_gain":75.0,"event_name":"World of Goop","player_choice":"Gather Gold","floor":7.0,"gold_loss":0.0,"damage_taken":11.0}],"is_beta":false,"boss_relics":[{"not_picked":["Philosopher\u0027s Stone","Velvet Choker"],"picked":"Cursed Key"}],"items_purged_floors":[],"is_endless":false,"potions_floor_spawned":[1,3,4,14],"ascension_level":20}}