{"host":"9brt9rggm379u2p7","time":1614100100,"event":{"mods":["AchievementEnabler","BaseMod","Highlight Path","Minty Spire (QoL Compilation)","Permanent Neow","Quick Restart","SuperFastMode"],"gold_per_floor":[115,130,150,162,162,162,162,190,216,251,251,176,203,228,228,228,228],"floor_reached":16,"language":"ENG","playtime":652,"items_purged":["Strike_R"],"score":236,"play_id":"0dd9d990-3ee3-43ba-8c5e-84869e00dacf","local_time":"20210224020820","is_ascension_mode":true,"campfire_choices":[{"data":"Apotheosis","floor":6.0,"key":"SMITH"},{"floor":11,"key":"REST"},{"data":"True Grit","floor":15,"key":"SMITH"}],"circlet_count":0,"master_deck":["AscendersBane","Strike_R","Strike_R","Strike_R","Defend_R","Defend_R","Defend_R","Defend_R","Bash","Apotheosis+1","Flex","Pummel","Ghostly Armor","Shrug It Off","True Grit+1","Heavy Blade","Power Through"],"relics":["Burning Blood","MealTicket","Akabeko","Boot","Odd Mushroom","Turnip"],"acts_visited":["Exordium"],"potions_floor_usage":[8,16,16],"damage_taken":[{"damage":2.0,"enemies":"2 Louse","floor":1.0,"turns":4.0},{"damage":5.0,"enemies":"Small Slimes","floor":2.0,"turns":3.0},{"damage":2.0,"enemies":"Jaw Worm","floor":3.0,"turns":3.0},{"damage":26.0,"enemies":"Large Slime","floor":4.0,"turns":5.0},{"damage":32,"enemies":"Gremlin Nob","floor":8,"turns":4},{"damage":1,"enemies":"3 Sentries","floor":10,"turns":10},{"damage":19,"enemies":"The Mushroom Lair","floor":13,"turns":7},{"damage":14,"enemies":"Lagavulin","floor":14,"turns":6},{"damage":35,"enemies":"Slime Boss","floor":16,"turns":7}],"seed_played":"-6903624538381051395","potions_obtained":[{"floor":3.0,"key":"LiquidBronze"},{"floor":4.0,"key":"FearPotion"},{"floor":8,"key":"Block Potion"}],"is_trial":false,"path_per_floor":["M","M","M","M","?","R","?","E","T","E","R","$","?","E","R","B"],"character_chosen":"IRONCLAD","items_purchased":[],"campfire_rested":1,"item_purchase_floors":[],"current_hp_per_floor":[54,55,59,39,39,39,39,13,13,18,40,55,42,34,34,0,0],"gold":228,"neow_bonus":"RANDOM_COLORLESS_2","is_daily":false,"chose_seed":false,"campfire_upgraded":2,"win_rate":0.0,"timestamp":1614100100,"path_taken":["M","M","M","M","?","R","?","E","T","E","R","?","?","E","R","BOSS"],"items_purchased_type":[],"build_version":"2020-12-22","purchased_purges":1,"victory":false,"max_hp_per_floor":[75,75,75,75,75,75,75,75,75,75,75,75,75,75,75,75,75],"card_choices":[{"not_picked":["HandOfGreed","Secret Technique"],"picked":"Apotheosis","floor":0.0},{"not_picked":["Combust","Disarm"],"picked":"Flex","floor":1.0},{"not_picked":["Thunderclap","Dropkick"],"picked":"Pummel","floor":2.0},{"not_picked":["Blood for Blood","Perfected Strike","Clash"],"picked":"SKIP","floor":3.0},{"not_picked":["Cleave","Rage"],"picked":"Ghostly Armor","floor":4.0},{"not_picked":["Iron Wave","Ghostly Armor"],"picked":"True Grit","floor":8},{"not_picked":["Wild Strike","Immolate"],"picked":"Heavy Blade","floor":10},{"not_picked":["Sever Soul","Clash"],"picked":"Power Through","floor":14}],"player_experience":441703,"relics_obtained":[{"floor":8,"key":"MealTicket"},{"floor":9,"key":"Akabeko"},{"floor":10,"key":"Boot"},{"floor":13,"key":"Odd Mushroom"},{"floor":14,"key":"Turnip"}],"event_choices":[{"damage_healed":0.0,"max_hp_gain":0.0,"max_hp_loss":0.0,"gold_gain":0.0,"event_name":"Shining Light","player_choice":"Ignored","floor":5.0,"gold_loss":0.0,"damage_taken":0.0},{"damage_healed":0.0,"max_hp_gain":0.0,"max_hp_loss":0.0,"gold_gain":0.0,"cards_transformed":["Strike_R"],"event_name":"Living Wall","player_choice":"Change","floor":7.0,"gold_loss":0.0,"damage_taken":0.0,"cards_obtained":["Shrug It Off"]},{"damage_healed":0,"gold_gain":0,"player_choice":"Fought Mushrooms","damage_taken":0,"max_hp_gain":0,"max_hp_loss":0,"event_name":"Mushrooms","floor":13,"gold_loss":0}],"is_beta":false,"boss_relics":[],"items_purged_floors":[12],"is_endless":false,"potions_floor_spawned":[3,4,8],"killed_by":"Slime Boss","ascension_level":20}}