{"host":"of8gj1gadsx6jhxl","time":1614099655,"event":{"mods":["BaseMod","Bestiary","Colored Map","Minty Spire (QoL Compilation)","Reliquary","Shop Mod","StSLib"],"gold_per_floor":[110,130,143,153,6,6,16,33,56,66,66,101,118,138,138,238,238,226,226,236,248,267,267,267,267],"floor_reached":24,"language":"ENG","playtime":2480,"items_purged":["Strike_R"],"score":216,"play_id":"9ff78a58-7e18-4a61-b3b2-ae564bf53be7","local_time":"20210223120055","is_ascension_mode":true,"campfire_choices":[{"data":"Seeing Red","floor":6,"key":"SMITH"},{"floor":15,"key":"REST"},{"data":"Rupture","floor":23,"key":"SMITH"}],"circlet_count":0,"master_deck":["Strike_R","Strike_R","Strike_R","Defend_R","Defend_R","Defend_R","Bash","Shrug It Off","Combust","Warcry","Intimidate","Seeing Red+1","Bludgeon","Rupture+1","Rampage","Iron Wave","Impervious","Anger","Barricade+1","Clothesline+1","Shrug It Off"],"relics":["Black Blood","Juzu Bracelet","Peace Pipe"],"acts_visited":["Exordium","TheCity"],"potions_floor_usage":[12,16,20,22,22],"damage_taken":[{"damage":0,"enemies":"Cultist","floor":1,"turns":4},{"damage":3,"enemies":"Jaw Worm","floor":2,"turns":3},{"damage":6,"enemies":"2 Louse","floor":3,"turns":2},{"damage":12,"enemies":"Gremlin Gang","floor":4,"turns":5},{"damage":10,"enemies":"Exordium Wildlife","floor":7,"turns":3},{"damage":13,"enemies":"Lots of Slimes","floor":8,"turns":3},{"damage":3,"enemies":"2 Fungi Beasts","floor":10,"turns":3},{"damage":24,"enemies":"Lagavulin","floor":12,"turns":6},{"damage":5,"enemies":"Gremlin Gang","floor":13,"turns":3},{"damage":14,"enemies":"Red Slaver","floor":14,"turns":4},{"damage":20,"enemies":"Slime Boss","floor":16,"turns":8},{"damage":23,"enemies":"2 Thieves","floor":18,"turns":5},{"damage":11,"enemies":"Chosen","floor":20,"turns":5},{"damage":20,"enemies":"Snake Plant","floor":21,"turns":4},{"damage":4,"enemies":"Cultist and Chosen","floor":22,"turns":9},{"damage":65,"enemies":"Book of Stabbing","floor":24,"turns":7}],"seed_played":"-9102872438148088479","potions_obtained":[{"floor":4,"key":"Swift Potion"},{"floor":7,"key":"Block Potion"},{"floor":8,"key":"SneckoOil"},{"floor":10,"key":"SpeedPotion"},{"floor":16,"key":"LiquidMemories"},{"floor":21,"key":"HeartOfIron"},{"floor":22,"key":"Dexterity Potion"}],"is_trial":false,"path_per_floor":["M","M","M","M","$","R","M","M","T","M","?","E","M","M","R","B",null,"M","?","M","M","M","R","E"],"character_chosen":"IRONCLAD","items_purchased":["Rupture"],"campfire_rested":1,"item_purchase_floors":[5],"current_hp_per_floor":[72,72,72,66,66,66,62,55,55,58,72,54,55,47,68,54,72,61,61,62,54,62,62,0,0],"gold":267,"neow_bonus":"TRANSFORM_TWO_CARDS","is_daily":false,"chose_seed":false,"campfire_upgraded":2,"win_rate":0.0,"timestamp":1614099655,"path_taken":["M","M","M","M","?","R","M","M","T","M","?","E","M","M","R","BOSS","M","?","M","M","M","R","E"],"items_purchased_type":["Card"],"build_version":"2020-12-22","purchased_purges":1,"victory":false,"max_hp_per_floor":[72,72,72,72,72,72,72,72,72,72,72,72,72,72,72,72,72,72,72,72,72,72,72,72,72],"card_choices":[{"not_picked":["Sword Boomerang","Headbutt"],"picked":"Warcry","floor":1},{"not_picked":["Entrench","Inflame"],"picked":"Intimidate","floor":2},{"not_picked":["Flex","Body Slam"],"picked":"Seeing Red","floor":3},{"not_picked":["Body Slam","Intimidate"],"picked":"Bludgeon","floor":4},{"not_picked":["Anger","Clash","Headbutt"],"picked":"SKIP","floor":7},{"not_picked":["Carnage","Thunderclap"],"picked":"Rampage","floor":8},{"not_picked":["Clash","Sword Boomerang"],"picked":"Iron Wave","floor":10},{"not_picked":["Thunderclap","Sword Boomerang"],"picked":"Impervious","floor":12},{"not_picked":["Perfected Strike","Clash","Inflame"],"picked":"SKIP","floor":13},{"not_picked":["Entrench","Pommel Strike"],"picked":"Anger","floor":14},{"not_picked":["Reaper","Demon Form"],"picked":"Barricade","floor":16},{"not_picked":["Iron Wave","Heavy Blade"],"picked":"Clothesline+1","floor":18},{"not_picked":["Pummel","Pommel Strike+1"],"picked":"Shrug It Off","floor":20},{"not_picked":["Anger","Combust","Thunderclap"],"picked":"SKIP","floor":21},{"not_picked":["Flex","Pommel Strike","Anger"],"picked":"SKIP","floor":22}],"player_experience":126874,"relics_obtained":[{"floor":9,"key":"Juzu Bracelet"},{"floor":12,"key":"Peace Pipe"}],"event_choices":[{"damage_healed":24,"gold_gain":0,"player_choice":"Banana","damage_taken":0,"max_hp_gain":0,"max_hp_loss":0,"event_name":"Big Fish","floor":11,"gold_loss":0},{"damage_healed":0,"gold_gain":0,"player_choice":"Upgraded","damage_taken":0,"max_hp_gain":0,"max_hp_loss":0,"event_name":"Upgrade Shrine","floor":19,"gold_loss":0,"cards_upgraded":["Barricade"]}],"is_beta":false,"boss_relics":[{"not_picked":["reliquary:RedCape","Velvet Choker"],"picked":"Black Blood"}],"items_purged_floors":[5],"is_endless":false,"potions_floor_spawned":[4,7,8,10,16,21,22],"killed_by":"Book of Stabbing","ascension_level":1}}