{"host":"gm50ke85n5jz306u","time":1614046400,"event":{"mods":["AchievementEnabler","AlwaysNeverKeys","Aspiration","BaseMod","Bestiary","Better Altar","Better Match","Better Note","Better Sensory Stone","Better Skull","Better Third Choice","Better Vampires","Better-Laid Plans","BetterRewards","Colored Powertips","Curses Come First","DNKmod","Defuse TimeMaze Blight","Disable Question Mark Monsters","Displayed Cursed Tome","Downfall","Emptier Cage","Extra Virgin Snecko Oil","Filter the Spire","Friendly Minions","Gremlin Skip","Hermit","Hubris","Hyrulean Relics","Ironclad Rager","Jorbs\u0027s Wanderer Trilogy","Koishi","Lobotomy","Marisa????????","Marked Mod","Minty Spire (QoL Compilation)","Permanent Neow","Poor People Problems","Quick Restart","Reimu??????","Relic Filter Mod","Relic Sorter","Remilia??????","Remove Card Discount Mod","Reorder Act Four","Replay The Spire","Shop Mod","StSLib","Synergy Search","Td1madao Mod","The Administrix","The Animator","The Blue Laboratory","The Bug Knight","The Construct","The Cursed","The Disciple","The Hierophant","The Necromancer","The Poker Player","The Runesmith","The Senshi","The Servant 0.9.4","Thieving Mod","Transform Curses","WarShipGirlsR/????R mod","Youmu??????"],"gold_per_floor":[10014,9265,9278,9289,9299,9317,8817,8817,8817,8817,8817,8847,8847,8579,8579,8681,8681,8698,8480,8580,8598,8598,8598,8616,8627,8627,7930,7946,7946,7970,7970,7970,8068,8068,8088,8143,7942,7942,7994,7994,7994,8009,8009,7550,7561,7561,7561,7588,7588,7588],"floor_reached":51,"language":"ENG","playtime":4656,"items_purged":["Defend_S","Strike_S","Strike_S","Strike_S","Strike_S","Defend_S","Defend_S","Defend_S","GearUp","GearUp"],"score":881,"play_id":"0d08c557-6135-4c37-9e26-431074a1f522","local_time":"20210223031320","is_ascension_mode":false,"campfire_choices":[{"data":"BestPractice","floor":8.0,"key":"SMITH"},{"data":"SurpressingFire","floor":11.0,"key":"SMITH"},{"data":"Collapse","floor":13.0,"key":"SMITH"},{"data":"SilverBlades","floor":15.0,"key":"SMITH"},{"data":"MurderousAura","floor":23,"key":"SMITH"},{"data":"WasteNot","floor":32,"key":"SMITH"},{"data":"FloweringNight","floor":40,"key":"SMITH"},{"data":"SilverBlades","floor":47,"key":"SMITH"},{"floor":49,"key":"REST"}],"circlet_count":0,"master_deck":["KidneyShot","Exchange","BottledTime","Rearm","BestPractice+1","Misdirection","GearUp","Ricochet","SurpressingFire+1","Collapse+1","Defy","SilverBlades+1","MurderousAura+1","Potential","Ricochet","WasteNot+1","Barrier","Dilation","Dilation","SilverBlades+1","FloweringNight+1","Ricochet+1","SurpressingFire+1","Dilation","Defy","Bandage Up","GearUp+1","Misdirection","SilverBlades+1","Rearm+1"],"relics":["Uniform","Replay:Kaleidoscope","Sundial","aspiration:RunesmithSkillbook","MerchantsRug","aspiration:TrustyKnives","Quantum Egg","Philosopher\u0027s Stone","Onion Ring","Boot","hubris:FunFungus","Odd Mushroom","Bag of Preparation","Frozen Eye","Tiny Chest","NeowsBlessing","Smiling Mask","Nloth\u0027s Gift","Meat on the Bone","hubris:Potato","Gremlin Horn","DollysMirror","hubris:TenFootPole","Replay:Wax Seal","Blue Candle","Replay:Bottled Steam","Vajra","HandDrill","Strawberry"],"acts_visited":["Exordium","TheCity","TheBeyond"],"potions_floor_usage":[18,42,45],"damage_taken":[{"damage":0.0,"enemies":"Jaw Worm","floor":1.0,"turns":1.0},{"damage":0.0,"enemies":"Small Slimes","floor":3.0,"turns":1.0},{"damage":0.0,"enemies":"2 Louse","floor":4.0,"turns":1.0},{"damage":0.0,"enemies":"Blue Slaver","floor":5.0,"turns":6.0},{"damage":0.0,"enemies":"Looter","floor":6.0,"turns":4.0},{"damage":7.0,"enemies":"The Mushroom Lair","floor":12.0,"turns":6.0},{"damage":0,"enemies":"Hexaghost","floor":16,"turns":11},{"damage":11,"enemies":"Chosen","floor":18,"turns":7},{"damage":0,"enemies":"Shell Parasite","floor":21,"turns":5},{"damage":3,"enemies":"Centurion and Healer","floor":24,"turns":7},{"damage":0,"enemies":"Snecko","floor":25,"turns":6},{"damage":12,"enemies":"Snake Plant","floor":28,"turns":5},{"damage":18,"enemies":"Pondfish","floor":33,"turns":7},{"damage":2,"enemies":"Orb Walker","floor":35,"turns":5},{"damage":6,"enemies":"3 Darklings","floor":42,"turns":5},{"damage":42,"enemies":"Jaw Worm Horde","floor":45,"turns":5},{"damage":15,"enemies":"hubris:GrandSnecko","floor":50,"turns":9}],"seed_played":"-1177643850402541105","potions_obtained":[{"floor":4.0,"key":"Guardian:BlockOnCardUsePotion"},{"floor":5.0,"key":"Adrenaline Potion"},{"floor":33,"key":"blueLaboratory:FruitPunch"}],"is_trial":false,"path_per_floor":["M","$","M","M","M","M","$","R","T","?","R","?","R","$","R","B",null,"M","$","?","M","?","R","M","M","T","$","M","?","T","?","R","B",null,"M","?","$","?","T","R","?","M","T","$","M","?","R","T","R","B",null],"character_chosen":"THE_SERVANT","items_purchased":["Bag of Preparation","hubris:FunFungus","Rearm","MerchantsRug","SmokeBomb","Membership Card","Replay:Kaleidoscope","Sundial","Explosive Potion","Ricochet","SurpressingFire","Collapse","Tiny Chest","Frozen Eye","Boot","SilverBlades","Onion Ring","Elixir","Ricochet","WasteNot","hubris:Potato","Gremlin Horn","DollysMirror","hubris:TenFootPole","Defy","Vajra","HandDrill","Misdirection","SilverBlades"],"campfire_rested":1,"item_purchase_floors":[2,2,2,2,2,7,7,7,7,7,7,7,14,14,14,14,19,19,19,19,27,27,27,37,37,44,44,44,44],"current_hp_per_floor":[65,65,65,65,65,65,65,65,65,65,65,58,58,58,58,60,65,59,59,59,60,60,60,58,62,62,62,50,50,50,50,50,39,65,63,47,47,47,47,47,45,47,47,47,23,30,30,37,59,51],"gold":7588,"neow_bonus":"THREE_ENEMY_KILL","is_daily":false,"chose_seed":false,"campfire_upgraded":8,"win_rate":0.0,"timestamp":1614046400,"path_taken":["M","$","M","M","M","M","$","R","T","?","R","?","R","$","R","BOSS","M","$","?","M","?","R","M","M","T","$","M","?","?","?","R","BOSS","M","?","$","?","?","R","?","M","T","$","?","?","R","?","R","BOSS"],"items_purchased_type":["Relic","Relic","Card","Relic","Potion","Relic","Relic","Relic","Potion","Card","Card","Card","Relic","Relic","Relic","Card","Relic","Potion","Card","Card","Relic","Relic","Relic","Relic","Card","Relic","Relic","Card","Card"],"build_version":"2020-12-22","purchased_purges":10,"victory":true,"max_hp_per_floor":[65,65,65,65,65,65,65,65,65,65,65,65,65,65,65,65,65,65,65,65,65,65,65,65,65,65,65,65,65,65,65,65,65,65,65,65,65,65,65,65,65,67,67,67,67,67,67,74,74,74],"card_choices":[{"not_picked":["InstantArmor","Snipe"],"picked":"BottledTime","floor":1.0},{"not_picked":["Defy","SpecialFormula"],"picked":"BestPractice","floor":3.0},{"not_picked":["SpecialFormula","ShatteredReality"],"picked":"Misdirection","floor":4.0},{"not_picked":["Alleviate","Revamp"],"picked":"GearUp","floor":5.0},{"not_picked":["Starlight","Read"],"picked":"GearUp","floor":6.0},{"not_picked":["TimeWarp","Spin"],"picked":"Defy","floor":12.0},{"not_picked":["LightFlow","SoulSculpture"],"picked":"MurderousAura","floor":16},{"not_picked":["Rearm","Advance"],"picked":"Potential","floor":18},{"not_picked":["ReturningBlade","Replace"],"picked":"GearUp","floor":21},{"not_picked":["BottledTime","BestPractice"],"picked":"Barrier","floor":24},{"not_picked":["Spin","Replace"],"picked":"Dilation","floor":25},{"not_picked":["Spin","FastForward+1"],"picked":"SilverBlades+1","floor":28},{"not_picked":["Initiator","SoulSculpture"],"picked":"FloweringNight","floor":33},{"not_picked":["Unruled+1","Shuttle","Revamp"],"picked":"Ricochet+1","floor":35},{"not_picked":["Revamp+1","Unruled+1","Rewind"],"picked":"SurpressingFire+1","floor":36},{"not_picked":["SurpressingFire","GearUp","RealityMarble"],"picked":"Dilation","floor":36},{"not_picked":["Forethought","Swift Strike","ReplayTheSpireMod:Brewmster"],"picked":"Bandage Up","floor":38},{"not_picked":["Unruled+1","ShatteredReality+1","ReturningBlade+1"],"picked":"GearUp+1","floor":42},{"not_picked":["Luminosity","Unruled+1","Defy"],"picked":"Rearm+1","floor":45}],"player_experience":416483,"relics_obtained":[{"floor":9.0,"key":"Smiling Mask"},{"floor":12.0,"key":"Odd Mushroom"},{"floor":26,"key":"Meat on the Bone"},{"floor":30,"key":"aspiration:TrustyKnives"},{"floor":36,"key":"Quantum Egg"},{"floor":39,"key":"Replay:Wax Seal"},{"floor":43,"key":"Replay:Bottled Steam"},{"floor":48,"key":"Strawberry"}],"event_choices":[{"damage_healed":0.0,"max_hp_gain":0.0,"max_hp_loss":0.0,"gold_gain":0.0,"event_name":"Mushrooms","player_choice":"Fought Mushrooms","floor":12.0,"gold_loss":0.0,"damage_taken":0.0},{"damage_healed":0,"gold_gain":100,"player_choice":"Pray","damage_taken":0,"max_hp_gain":0,"max_hp_loss":0,"event_name":"Golden Shrine","floor":20,"gold_loss":0},{"damage_healed":0,"gold_gain":0,"player_choice":"Traded Relic","damage_taken":0,"relics_obtained":["Nloth\u0027s Gift"],"max_hp_gain":0,"max_hp_loss":0,"event_name":"N\u0027loth","floor":22,"relics_lost":["Membership Card"],"gold_loss":0},{"damage_healed":0,"gold_gain":0,"player_choice":"Ignored","damage_taken":0,"max_hp_gain":0,"max_hp_loss":0,"event_name":"betterNote:BetterNote","floor":29,"gold_loss":0,"cards_obtained":["Dramatic Entrance"]},{"damage_healed":0,"gold_gain":0,"player_choice":"Ignored","damage_taken":0,"max_hp_gain":0,"max_hp_loss":0,"event_name":"Vampires","floor":31,"gold_loss":0},{"damage_healed":0,"gold_gain":3,"player_choice":"1","damage_taken":0,"max_hp_gain":0,"max_hp_loss":0,"event_name":"betterStone:BetterStone","floor":38,"gold_loss":0}],"is_beta":false,"boss_relics":[{"not_picked":["Snecko Eye","Abe\u0027s Treasure"],"picked":"Philosopher\u0027s Stone"},{"not_picked":["Calling Bell","hubris:CrackedHourglass"],"picked":"aspiration:RunesmithSkillbook"}],"items_purged_floors":[14,19,19,27,27,27,27,27,44,44],"is_endless":false,"potions_floor_spawned":[4,5,6,16,18,21,25,33,35,45],"ascension_level":0}}