{"host":"x73jdofm2fk9hsud","time":1614122912,"event":{"mods":["BaseMod","Bestiary","Minty Spire (QoL Compilation)","Relic Stats","ojb\u0027s Better Paths Mod","ojb\u0027s Info Mod"],"gold_per_floor":[115,126,51,51,51,80,80,97,124,149,167,167,192,208,208,285,285,296,313,333,64,64,64,96,96,148,176,176,192,192,206,206,206,206],"floor_reached":33,"language":"ENG","playtime":1046,"items_purged":["Strike_R","Strike_R"],"score":610,"play_id":"d5e7168c-d3c0-4d11-b2e1-2b3f8aea615d","local_time":"20210223182832","is_ascension_mode":true,"campfire_choices":[{"floor":12,"key":"REST"},{"data":"Uppercut","floor":15,"key":"SMITH"},{"floor":23,"key":"REST"},{"floor":25,"key":"REST"},{"floor":30,"key":"RECALL"},{"floor":32,"key":"REST"}],"circlet_count":0,"master_deck":["AscendersBane","Strike_R","Strike_R","Strike_R","Defend_R","Defend_R","Defend_R","Defend_R","Bash","Apotheosis+1","Hemokinesis","Power Through+1","Spot Weakness","Whirlwind","Uppercut+1","Corruption","Headbutt","Shrug It Off","Dark Embrace","Sword Boomerang"],"relics":["Burning Blood","Tiny Chest","Orichalcum","Red Skull","Anchor","Fusion Hammer","ClockworkSouvenir","Bag of Preparation","Toy Ornithopter","Centennial Puzzle"],"acts_visited":["Exordium","TheCity"],"potions_floor_usage":[6,10,16,24,24,33,33],"damage_taken":[{"damage":16,"enemies":"Small Slimes","floor":1,"turns":4},{"damage":9,"enemies":"2 Louse","floor":2,"turns":3},{"damage":34,"enemies":"3 Sentries","floor":6,"turns":10},{"damage":0,"enemies":"Cultist","floor":8,"turns":4},{"damage":29,"enemies":"Gremlin Nob","floor":10,"turns":4},{"damage":0,"enemies":"Exordium Wildlife","floor":11,"turns":4},{"damage":11,"enemies":"Lagavulin","floor":13,"turns":6},{"damage":0,"enemies":"3 Louse","floor":14,"turns":2},{"damage":36,"enemies":"Slime Boss","floor":16,"turns":8},{"damage":19,"enemies":"Chosen","floor":18,"turns":5},{"damage":12,"enemies":"Shell Parasite","floor":19,"turns":4},{"damage":21,"enemies":"Snake Plant","floor":20,"turns":4},{"damage":17,"enemies":"Gremlin Leader","floor":24,"turns":5},{"damage":41,"enemies":"Book of Stabbing","floor":27,"turns":6},{"damage":4,"enemies":"Snecko","floor":29,"turns":5},{"damage":2,"enemies":"3 Cultists","floor":31,"turns":3},{"damage":94,"enemies":"Collector","floor":33,"turns":8}],"seed_played":"-8034429289828455600","potions_obtained":[{"floor":2,"key":"BlessingOfTheForge"},{"floor":8,"key":"Strength Potion"},{"floor":13,"key":"Fruit Juice"},{"floor":14,"key":"LiquidMemories"},{"floor":18,"key":"Energy Potion"},{"floor":24,"key":"BloodPotion"},{"floor":31,"key":"Explosive Potion"}],"is_trial":false,"path_per_floor":["M","M","$","?","?","E","?","M","T","E","M","R","E","M","R","B",null,"M","M","M","$","?","R","E","R","T","E","T","M","R","M","R","B"],"character_chosen":"IRONCLAD","items_purchased":["ClockworkSouvenir"],"campfire_rested":4,"item_purchase_floors":[21],"current_hp_per_floor":[40,37,37,62,62,34,34,40,40,17,23,45,40,46,46,21,65,52,46,31,31,31,55,44,68,68,33,33,35,35,39,63,0,0],"gold":206,"neow_bonus":"RANDOM_COLORLESS_2","is_daily":false,"chose_seed":false,"campfire_upgraded":1,"win_rate":0.0,"timestamp":1614122912,"path_taken":["M","M","$","?","?","E","?","?","T","E","M","R","E","M","R","BOSS","M","M","M","$","?","R","E","R","T","E","?","M","R","M","R","BOSS"],"items_purchased_type":["Relic"],"build_version":"2020-12-22","purchased_purges":2,"victory":false,"max_hp_per_floor":[75,75,75,75,75,75,75,75,75,75,75,75,75,75,75,80,80,80,80,80,80,80,80,80,80,80,80,80,80,80,80,80,80,80],"relic_stats":{"Centennial Puzzle":[9],"counters":[17,85],"Tiny Chest":1,"Bag of Preparation":[8],"Orichalcum":[120],"obtain_stats":[{"Anchor":13,"Centennial Puzzle":27,"Tiny Chest":6,"Fusion Hammer":17,"Bag of Preparation":24,"Orichalcum":9,"Burning Blood":0,"Red Skull":10,"Toy Ornithopter":26,"ClockworkSouvenir":21},{"Anchor":7,"Centennial Puzzle":14,"Tiny Chest":3,"Fusion Hammer":9,"Bag of Preparation":13,"Orichalcum":4,"Burning Blood":0,"Red Skull":5,"Toy Ornithopter":13,"ClockworkSouvenir":12},{"Anchor":35,"Centennial Puzzle":69,"Tiny Chest":17,"Fusion Hammer":45,"Bag of Preparation":63,"Orichalcum":21,"Burning Blood":0,"Red Skull":25,"Toy Ornithopter":63,"ClockworkSouvenir":58}],"Burning Blood":96,"Toy Ornithopter":10},"card_choices":[{"not_picked":["Magnetism","Secret Technique"],"picked":"Apotheosis","floor":0},{"not_picked":["True Grit","Feel No Pain"],"picked":"Hemokinesis","floor":1},{"not_picked":["Entrench","Searing Blow","Hemokinesis"],"picked":"SKIP","floor":2},{"not_picked":["Iron Wave","Perfected Strike"],"picked":"Power Through","floor":6},{"not_picked":["Wild Strike","Clothesline"],"picked":"Spot Weakness","floor":8},{"not_picked":["Power Through","Armaments"],"picked":"Whirlwind","floor":10},{"not_picked":["Berserk","Dropkick"],"picked":"Uppercut","floor":11},{"not_picked":["Perfected Strike","Havoc","Hemokinesis"],"picked":"SKIP","floor":13},{"not_picked":["Twin Strike","Warcry","Wild Strike"],"picked":"SKIP","floor":14},{"not_picked":["Offering","Exhume"],"picked":"Corruption","floor":16},{"not_picked":["Heavy Blade","Power Through"],"picked":"Headbutt","floor":18},{"not_picked":["Entrench","Flex","Clothesline+1"],"picked":"SKIP","floor":19},{"not_picked":["Reckless Charge","Flex"],"picked":"Shrug It Off","floor":20},{"not_picked":["Thunderclap","Power Through","Uppercut"],"picked":"SKIP","floor":24},{"not_picked":["Clothesline","Thunderclap","Flex"],"picked":"SKIP","floor":27},{"not_picked":["Perfected Strike","Dual Wield"],"picked":"Dark Embrace","floor":29},{"not_picked":["Flex","Perfected Strike"],"picked":"Sword Boomerang","floor":31}],"player_experience":5407135,"relics_obtained":[{"floor":6,"key":"Tiny Chest"},{"floor":9,"key":"Orichalcum"},{"floor":10,"key":"Red Skull"},{"floor":13,"key":"Anchor"},{"floor":24,"key":"Bag of Preparation"},{"floor":26,"key":"Toy Ornithopter"},{"floor":27,"key":"Centennial Puzzle"}],"event_choices":[{"damage_healed":25,"gold_gain":0,"player_choice":"Banana","damage_taken":0,"max_hp_gain":0,"max_hp_loss":0,"event_name":"Big Fish","floor":4,"gold_loss":0},{"damage_healed":0,"gold_gain":0,"player_choice":"Grow","damage_taken":0,"max_hp_gain":0,"max_hp_loss":0,"event_name":"Living Wall","floor":5,"gold_loss":0,"cards_upgraded":["Apotheosis"]},{"damage_healed":0,"gold_gain":0,"player_choice":"Forge","damage_taken":0,"max_hp_gain":0,"max_hp_loss":0,"event_name":"Accursed Blacksmith","floor":7,"gold_loss":0,"cards_upgraded":["Power Through"]},{"damage_healed":0,"gold_gain":0,"player_choice":"Ignored","damage_taken":0,"max_hp_gain":0,"max_hp_loss":0,"event_name":"The Mausoleum","floor":22,"gold_loss":0}],"is_beta":false,"boss_relics":[{"not_picked":["SlaversCollar","Busted Crown"],"picked":"Fusion Hammer"}],"items_purged_floors":[3,21],"is_endless":false,"potions_floor_spawned":[2,8,13,14,18,24,31],"killed_by":"Collector","ascension_level":20}}