{"host":"gjwzgdilc53yxmt0","time":1614049510,"event":{"mods":["2.2 Compatiblity","BaseMod","Bestiary","Highlight Path","Minty Spire (QoL Compilation)","Relic Stats","StSLib","ojb\u0027s Info Mod"],"gold_per_floor":[118,130,12,26,26,56,56,389,389,11,42,42,58,83,83,162,162,205,99,140,140,140,140,205,205,232,295,345,408,452,501,501,603,603,653,32,32,81,126,126,68,128,128,44,44,44,106,166,178,220,232,244,256,15,45,45,45],"floor_reached":56,"language":"ENG","playtime":4159,"items_purged":["Strike_P","Strike_P"],"score":2432,"play_id":"9517bfc4-3b27-47e9-b113-31a96df9d5a8","local_time":"20210222220510","is_ascension_mode":true,"campfire_choices":[{"data":"Vigilance","floor":7.0,"key":"SMITH"},{"data":"Halt","floor":12.0,"key":"SMITH"},{"data":"CrushJoints","floor":15.0,"key":"SMITH"},{"data":"SpiritShield","floor":23.0,"key":"SMITH"},{"data":"Scrawl","floor":25.0,"key":"SMITH"},{"floor":32.0,"key":"REST"},{"data":"TalkToTheHand","floor":40.0,"key":"SMITH"},{"data":"TalkToTheHand","floor":45.0,"key":"SMITH"},{"floor":49.0,"key":"RECALL"},{"data":"MentalFortress","floor":53.0,"key":"SMITH"}],"circlet_count":0,"master_deck":["AscendersBane","Eruption+1","Vigilance+1","EmptyFist","Consecrate","WheelKick","FearNoEvil","Meditate+1","SpiritShield+1","CrushJoints+1","Halt+1","Consecrate","Blasphemy","Scrawl+1","Wish+1","FearNoEvil","EmptyMind","Vengeance","Indignation","ClearTheMind","Flash of Steel","FollowUp+1","FlurryOfBlows","InnerPeace","Halt+1","Indignation","ThirdEye","Scrawl","TalkToTheHand+1","MentalFortress","MentalFortress+1","Adaptation+1","Halt","FlurryOfBlows","TalkToTheHand+1","Madness","Madness","FlurryOfBlows","Tantrum","Prostrate+1"],"relics":["Runic Pyramid","Smiling Mask","Old Coin","HornCleat","Question Card","Bag of Marbles","War Paint","Pandora\u0027s Box","Regal Pillow","Happy Flower","Bottled Flame","Ice Cream","Sozu","Yang","Oddly Smooth Stone","Juzu Bracelet","MawBank","OrangePellets","Damaru"],"acts_visited":["Exordium","TheCity","TheBeyond","TheEnding"],"potions_floor_usage":[],"damage_taken":[{"damage":0.0,"enemies":"Small Slimes","floor":1.0,"turns":3.0},{"damage":0.0,"enemies":"Cultist","floor":2.0,"turns":2.0},{"damage":0.0,"enemies":"Jaw Worm","floor":4.0,"turns":2.0},{"damage":0.0,"enemies":"3 Sentries","floor":6.0,"turns":5.0},{"damage":0.0,"enemies":"Gremlin Nob","floor":8.0,"turns":3.0},{"damage":1.0,"enemies":"3 Sentries","floor":11.0,"turns":5.0},{"damage":0.0,"enemies":"2 Fungi Beasts","floor":13.0,"turns":2.0},{"damage":0.0,"enemies":"Lagavulin","floor":14.0,"turns":3.0},{"damage":0.0,"enemies":"Hexaghost","floor":16.0,"turns":9.0},{"damage":0.0,"enemies":"Chosen","floor":18.0,"turns":5.0},{"damage":0.0,"enemies":"Spheric Guardian","floor":20.0,"turns":3.0},{"damage":0.0,"enemies":"Gremlin Leader","floor":24.0,"turns":4.0},{"damage":21.0,"enemies":"Slavers","floor":27.0,"turns":2.0},{"damage":11.0,"enemies":"Centurion and Healer","floor":28.0,"turns":3.0},{"damage":6.0,"enemies":"Book of Stabbing","floor":29.0,"turns":3.0},{"damage":17.0,"enemies":"Shelled Parasite and Fungi","floor":30.0,"turns":3.0},{"damage":0.0,"enemies":"Snecko","floor":31.0,"turns":3.0},{"damage":7.0,"enemies":"Champ","floor":33.0,"turns":8.0},{"damage":0.0,"enemies":"Orb Walker","floor":35.0,"turns":3.0},{"damage":0.0,"enemies":"3 Shapes","floor":38.0,"turns":3.0},{"damage":12.0,"enemies":"Writhing Mass","floor":39.0,"turns":5.0},{"damage":5.0,"enemies":"Reptomancer","floor":42.0,"turns":5.0},{"damage":15.0,"enemies":"Nemesis","floor":47.0,"turns":3.0},{"damage":5.0,"enemies":"Sphere and 2 Shapes","floor":48.0,"turns":6.0},{"damage":15.0,"enemies":"Donu and Deca","floor":50.0,"turns":9.0},{"damage":0.0,"enemies":"Awakened One","floor":51.0,"turns":12.0},{"damage":8.0,"enemies":"Shield and Spear","floor":55.0,"turns":5.0},{"damage":108,"enemies":"The Heart","floor":56,"turns":3}],"seed_played":"9143777608796382659","potions_obtained":[{"floor":1.0,"key":"Energy Potion"},{"floor":2.0,"key":"BottledMiracle"},{"floor":13.0,"key":"LiquidBronze"},{"floor":20.0,"key":"DistilledChaos"},{"floor":30.0,"key":"SpeedPotion"}],"is_trial":false,"path_per_floor":["M","M","$","M","?","E","R","E","T","$","E","R","M","E","R","B",null,"M","$","M","?","?","R","E","R","T","E","M","E","M","M","R","B",null,"M","$","?","M","M","R","$","E","T","$","R","?","E","M","R","B","B",null,"R","$","E","B"],"character_chosen":"WATCHER","items_purchased":["WheelKick","Question Card","CrushJoints","Flash of Steel","TalkToTheHand","MentalFortress","Yang","Oddly Smooth Stone","Halt","TalkToTheHand","OrangePellets","Tantrum"],"campfire_rested":1,"item_purchase_floors":[3,10,10,19,36,36,36,36,41,44,54,54],"current_hp_per_floor":[61,61,61,61,61,61,61,61,61,61,60,60,60,60,60,60,66,66,66,66,66,66,66,66,66,66,45,34,28,11,11,46,39,61,61,61,66,66,54,54,54,49,49,49,49,37,22,17,17,2,2,52,52,52,44,0,0],"gold":45,"neow_bonus":"BOSS_RELIC","is_daily":false,"chose_seed":false,"campfire_upgraded":8,"win_rate":0.0,"timestamp":1614049510,"path_taken":["M","M","$","M","?","E","R","E","T","$","E","R","?","E","R","BOSS","M","?","M","?","?","R","E","R","T","E","M","E","M","?","R","BOSS","M","$","?","M","?","R","?","E","T","?","R","?","E","M","R","BOSS","BOSS","R","$","E","BOSS"],"items_purchased_type":["Card","Relic","Card","Card","Card","Card","Relic","Relic","Card","Card","Relic","Card"],"build_version":"2020-12-22","purchased_purges":2,"victory":false,"max_hp_per_floor":[68,68,68,68,68,68,68,68,68,68,68,68,68,68,68,68,68,68,68,68,68,68,68,68,68,68,68,68,68,68,68,68,68,68,68,68,68,68,68,68,68,68,68,68,68,68,68,68,68,68,68,68,68,68,68,68,68],"relic_stats":{"Regal Pillow":15,"Happy Flower":[25],"counters":[28,122],"Yang":[271],"Juzu Bracelet":0,"War Paint":["Defend_P","Meditate"],"Smiling Mask":50,"Question Card":20,"MawBank":84,"Sozu":2,"OrangePellets":[3],"Pandora\u0027s Box":["Scrawl","Wish","FearNoEvil","EmptyMind","Vengeance","Indignation"],"obtain_stats":[{"Ice Cream":29,"Regal Pillow":24,"Happy Flower":26,"Oddly Smooth Stone":36,"Damaru":55,"Yang":36,"Juzu Bracelet":42,"War Paint":14,"Smiling Mask":6,"Question Card":10,"MawBank":47,"Old Coin":8,"Sozu":34,"OrangePellets":54,"Bottled Flame":27,"HornCleat":9,"Pandora\u0027s Box":17,"Bag of Marbles":11,"PureWater":0,"Runic Pyramid":0},{"Ice Cream":15,"Regal Pillow":12,"Happy Flower":12,"Oddly Smooth Stone":19,"Damaru":27,"Yang":19,"Juzu Bracelet":22,"War Paint":8,"Smiling Mask":4,"Question Card":5,"MawBank":23,"Old Coin":5,"Sozu":18,"OrangePellets":26,"Bottled Flame":13,"HornCleat":5,"Pandora\u0027s Box":9,"Bag of Marbles":6,"PureWater":0,"Runic Pyramid":0},{"Ice Cream":54,"Regal Pillow":46,"Happy Flower":46,"Oddly Smooth Stone":71,"Damaru":119,"Yang":71,"Juzu Bracelet":84,"War Paint":25,"Smiling Mask":12,"Question Card":15,"MawBank":87,"Old Coin":15,"Sozu":68,"OrangePellets":114,"Bottled Flame":48,"HornCleat":15,"Pandora\u0027s Box":34,"Bag of Marbles":20,"PureWater":0,"Runic Pyramid":0}]},"card_choices":[{"not_picked":["WaveOfTheHand","Collect"],"picked":"EmptyFist","floor":1.0},{"not_picked":["WindmillStrike","Prostrate"],"picked":"Consecrate","floor":2.0},{"not_picked":["ThirdEye","Protect"],"picked":"FearNoEvil","floor":4.0},{"not_picked":["WheelKick","SashWhip"],"picked":"Meditate","floor":6.0},{"not_picked":["Crescendo","Judgement"],"picked":"SpiritShield","floor":8.0},{"not_picked":["JustLucky","Brilliance","SashWhip"],"picked":"Halt","floor":11.0},{"not_picked":["BowlingBash","Evaluate","ClearTheMind"],"picked":"Consecrate","floor":13.0},{"not_picked":["BowlingBash","Swivel","CarveReality","Pray"],"picked":"SKIP","floor":14.0},{"not_picked":["SpiritShield","DevaForm","ConjureBlade"],"picked":"Blasphemy","floor":16.0},{"not_picked":["PathToVictory","WheelKick","Protect"],"picked":"ClearTheMind","floor":18.0},{"not_picked":["Judgement","PathToVictory","Perseverance"],"picked":"FollowUp+1","floor":20.0},{"not_picked":["SandsOfTime","Wireheading","CutThroughFate"],"picked":"FlurryOfBlows","floor":24.0},{"not_picked":["EmptyBody","SashWhip","ThirdEye"],"picked":"InnerPeace","floor":27.0},{"not_picked":["CrushJoints","Establishment","ReachHeaven"],"picked":"Prostrate","floor":28.0},{"not_picked":["EmptyMind","FlurryOfBlows","Protect"],"picked":"Halt+1","floor":29.0},{"not_picked":["SignatureMove","WreathOfFlame","Crescendo"],"picked":"Indignation","floor":30.0},{"not_picked":["CrushJoints","Protect","Prostrate"],"picked":"ThirdEye","floor":31.0},{"not_picked":["Judgement","DevaForm","SpiritShield"],"picked":"Scrawl","floor":33.0},{"not_picked":["CrushJoints","WheelKick+1","CutThroughFate+1","Crescendo"],"picked":"SKIP","floor":35.0},{"not_picked":["Collect","Crescendo","Pray"],"picked":"MentalFortress","floor":38.0},{"not_picked":["ReachHeaven","EmptyBody","Halt"],"picked":"Adaptation+1","floor":39.0},{"not_picked":["SandsOfTime","Worship+1","EmptyBody"],"picked":"FlurryOfBlows","floor":42.0},{"not_picked":["SashWhip+1","InnerPeace","LessonLearned"],"picked":"FlurryOfBlows","floor":47.0},{"not_picked":["Weave","Nirvana","ClearTheMind","Perseverance"],"picked":"SKIP","floor":48.0},{"not_picked":["Evaluate","CrushJoints","Consecrate"],"picked":"Prostrate+1","floor":55.0}],"player_experience":4983835,"relics_obtained":[{"floor":6.0,"key":"Smiling Mask"},{"floor":8.0,"key":"Old Coin"},{"floor":9.0,"key":"HornCleat"},{"floor":11.0,"key":"Bag of Marbles"},{"floor":14.0,"key":"War Paint"},{"floor":24.0,"key":"Regal Pillow"},{"floor":26.0,"key":"Happy Flower"},{"floor":27.0,"key":"Bottled Flame"},{"floor":29.0,"key":"Ice Cream"},{"floor":42.0,"key":"Juzu Bracelet"},{"floor":47.0,"key":"MawBank"},{"floor":55.0,"key":"Damaru"}],"event_choices":[{"damage_healed":0.0,"max_hp_gain":0.0,"max_hp_loss":0.0,"gold_gain":0.0,"event_name":"Upgrade Shrine","player_choice":"Upgraded","floor":5.0,"gold_loss":0.0,"damage_taken":0.0,"cards_upgraded":["Eruption"]},{"damage_healed":0.0,"max_hp_gain":0.0,"max_hp_loss":0.0,"gold_gain":0.0,"event_name":"Beggar","player_choice":"Ignored","floor":21.0,"gold_loss":0.0,"damage_taken":0.0},{"damage_healed":0.0,"max_hp_gain":0.0,"max_hp_loss":0.0,"gold_gain":0.0,"event_name":"Accursed Blacksmith","player_choice":"Forge","floor":22.0,"gold_loss":0.0,"damage_taken":0.0,"cards_upgraded":["Wish"]},{"cards_removed":["Prostrate"],"damage_healed":5.0,"max_hp_gain":0.0,"max_hp_loss":0.0,"gold_gain":0.0,"event_name":"Bonfire Elementals","player_choice":"Offered Common","floor":37.0,"gold_loss":0.0,"damage_taken":0.0},{"cards_removed":["Prostrate"],"damage_healed":5.0,"max_hp_gain":0.0,"max_hp_loss":0.0,"gold_gain":0.0,"event_name":"Bonfire Elementals","player_choice":"Offered Special","floor":37.0,"gold_loss":0.0,"damage_taken":0.0},{"damage_healed":0.0,"max_hp_gain":0.0,"max_hp_loss":0.0,"gold_gain":0.0,"event_name":"Winding Halls","player_choice":"Embrace Madness","floor":46.0,"gold_loss":0.0,"damage_taken":12.0,"cards_obtained":["Madness","Madness"]}],"is_beta":false,"boss_relics":[{"not_picked":["Ectoplasm","Tiny House"],"picked":"Pandora\u0027s Box"},{"not_picked":["Black Star","Velvet Choker"],"picked":"Sozu"}],"items_purged_floors":[3,10],"is_endless":false,"potions_floor_spawned":[1,2,4,13,20,24,30,33,38,39],"killed_by":"The Heart","ascension_level":20}}