{"host":"1vy6j31128f61x2z","time":1614094856,"event":{"mods":["AchievementEnabler","BaseMod","Colored Powertips","Minty Spire (QoL Compilation)","Permanent Neow"],"gold_per_floor":[119,132,132,144,159,159,185,201,201,235,235,250,105,205,205,300,300,312,312,129,139,229,229,247,247,247],"floor_reached":25,"language":"ENG","playtime":1081,"items_purged":["Pain","Strike_G"],"score":288,"play_id":"12213666-460b-499a-ab80-b02cd9ed65e9","local_time":"20210223104056","is_ascension_mode":true,"campfire_choices":[{"data":"Poisoned Stab","floor":6.0,"key":"SMITH"},{"data":"Well Laid Plans","floor":11.0,"key":"SMITH"},{"data":"Blade Dance","floor":15.0,"key":"SMITH"},{"data":"Burst","floor":23,"key":"SMITH"}],"circlet_count":0,"master_deck":["Strike_G","Strike_G","Defend_G","Defend_G","Defend_G","Defend_G","Survivor","Neutralize","Backflip","Blade Dance+1","Poisoned Stab+1","Outmaneuver","Well Laid Plans+1","Masterful Stab","Quick Slash","Die Die Die","Noxious Fumes","Burst+1","Die Die Die+1","Calculated Gamble+1","Finisher+1","Cloak And Dagger","Accuracy","Flying Knee","Dodge and Roll+1"],"relics":["Ring of the Snake","Boot","WarpedTongs","StoneCalendar","Blue Candle","Bottled Tornado","Astrolabe","Oddly Smooth Stone"],"acts_visited":["Exordium","TheCity"],"potions_floor_usage":[25,25],"damage_taken":[{"damage":0.0,"enemies":"Jaw Worm","floor":1.0,"turns":5.0},{"damage":1.0,"enemies":"Cultist","floor":2.0,"turns":4.0},{"damage":1.0,"enemies":"2 Louse","floor":4.0,"turns":3.0},{"damage":3.0,"enemies":"Exordium Thugs","floor":5.0,"turns":5.0},{"damage":25.0,"enemies":"3 Sentries","floor":7.0,"turns":9.0},{"damage":2.0,"enemies":"Red Slaver","floor":8.0,"turns":3.0},{"damage":19.0,"enemies":"Gremlin Nob","floor":10.0,"turns":4.0},{"damage":0.0,"enemies":"Large Slime","floor":12.0,"turns":3.0},{"damage":2.0,"enemies":"Slime Boss","floor":16.0,"turns":7.0},{"damage":0.0,"enemies":"Chosen","floor":18.0,"turns":3.0},{"damage":7.0,"enemies":"Spheric Guardian","floor":21.0,"turns":4.0},{"damage":7,"enemies":"Centurion and Healer","floor":24,"turns":7},{"damage":34,"enemies":"Slavers","floor":25,"turns":3}],"seed_played":"-4613602143558446108","potions_obtained":[{"floor":1.0,"key":"SteroidPotion"},{"floor":2.0,"key":"DistilledChaos"},{"floor":4.0,"key":"GhostInAJar"},{"floor":16.0,"key":"CultistPotion"},{"floor":21.0,"key":"Dexterity Potion"},{"floor":24,"key":"CunningPotion"}],"is_trial":false,"path_per_floor":["M","M","?","M","M","R","E","M","T","E","R","M","$","?","R","B",null,"M","?","$","M","?","R","M","E"],"character_chosen":"THE_SILENT","items_purchased":["Noxious Fumes","Accuracy","Flying Knee"],"campfire_rested":0,"item_purchase_floors":[13,20,20],"current_hp_per_floor":[63,62,62,61,58,58,33,31,31,12,12,12,12,12,12,10,55,55,55,55,48,36,36,29,0,0],"gold":247,"neow_bonus":"RANDOM_COMMON_RELIC","is_daily":false,"chose_seed":false,"campfire_upgraded":4,"win_rate":0.0,"timestamp":1614094856,"path_taken":["M","M","?","?","M","R","E","M","T","E","R","M","$","?","R","BOSS","M","?","$","?","?","R","M","E"],"items_purchased_type":["Card","Card","Card"],"build_version":"2020-12-22","purchased_purges":2,"victory":false,"max_hp_per_floor":[70,70,70,70,70,70,70,70,70,70,70,70,70,70,70,70,70,70,70,70,70,70,70,70,70,70],"card_choices":[{"not_picked":["Concentrate","Heel Hook"],"picked":"Backflip","floor":1.0},{"not_picked":["Deflect","Backflip"],"picked":"Blade Dance","floor":2.0},{"not_picked":["Dagger Throw","Skewer"],"picked":"Poisoned Stab","floor":4.0},{"not_picked":["Dagger Throw","Acrobatics"],"picked":"Outmaneuver","floor":5.0},{"not_picked":["Crippling Poison","All Out Attack"],"picked":"Well Laid Plans","floor":7.0},{"not_picked":["Slice","Poisoned Stab"],"picked":"Masterful Stab","floor":8.0},{"not_picked":["Reflex","Skewer"],"picked":"Quick Slash","floor":10.0},{"not_picked":["Slice","Riddle With Holes"],"picked":"Die Die Die","floor":12.0},{"not_picked":["Tools of the Trade","Night Terror"],"picked":"Burst","floor":16.0},{"not_picked":["Prepared","Poisoned Stab"],"picked":"Cloak And Dagger","floor":18.0},{"not_picked":["Quick Slash+1","Backflip"],"picked":"Dodge and Roll+1","floor":21.0},{"not_picked":["Deadly Poison+1","Sucker Punch","Bane+1"],"picked":"SKIP","floor":24}],"player_experience":129292,"relics_obtained":[{"floor":7.0,"key":"StoneCalendar"},{"floor":9.0,"key":"Blue Candle"},{"floor":10.0,"key":"Bottled Tornado"}],"event_choices":[{"damage_healed":0.0,"max_hp_gain":0.0,"max_hp_loss":0.0,"gold_gain":0.0,"event_name":"Accursed Blacksmith","player_choice":"Rummage","floor":3.0,"gold_loss":0.0,"damage_taken":0.0,"relics_obtained":["WarpedTongs"],"cards_obtained":["Pain"]},{"damage_healed":0.0,"max_hp_gain":0.0,"max_hp_loss":0.0,"gold_gain":100.0,"event_name":"Golden Shrine","player_choice":"Pray","floor":14.0,"gold_loss":0.0,"damage_taken":0.0},{"damage_healed":0.0,"max_hp_gain":0.0,"max_hp_loss":0.0,"gold_gain":0.0,"event_name":"WeMeetAgain","player_choice":"Gave Potion","floor":19.0,"gold_loss":0.0,"damage_taken":0.0,"relics_obtained":["Oddly Smooth Stone"]},{"damage_healed":0,"gold_gain":90,"player_choice":"GOLD ","damage_taken":12,"max_hp_gain":0,"max_hp_loss":0,"event_name":"Knowing Skull","floor":22,"potions_obtained":[],"gold_loss":0,"cards_obtained":[]}],"is_beta":false,"boss_relics":[{"not_picked":["Fusion Hammer","Empty Cage"],"picked":"Astrolabe"}],"items_purged_floors":[13,20],"is_endless":false,"potions_floor_spawned":[1,2,4,16,21,24],"killed_by":"Slavers","ascension_level":7}}