{"host":"uafoej811sw8via1","time":1614119650,"event":{"mods":["BaseMod","Minty Spire (QoL Compilation)","Relic Stats","StSLib"],"gold_per_floor":[109,127,43,62,76,76,105,123,173,2,2,2,29,45,45,124,124,142,154,0,0,0,0,50,50,50,66,91,107,142,84,84,156,156,174,192,209,170,186,186,216,216,216,247,258,289,564,596,596,596,596,596,596,120,152,152],"floor_reached":57,"language":"ENG","playtime":5226,"items_purged":["Strike_G","Endless Agony"],"score":3040,"play_id":"b7b0af2c-4a6e-4ec5-9f26-e064950ce8d7","local_time":"20210223173410","is_ascension_mode":true,"campfire_choices":[{"data":"Blade Dance","floor":6,"key":"SMITH"},{"data":"Skewer","floor":11,"key":"SMITH"},{"data":"Prepared","floor":15,"key":"SMITH"},{"data":"Footwork","floor":23,"key":"SMITH"},{"floor":25,"key":"REST"},{"data":"Choke","floor":32,"key":"SMITH"},{"data":"Wraith Form v2","floor":40,"key":"SMITH"},{"floor":42,"key":"REST"},{"floor":49,"key":"RECALL"},{"data":"After Image","floor":53,"key":"SMITH"}],"circlet_count":0,"master_deck":["AscendersBane","Survivor","Neutralize+1","Prepared+1","Choke+1","Deflect","Blade Dance+1","Dagger Spray+1","Skewer+1","Tactician+1","PiercingWail+1","Adrenaline+1","PiercingWail+1","Escape Plan+1","Footwork+1","Prepared+1","Reflex+1","Terror+1","Sucker Punch+1","Dodge and Roll+1","Outmaneuver+1","Wraith Form v2+1","Bouncing Flask+1","Blur+1","Cloak And Dagger+1","After Image+1","After Image","All Out Attack+1","Leg Sweep+1","Deadly Poison+1","Night Terror+1","Catalyst+1","Outmaneuver+1","Crippling Poison+1","Footwork","Acrobatics+1","Cloak And Dagger+1","Calculated Gamble+1","Burst+1","Blur+1","Dodge and Roll+1"],"relics":["Runic Pyramid","Bag of Preparation","Nunchaku","Chemical X","Toxic Egg 2","HoveringKite","Nilry\u0027s Codex","Omamori","Orichalcum","Regal Pillow","Pandora\u0027s Box","Bronze Scales","Vajra","Bag of Marbles","CaptainsWheel","Medical Kit","Whetstone"],"acts_visited":["Exordium","TheCity","TheBeyond","TheEnding"],"potions_floor_usage":[7,7,13,27,30,39,45,46,50,56,56],"damage_taken":[{"damage":3,"enemies":"Cultist","floor":1,"turns":5},{"damage":3,"enemies":"2 Louse","floor":2,"turns":3},{"damage":0,"enemies":"Small Slimes","floor":4,"turns":4},{"damage":4,"enemies":"Blue Slaver","floor":5,"turns":4},{"damage":6,"enemies":"Gremlin Nob","floor":7,"turns":3},{"damage":0,"enemies":"Large Slime","floor":8,"turns":3},{"damage":0,"enemies":"Lagavulin","floor":13,"turns":4},{"damage":5,"enemies":"Red Slaver","floor":14,"turns":2},{"damage":0,"enemies":"Slime Boss","floor":16,"turns":5},{"damage":2,"enemies":"Chosen","floor":18,"turns":3},{"damage":0,"enemies":"Spheric Guardian","floor":19,"turns":1},{"damage":20,"enemies":"Snecko","floor":27,"turns":5},{"damage":5,"enemies":"Gremlin Leader","floor":28,"turns":4},{"damage":0,"enemies":"Centurion and Healer","floor":29,"turns":4},{"damage":1,"enemies":"Slavers","floor":30,"turns":5},{"damage":19,"enemies":"Champ","floor":33,"turns":8},{"damage":3,"enemies":"3 Shapes","floor":35,"turns":3},{"damage":1,"enemies":"Orb Walker","floor":36,"turns":3},{"damage":0,"enemies":"Writhing Mass","floor":37,"turns":7},{"damage":0,"enemies":"Spire Growth","floor":39,"turns":4},{"damage":0,"enemies":"Giant Head","floor":41,"turns":6},{"damage":9,"enemies":"Nemesis","floor":44,"turns":3},{"damage":2,"enemies":"4 Shapes","floor":45,"turns":4},{"damage":7,"enemies":"Reptomancer","floor":46,"turns":4},{"damage":6,"enemies":"Nemesis","floor":48,"turns":5},{"damage":30,"enemies":"Awakened One","floor":50,"turns":14},{"damage":6,"enemies":"Time Eater","floor":51,"turns":5},{"damage":15,"enemies":"Shield and Spear","floor":55,"turns":7},{"damage":10,"enemies":"The Heart","floor":56,"turns":8}],"seed_played":"-1496385363008826780","potions_obtained":[{"floor":2,"key":"GamblersBrew"},{"floor":8,"key":"Regen Potion"},{"floor":18,"key":"SpeedPotion"},{"floor":19,"key":"SkillPotion"},{"floor":29,"key":"Ancient Potion"},{"floor":33,"key":"Ancient Potion"},{"floor":41,"key":"Regen Potion"},{"floor":44,"key":"Energy Potion"},{"floor":46,"key":"ColorlessPotion"},{"floor":48,"key":"Poison Potion"}],"is_trial":false,"path_per_floor":["M","M","$","M","M","R","E","M","T","$","R","?","E","M","R","B",null,"M","M","$","?","?","R","?","R","T","M","E","M","E","$","R","B",null,"M","M","M","$","M","R","E","R","T","E","M","E","?","E","R","B","B",null,"R","$","E","B",null],"character_chosen":"THE_SILENT","items_purchased":["Deflect","Fire Potion","Chemical X","Footwork","Outmaneuver+1","Crippling Poison+1","Medical Kit","Blur+1","GamblersBrew","PowerPotion"],"campfire_rested":2,"item_purchase_floors":[3,3,10,20,31,38,54,54,54,54],"current_hp_per_floor":[56,53,53,53,49,49,43,43,43,43,43,43,55,50,50,50,62,60,60,60,60,39,39,39,58,58,38,33,33,32,32,32,13,53,50,49,49,49,49,49,49,66,66,57,55,62,62,56,56,26,20,55,55,55,40,30],"gold":152,"neow_bonus":"BOSS_RELIC","is_daily":false,"chose_seed":false,"campfire_upgraded":7,"win_rate":0.0,"timestamp":1614119650,"path_taken":["M","?","$","M","M","R","E","M","T","$","R","?","E","?","R","BOSS","M","M","$","?","?","R","?","R","T","M","E","?","E","?","R","BOSS","M","M","M","$","M","R","E","R","T","E","M","E","?","E","R","BOSS","BOSS","R","$","E","BOSS"],"items_purchased_type":["Card","Potion","Relic","Card","Card","Card","Relic","Card","Potion","Potion"],"build_version":"2020-12-22","purchased_purges":2,"victory":true,"max_hp_per_floor":[66,66,66,66,66,66,66,66,66,66,66,66,66,66,66,66,66,66,66,66,66,66,66,66,66,66,66,66,66,66,66,66,66,66,66,66,66,66,66,66,66,66,66,66,66,66,66,66,66,66,66,66,66,66,66,66],"relic_stats":{"Nunchaku":[25],"Regal Pillow":0,"counters":[29,136],"Bronze Scales":[239],"HoveringKite":[52],"Pandora\u0027s Box":["Bouncing Flask","Blur","Cloak And Dagger","After Image","After Image","All Out Attack","Leg Sweep","Deadly Poison","Night Terror"],"Bag of Preparation":[51],"Chemical X":[30],"Whetstone":["All Out Attack","Neutralize"],"Orichalcum":[90],"Medical Kit":[6],"obtain_stats":[{"Regal Pillow":30,"Nilry\u0027s Codex":22,"HoveringKite":17,"Vajra":44,"Bag of Preparation":7,"Omamori":26,"Whetstone":55,"Orichalcum":28,"Medical Kit":54,"Nunchaku":9,"CaptainsWheel":48,"Bronze Scales":41,"Pandora\u0027s Box":34,"Bag of Marbles":46,"Chemical X":10,"Toxic Egg 2":13,"Ring of the Snake":0,"Runic Pyramid":0},{"Regal Pillow":15,"Nilry\u0027s Codex":11,"HoveringKite":9,"Vajra":22,"Bag of Preparation":5,"Omamori":11,"Whetstone":28,"Orichalcum":13,"Medical Kit":27,"Nunchaku":6,"CaptainsWheel":25,"Bronze Scales":21,"Pandora\u0027s Box":16,"Bag of Marbles":24,"Chemical X":6,"Toxic Egg 2":7,"Ring of the Snake":0,"Runic Pyramid":0},{"Regal Pillow":55,"Nilry\u0027s Codex":37,"HoveringKite":33,"Vajra":89,"Bag of Preparation":19,"Omamori":37,"Whetstone":128,"Orichalcum":46,"Medical Kit":121,"Nunchaku":22,"CaptainsWheel":102,"Bronze Scales":86,"Pandora\u0027s Box":63,"Bag of Marbles":97,"Chemical X":22,"Toxic Egg 2":26,"Ring of the Snake":0,"Runic Pyramid":0}]},"card_choices":[{"not_picked":["Acrobatics","Setup"],"picked":"Prepared","floor":1},{"not_picked":["Caltrops","Bouncing Flask"],"picked":"Choke","floor":2},{"not_picked":["Bane","Slice"],"picked":"Endless Agony","floor":4},{"not_picked":["Outmaneuver","Caltrops"],"picked":"Blade Dance","floor":5},{"not_picked":["Sucker Punch","Deflect"],"picked":"Dagger Spray","floor":7},{"not_picked":["Infinite Blades","Envenom"],"picked":"Skewer","floor":8},{"not_picked":["Flying Knee","Acrobatics+1"],"picked":"Tactician+1","floor":13},{"not_picked":["Infinite Blades","Flying Knee"],"picked":"PiercingWail+1","floor":14},{"not_picked":["After Image","Envenom"],"picked":"Adrenaline+1","floor":16},{"not_picked":["Quick Slash+1","Prepared+1"],"picked":"PiercingWail+1","floor":18},{"not_picked":["Quick Slash","Blade Dance+1"],"picked":"Escape Plan+1","floor":19},{"not_picked":["Endless Agony","Cloak And Dagger+1"],"picked":"Reflex+1","floor":27},{"not_picked":["Well Laid Plans","Finisher"],"picked":"Terror+1","floor":28},{"not_picked":["Infinite Blades","Backstab"],"picked":"Sucker Punch+1","floor":29},{"not_picked":["Prepared+1","Underhanded Strike"],"picked":"Dodge and Roll+1","floor":30},{"not_picked":["Die Die Die","Grand Finale"],"picked":"Wraith Form v2","floor":33},{"not_picked":["Backflip+1","Reflex+1"],"picked":"Catalyst+1","floor":35},{"not_picked":["Quick Slash","Slice+1"],"picked":"Outmaneuver+1","floor":36},{"not_picked":["Reflex+1","Dagger Throw","Bane"],"picked":"SKIP","floor":37},{"not_picked":["Blade Dance+1","Dagger Spray","Dagger Throw"],"picked":"SKIP","floor":39},{"not_picked":["Infinite Blades","Flechettes"],"picked":"Footwork","floor":41},{"not_picked":["Blur+1","Distraction+1"],"picked":"Acrobatics+1","floor":44},{"not_picked":["A Thousand Cuts","Acrobatics+1"],"picked":"Cloak And Dagger+1","floor":45},{"not_picked":["Finisher","Flying Knee"],"picked":"Calculated Gamble+1","floor":46},{"not_picked":["Tactician+1","PiercingWail+1"],"picked":"Burst+1","floor":48},{"not_picked":["Prepared+1","Predator"],"picked":"Dodge and Roll+1","floor":55}],"player_experience":1098486,"relics_obtained":[{"floor":7,"key":"Bag of Preparation"},{"floor":9,"key":"Nunchaku"},{"floor":13,"key":"Toxic Egg 2"},{"floor":22,"key":"Nilry\u0027s Codex"},{"floor":26,"key":"Omamori"},{"floor":28,"key":"Orichalcum"},{"floor":30,"key":"Regal Pillow"},{"floor":41,"key":"Bronze Scales"},{"floor":44,"key":"Vajra"},{"floor":46,"key":"Bag of Marbles"},{"floor":48,"key":"CaptainsWheel"},{"floor":55,"key":"Whetstone"}],"event_choices":[{"damage_healed":0,"gold_gain":0,"player_choice":"Upgraded","damage_taken":0,"max_hp_gain":0,"max_hp_loss":0,"event_name":"Upgrade Shrine","floor":12,"gold_loss":0,"cards_upgraded":["Dagger Spray"]},{"damage_healed":0,"gold_gain":0,"player_choice":"Read","damage_taken":0,"max_hp_gain":0,"max_hp_loss":0,"event_name":"The Library","floor":21,"gold_loss":0,"cards_obtained":["Prepared"]},{"damage_healed":0,"gold_gain":0,"player_choice":"Obtained Book","damage_taken":21,"max_hp_gain":0,"max_hp_loss":0,"event_name":"Cursed Tome","floor":22,"gold_loss":0},{"damage_healed":0,"gold_gain":50,"player_choice":"Pray","damage_taken":0,"max_hp_gain":0,"max_hp_loss":0,"event_name":"Golden Shrine","floor":24,"gold_loss":0},{"damage_healed":0,"gold_gain":275,"player_choice":"Desecrate","damage_taken":0,"max_hp_gain":0,"max_hp_loss":0,"event_name":"Golden Shrine","floor":47,"gold_loss":0,"cards_obtained":["Regret"]}],"is_beta":false,"boss_relics":[{"not_picked":["Coffee Dripper","WristBlade"],"picked":"HoveringKite"},{"not_picked":["Empty Cage","Busted Crown"],"picked":"Pandora\u0027s Box"}],"items_purged_floors":[20,54],"is_endless":false,"potions_floor_spawned":[2,8,18,19,29,33,41,44,46,48,55],"ascension_level":20}}