{"host":"0y1696yaafq19vki","time":1614103811,"event":{"mods":["BaseMod","Colored Map","Conspire","Minty Spire (QoL Compilation)","Replay The Spire","StSLib"],"gold_per_floor":[114,114,134,134,150,184,184,198,198,32,32,45,57,68,68,68,68],"floor_reached":16,"language":"ENG","playtime":1341,"items_purged":[],"score":104,"play_id":"de50f1d9-8496-4ae3-89fb-5d4ce2138174","local_time":"20210223181011","is_ascension_mode":false,"campfire_choices":[{"floor":7,"key":"REST"},{"floor":11,"key":"REST"},{"floor":15,"key":"REST"}],"circlet_count":0,"master_deck":["Strike_G","Strike_G","Strike_G","Strike_G","Strike_G","Defend_G","Defend_G","Defend_G","Defend_G","Defend_G+1","Survivor","Neutralize","ReplayTheSpireMod:The Works","Dagger Throw","Reflex","conspire:DoublingDagger+1","Blade Dance","Injury","Noxious Fumes+1","Cloak And Dagger","Acrobatics","Backflip"],"relics":["Ring of the Snake","Pen Nib","Bottled Lightning","War Paint","ReplayTheSpireMod:CursedCoin","conspire:BottledYoYo"],"acts_visited":["Exordium"],"potions_floor_usage":[6,16,16,16],"damage_taken":[{"damage":4,"enemies":"2 Louse","floor":1,"turns":3},{"damage":2,"enemies":"Small Slimes","floor":3,"turns":4},{"damage":0,"enemies":"Jaw Worm","floor":5,"turns":4},{"damage":26,"enemies":"3 Sentries","floor":6,"turns":13},{"damage":21,"enemies":"Lots of Slimes","floor":8,"turns":7},{"damage":14,"enemies":"3 Louse","floor":12,"turns":3},{"damage":4,"enemies":"Looter","floor":13,"turns":2},{"damage":12,"enemies":"Blue Slaver","floor":14,"turns":3},{"damage":40,"enemies":"The Guardian","floor":16,"turns":15}],"seed_played":"5830604110547708801","potions_obtained":[{"floor":1,"key":"FearPotion"},{"floor":3,"key":"Adrenaline Potion"},{"floor":12,"key":"GamblersBrew"},{"floor":13,"key":"PowerPotion"}],"is_trial":false,"path_per_floor":["M","?","M","?","M","E","R","M","T","$","R","M","M","M","R","B"],"character_chosen":"THE_SILENT","items_purchased":["ReplayTheSpireMod:CursedCoin","conspire:BottledYoYo","Noxious Fumes+1"],"campfire_rested":3,"item_purchase_floors":[10,10,10],"current_hp_per_floor":[73,48,46,46,46,20,43,22,22,22,45,31,27,15,38,0,0],"gold":68,"neow_bonus":"TEN_PERCENT_HP_BONUS","is_daily":false,"chose_seed":false,"campfire_upgraded":0,"win_rate":0.0,"timestamp":1614103811,"path_taken":["M","?","M","?","M","E","R","M","T","?","R","M","M","M","R","BOSS"],"items_purchased_type":["Relic","Relic","Card"],"build_version":"2020-12-22","purchased_purges":0,"victory":false,"max_hp_per_floor":[77,77,77,77,77,77,77,77,77,77,77,77,77,77,77,77,77],"card_choices":[{"not_picked":["Escape Plan","Bane"],"picked":"ReplayTheSpireMod:The Works","floor":1},{"not_picked":["Poisoned Stab","Acrobatics"],"picked":"Dagger Throw","floor":3},{"not_picked":["Outmaneuver","Poison Darts"],"picked":"Reflex","floor":5},{"not_picked":["Dodge and Roll","Predator"],"picked":"conspire:DoublingDagger","floor":6},{"not_picked":["Draining Mist","Quick Slash"],"picked":"Blade Dance","floor":8},{"not_picked":["Deflect","conspire:PoisonWeapons"],"picked":"Cloak And Dagger","floor":12},{"not_picked":["Slice","PiercingWail"],"picked":"Acrobatics","floor":13},{"not_picked":["PiercingWail","Acrobatics"],"picked":"Backflip","floor":14}],"player_experience":66100,"relics_obtained":[{"floor":6,"key":"Bottled Lightning"},{"floor":9,"key":"War Paint"}],"event_choices":[{"damage_healed":0,"gold_gain":0,"player_choice":"Success","damage_taken":25,"relics_obtained":["Pen Nib"],"max_hp_gain":0,"max_hp_loss":0,"event_name":"Scrap Ooze","floor":2,"gold_loss":0},{"damage_healed":0,"gold_gain":0,"player_choice":"Ignored","damage_taken":0,"max_hp_gain":0,"max_hp_loss":0,"event_name":"Liars Game","floor":4,"gold_loss":0}],"is_beta":false,"boss_relics":[],"items_purged_floors":[],"is_endless":false,"potions_floor_spawned":[1,3,12,13],"killed_by":"The Guardian","ascension_level":0}}