{"host":"lv7etzzgwahaenh9","time":1614115755,"event":{"mods":["AchievementEnabler","BaseMod","Colored Map","Colored Powertips","Highlight Path","Minty Spire (QoL Compilation)","Permanent Neow","Quick Restart","Random Character Button","StSLib"],"gold_per_floor":[109,384,398,1,19,19,19,54,54,71,106,120,120,130,130,226,226,245,259,276,293,293,308,327,352,405,405,405,405,405],"floor_reached":29,"language":"ENG","playtime":8077,"items_purged":["Regret"],"score":401,"play_id":"58ded7ce-ba76-4011-97de-2efedd2fca37","local_time":"20210223132915","is_ascension_mode":true,"campfire_choices":[{"data":"Vigilance","floor":6.0,"key":"SMITH"},{"data":"Vault","floor":13.0,"key":"SMITH"},{"data":"LikeWater","floor":15.0,"key":"SMITH"},{"floor":28,"key":"REST"}],"circlet_count":0,"master_deck":["AscendersBane","Strike_P","Strike_P","Strike_P","Strike_P","Defend_P+1","Defend_P","Defend_P","Defend_P+1","Eruption","Vigilance+1","BowlingBash","CrushJoints","Wallop+1","FlurryOfBlows+1","LikeWater+1","ThirdEye+1","Vault+1","Protect","FollowUp+1","SpiritShield","BowlingBash+1","ForeignInfluence+1","Conclude+1","SashWhip+1","Devotion","SpiritShield"],"relics":["PureWater","NeowsBlessing","Molten Egg 2","Letter Opener","Smiling Mask","Girya","Philosopher\u0027s Stone","War Paint","Art of War"],"acts_visited":["Exordium","TheCity"],"potions_floor_usage":[21,23,25],"damage_taken":[{"damage":0.0,"enemies":"Small Slimes","floor":1.0,"turns":1.0},{"damage":0.0,"enemies":"Cultist","floor":3.0,"turns":1.0},{"damage":0.0,"enemies":"2 Louse","floor":5.0,"turns":1.0},{"damage":23.0,"enemies":"3 Sentries","floor":8.0,"turns":6.0},{"damage":0.0,"enemies":"Red Slaver","floor":10.0,"turns":3.0},{"damage":11.0,"enemies":"Gremlin Nob","floor":11.0,"turns":4.0},{"damage":0.0,"enemies":"Looter","floor":12.0,"turns":4.0},{"damage":0.0,"enemies":"3 Louse","floor":14.0,"turns":3.0},{"damage":1.0,"enemies":"Hexaghost","floor":16.0,"turns":9.0},{"damage":3.0,"enemies":"Chosen","floor":18.0,"turns":7.0},{"damage":4,"enemies":"Shell Parasite","floor":19,"turns":7},{"damage":5,"enemies":"3 Cultists","floor":20,"turns":7},{"damage":21,"enemies":"Snake Plant","floor":21,"turns":5},{"damage":2,"enemies":"Snecko","floor":23,"turns":6},{"damage":0,"enemies":"Cultist and Chosen","floor":24,"turns":3},{"damage":24,"enemies":"Book of Stabbing","floor":25,"turns":7},{"damage":0,"enemies":"Colosseum Slavers","floor":27,"turns":5},{"damage":32,"enemies":"Slavers","floor":29,"turns":1}],"seed_played":"4618961110543765552","potions_obtained":[{"floor":8.0,"key":"ColorlessPotion"},{"floor":10.0,"key":"CultistPotion"},{"floor":11.0,"key":"GamblersBrew"},{"floor":16.0,"key":"SpeedPotion"},{"floor":20,"key":"LiquidBronze"},{"floor":24,"key":"AttackPotion"}],"is_trial":false,"path_per_floor":["M","?","M","$","M","R","?","E","T","M","E","M","R","M","R","B",null,"M","M","M","M","?","M","M","E","T","?","R","E"],"character_chosen":"WATCHER","items_purchased":["Molten Egg 2","Wallop+1"],"campfire_rested":1,"item_purchase_floors":[4,4],"current_hp_per_floor":[65,65,65,65,65,65,65,42,42,42,31,31,31,31,31,30,62,59,55,50,29,29,27,27,3,3,3,24,0,0],"gold":405,"neow_bonus":"THREE_ENEMY_KILL","is_daily":false,"chose_seed":false,"campfire_upgraded":3,"win_rate":0.0,"timestamp":1614115755,"path_taken":["M","?","M","?","M","R","?","E","T","M","E","M","R","?","R","BOSS","M","M","M","M","?","M","?","E","T","?","R","E"],"items_purchased_type":["Relic","Card"],"build_version":"2020-12-22","purchased_purges":1,"victory":false,"max_hp_per_floor":[72,72,72,72,72,72,72,72,72,72,72,72,72,72,72,72,72,72,72,72,72,72,72,72,72,72,72,72,72,72],"card_choices":[{"not_picked":["ClearTheMind","Crescendo"],"picked":"BowlingBash","floor":1.0},{"not_picked":["FollowUp","Halt"],"picked":"CrushJoints","floor":3.0},{"not_picked":["Consecrate+1","CrushJoints+1"],"picked":"FlurryOfBlows+1","floor":5.0},{"not_picked":["Sanctity","JustLucky+1"],"picked":"LikeWater","floor":8.0},{"not_picked":["CrushJoints+1","EmptyFist+1"],"picked":"ThirdEye","floor":10.0},{"not_picked":["EmptyFist+1","DeceiveReality"],"picked":"Vault","floor":11.0},{"not_picked":["FollowUp+1","BowlingBash+1"],"picked":"Protect","floor":12.0},{"not_picked":["EmptyBody","ThirdEye"],"picked":"FollowUp+1","floor":14.0},{"not_picked":["Omniscience","Vault"],"picked":"SpiritShield","floor":16.0},{"not_picked":["Halt","Evaluate"],"picked":"BowlingBash+1","floor":18.0},{"not_picked":["Wireheading","CrushJoints+1","Fasting2"],"picked":"SKIP","floor":19},{"not_picked":["CrushJoints+1","Worship"],"picked":"ForeignInfluence","floor":20},{"not_picked":["FearNoEvil+1","CutThroughFate+1"],"picked":"Conclude+1","floor":21},{"not_picked":["EmptyFist+1","ThirdEye"],"picked":"SashWhip+1","floor":23},{"not_picked":["EmptyBody","Nirvana"],"picked":"Devotion","floor":24},{"not_picked":["MentalFortress","Halt"],"picked":"SpiritShield","floor":25}],"player_experience":524189,"relics_obtained":[{"floor":8.0,"key":"Letter Opener"},{"floor":9.0,"key":"Smiling Mask"},{"floor":11.0,"key":"Girya"},{"floor":25,"key":"War Paint"},{"floor":26,"key":"Art of War"}],"event_choices":[{"damage_healed":0.0,"max_hp_gain":0.0,"max_hp_loss":0.0,"gold_gain":275.0,"event_name":"Golden Shrine","player_choice":"Desecrate","floor":2.0,"gold_loss":0.0,"damage_taken":0.0,"cards_obtained":["Regret"]},{"damage_healed":0.0,"max_hp_gain":0.0,"max_hp_loss":0.0,"gold_gain":0.0,"event_name":"Upgrade Shrine","player_choice":"Upgraded","floor":7.0,"gold_loss":0.0,"damage_taken":0.0,"cards_upgraded":["Defend_P"]},{"damage_healed":0,"gold_gain":0,"player_choice":"Upgraded","damage_taken":0,"max_hp_gain":0,"max_hp_loss":0,"event_name":"Upgrade Shrine","floor":22,"gold_loss":0,"cards_upgraded":["ForeignInfluence"]},{"damage_healed":0,"gold_gain":0,"player_choice":"Fight","damage_taken":0,"max_hp_gain":0,"max_hp_loss":0,"event_name":"Colosseum","floor":27,"gold_loss":0},{"damage_healed":0,"gold_gain":0,"player_choice":"Fled From Nobs","damage_taken":0,"max_hp_gain":0,"max_hp_loss":0,"event_name":"Colosseum","floor":27,"gold_loss":0}],"is_beta":false,"boss_relics":[{"not_picked":["Busted Crown","Snecko Eye"],"picked":"Philosopher\u0027s Stone"}],"items_purged_floors":[4],"is_endless":false,"potions_floor_spawned":[8,10,11,16,20,24,27],"killed_by":"Slavers","ascension_level":11}}