{"host":"oq9vgnvl0fi8z8ha","time":1614060256,"event":{"mods":["Act Like it!","BaseMod","Block Reminder","Curses Come First","Evolution","Fox Events","Hallownest","Highlight Path","Minty Spire (QoL Compilation)","Relic Stats","Smile Girya","StSLib","The Blue Laboratory","The Bug Knight","Treasure Hunter","Unceasing Turn Reminder"],"gold_per_floor":[623,20,39,52,77,77,106,106,183,183,194,210,237,257,257,362,439,451,127,139,157,157,189,189,23,149,177,177,187,187,222,222,320,397,410,410,19,19,32,33,33],"floor_reached":40,"language":"ENG","playtime":5225,"items_purged":[],"score":550,"play_id":"8c3cb930-2579-4752-8167-4221a180f3fc","local_time":"20210222230416","is_ascension_mode":true,"campfire_choices":[{"floor":6.0,"key":"RECALL"},{"data":"Consecrate","floor":10.0,"key":"SMITH"},{"floor":15.0,"key":"REST"},{"data":"Vigilance","floor":24.0,"key":"SMITH"},{"data":"FlyingSleeves","floor":28.0,"key":"SMITH"},{"floor":32,"key":"REST"}],"circlet_count":0,"master_deck":["FlyingSleeves+1","BowlingBash","SashWhip","EmptyFist","ThirdEye","Evaluate","EmptyBody","Defend_P+1","Eruption","Vigilance+1","Consecrate+1","CarveReality","Wireheading","FollowUp","Meditate","Swivel","TH:CursedSword","LikeWater","TH:Mimic","MentalFortress","PathToVictory","TH:BikiniMail","BattleHymn","ForeignInfluence","TH:BikiniMail","Brilliance","CurseOfTheBell","Conclude+1","DeceiveReality","ReachHeaven","Consecrate","TH:CopperCoins","PathToVictory","Metamorphosis","TH:CursedSword","TH:ElvenBoots","BowlingBash+1","Hallownest:attackAdjustingAction","MasterReality","Decay","TH:PixieDust","Pray","TH:ArmorSpikes","Ragnarok","Evaluate+1","Establishment","PathToVictory+1"],"relics":["EVO:Axolotl","Tiny House","Meat on the Bone","Ornamental Fan","foxEvents:LuckyCharm","Gambling Chip","HornCleat","Calling Bell","Oddly Smooth Stone","InkBottle","Ginger","MealTicket","Smiling Mask","Akabeko","TeardropLocket","Kunai","Shuriken","Sozu","Hallownest:KingsIdolRelic","ClockworkSouvenir","Strawberry"],"acts_visited":["Exordium","Exordium","Hallownest:CityofTears"],"potions_floor_usage":[31],"damage_taken":[{"damage":0.0,"enemies":"Jaw Worm","floor":1.0,"turns":4.0},{"damage":0.0,"enemies":"2 Louse","floor":3.0,"turns":2.0},{"damage":0.0,"enemies":"Cultist","floor":4.0,"turns":2.0},{"damage":5.0,"enemies":"Colosseum Slavers","floor":5.0,"turns":3.0},{"damage":4.0,"enemies":"Lagavulin","floor":7.0,"turns":7.0},{"damage":6.0,"enemies":"Looter","floor":11.0,"turns":4.0},{"damage":0.0,"enemies":"2 Fungi Beasts","floor":12.0,"turns":2.0},{"damage":18.0,"enemies":"HollowMod:MossKnight","floor":13.0,"turns":8.0},{"damage":24.0,"enemies":"Exordium Thugs","floor":14.0,"turns":5.0},{"damage":14.0,"enemies":"Slime Boss","floor":16.0,"turns":7.0},{"damage":1.0,"enemies":"Hallownest:2_Mistakes","floor":18.0,"turns":5.0},{"damage":8.0,"enemies":"Hallownest:Guard_and_Sentry","floor":20.0,"turns":6.0},{"damage":7.0,"enemies":"Hallownest:2_Flukemon","floor":21.0,"turns":6.0},{"damage":23.0,"enemies":"Hallownest:Nosk","floor":23.0,"turns":10.0},{"damage":21.0,"enemies":"Hallownest:eliteWatcherKnight","floor":27.0,"turns":15.0},{"damage":8,"enemies":"Hallownest:monsterMisterMushroom","floor":29,"turns":9},{"damage":0,"enemies":"Hallownest:Nosk","floor":31,"turns":9},{"damage":42,"enemies":"Hallownest:BossGrimm","floor":33,"turns":11},{"damage":9,"enemies":"Hallownest:3_Siblings","floor":35,"turns":6},{"damage":6,"enemies":"Hallownest:Shield_Heavy","floor":39,"turns":6},{"damage":83,"enemies":"Hallownest:eliteCollector","floor":40,"turns":8}],"seed_played":"636918744538535460","potions_obtained":[{"floor":0.0,"key":"blueLaboratory:EnragingPotion"},{"floor":3.0,"key":"blueLaboratory:AbyssPotion"},{"floor":4.0,"key":"blueLaboratory:LouseDecoction"},{"floor":5.0,"key":"blueLaboratory:FaithlessPotion"},{"floor":16.0,"key":"Ancient Potion"},{"floor":20.0,"key":"blueLaboratory:FruitPreserves"},{"floor":21.0,"key":"FearPotion"},{"floor":33,"key":"blueLaboratory:EpiphanyPotion"}],"is_trial":false,"path_per_floor":["M","$","M","M","?","R","E","?","T","R","M","M","E","M","R","B",null,"M","$","M","M","?","E","R","$","T","E","R","M","?","E","R","B",null,"M","?","$","?","M","E"],"character_chosen":"WATCHER","items_purchased":["Meat on the Bone","Ornamental Fan","Wireheading","FollowUp","MealTicket","blueLaboratory:EmptyBottle","DeceiveReality","Metamorphosis","ClockworkSouvenir","Strawberry","Establishment"],"campfire_rested":2,"item_purchase_floors":[2,2,2,2,19,19,19,25,37,37,37],"current_hp_per_floor":[77,77,77,77,72,72,68,68,68,68,62,62,44,32,55,41,77,76,76,68,61,61,50,50,65,65,44,44,48,48,48,71,41,77,68,64,84,84,78,0,0],"gold":33,"neow_bonus":"BOSS_RELIC","is_daily":false,"chose_seed":false,"campfire_upgraded":3,"win_rate":0.0,"timestamp":1614060256,"path_taken":["M","$","M","M","?","R","E","?","T","R","?","M","E","M","R","BOSS","M","$","M","M","?","E","R","$","T","E","R","M","?","E","R","BOSS","M","?","$","?","M","E"],"items_purchased_type":["Relic","Relic","Card","Card","Relic","Potion","Card","Card","Relic","Relic","Card"],"build_version":"2020-12-22","purchased_purges":0,"victory":false,"max_hp_per_floor":[77,77,77,77,77,77,77,77,77,77,77,77,77,77,77,77,77,77,77,77,77,77,77,77,77,77,77,77,77,77,77,77,77,77,77,77,84,84,84,84,84],"relic_stats":{"Sozu":0,"counters":[21,135],"Ornamental Fan":[180],"Shuriken":[13],"Gambling Chip":[22],"MealTicket":28,"Ginger":[21],"Kunai":[16],"Smiling Mask":0,"obtain_stats":[{"Tiny House":0,"Oddly Smooth Stone":17,"EVO:Axolotl":0,"Ginger":17,"TeardropLocket":27,"Hallownest:KingsIdolRelic":36,"Smiling Mask":23,"Akabeko":26,"ClockworkSouvenir":37,"Calling Bell":17,"Sozu":34,"HornCleat":13,"Ornamental Fan":2,"Shuriken":31,"Gambling Chip":7,"Strawberry":37,"MealTicket":19,"foxEvents:LuckyCharm":5,"Kunai":30,"PureWater":0,"InkBottle":17,"Meat on the Bone":2},{"Tiny House":0,"Oddly Smooth Stone":10,"EVO:Axolotl":0,"Ginger":10,"TeardropLocket":15,"Hallownest:KingsIdolRelic":19,"Smiling Mask":14,"Akabeko":14,"ClockworkSouvenir":19,"Calling Bell":10,"Sozu":18,"HornCleat":8,"Ornamental Fan":1,"Shuriken":17,"Gambling Chip":5,"Strawberry":19,"MealTicket":11,"foxEvents:LuckyCharm":4,"Kunai":16,"PureWater":0,"InkBottle":10,"Meat on the Bone":1},{"Tiny House":0,"Oddly Smooth Stone":44,"EVO:Axolotl":0,"Ginger":44,"TeardropLocket":86,"Hallownest:KingsIdolRelic":121,"Smiling Mask":71,"Akabeko":71,"ClockworkSouvenir":121,"Calling Bell":44,"Sozu":115,"HornCleat":32,"Ornamental Fan":4,"Shuriken":104,"Gambling Chip":18,"Strawberry":121,"MealTicket":49,"foxEvents:LuckyCharm":11,"Kunai":95,"PureWater":0,"InkBottle":44,"Meat on the Bone":4}],"InkBottle":[32],"Meat on the Bone":48},"card_choices":[{"not_picked":["EmptyFist","ThirdEye"],"picked":"Consecrate","floor":0.0},{"not_picked":["EmptyBody","JustLucky"],"picked":"CarveReality","floor":1.0},{"not_picked":["FlurryOfBlows","InnerPeace"],"picked":"Meditate","floor":3.0},{"not_picked":["FlurryOfBlows","Evaluate"],"picked":"Swivel","floor":4.0},{"not_picked":["TH:CopperCoins"],"picked":"TH:CursedSword","floor":7.0},{"not_picked":["BattleHymn","InnerPeace"],"picked":"LikeWater","floor":7.0},{"not_picked":["TH:EnergyPotion"],"picked":"TH:Mimic","floor":9.0},{"not_picked":["JustLucky","InnerPeace"],"picked":"MentalFortress","floor":11.0},{"not_picked":["Worship","ClearTheMind"],"picked":"PathToVictory","floor":12.0},{"not_picked":["TH:EnergyPotion"],"picked":"TH:BikiniMail","floor":13.0},{"not_picked":["BowlingBash","EmptyFist"],"picked":"BattleHymn","floor":13.0},{"not_picked":["FlurryOfBlows","CutThroughFate"],"picked":"ForeignInfluence","floor":14.0},{"not_picked":["TH:PixieDust"],"picked":"TH:BikiniMail","floor":16.0},{"not_picked":["Blasphemy","Vault"],"picked":"Brilliance","floor":16.0},{"not_picked":["BowlingBash+1","CarveReality+1"],"picked":"Conclude+1","floor":18.0},{"not_picked":["SashWhip","FlyingSleeves"],"picked":"ReachHeaven","floor":20.0},{"not_picked":["ThirdEye","Halt"],"picked":"Consecrate","floor":21.0},{"not_picked":["TH:Mimic"],"picked":"TH:CopperCoins","floor":23.0},{"not_picked":["SashWhip","ClearTheMind"],"picked":"PathToVictory","floor":23.0},{"not_picked":["TH:DeckOfManyThings"],"picked":"TH:CursedSword","floor":26.0},{"not_picked":["TH:Mimic"],"picked":"TH:ElvenBoots","floor":27.0},{"not_picked":["FlurryOfBlows","JustLucky+1"],"picked":"BowlingBash+1","floor":27.0},{"not_picked":["PathToVictory","WheelKick"],"picked":"MasterReality","floor":29},{"not_picked":["TH:ElvenBoots"],"picked":"TH:PixieDust","floor":31},{"not_picked":["CrushJoints","ThirdEye"],"picked":"Pray","floor":31},{"not_picked":["TH:CursedSword"],"picked":"TH:ArmorSpikes","floor":33},{"not_picked":["Omniscience","MasterReality"],"picked":"Ragnarok","floor":33},{"not_picked":["EmptyFist","SignatureMove"],"picked":"Evaluate+1","floor":35},{"not_picked":["CarveReality+1","Weave"],"picked":"PathToVictory+1","floor":39}],"player_experience":248454,"relics_obtained":[{"floor":5.0,"key":"foxEvents:LuckyCharm"},{"floor":7.0,"key":"Gambling Chip"},{"floor":13.0,"key":"HornCleat"},{"floor":17.0,"key":"Oddly Smooth Stone"},{"floor":17.0,"key":"InkBottle"},{"floor":17.0,"key":"Ginger"},{"floor":23.0,"key":"Smiling Mask"},{"floor":26.0,"key":"Akabeko"},{"floor":27.0,"key":"TeardropLocket"},{"floor":31,"key":"Shuriken"}],"event_choices":[{"damage_healed":0.0,"max_hp_gain":0.0,"max_hp_loss":0.0,"gold_gain":0.0,"event_name":"The Woman in Blue","player_choice":"Bought 0 Potions","floor":8.0,"gold_loss":0.0,"damage_taken":0.0}],"is_beta":false,"boss_relics":[{"not_picked":["Velvet Choker","Black Star"],"picked":"Calling Bell"},{"not_picked":["Snecko Eye","Astrolabe"],"picked":"Sozu"}],"items_purged_floors":[],"is_endless":false,"potions_floor_spawned":[3,4,5,14,16,20,21,27,33],"killed_by":"Hallownest:eliteCollector","ascension_level":1}}