{"host":"1a8lb11wemezctea","time":1614113524,"event":{"mods":["BaseMod","Colored Powertips","Highlight Path","Minty Spire (QoL Compilation)"],"gold_per_floor":[110,185,198,198,212,247,247,247,247,31,50,50,75,19,19,122,122,108,47,47,47,62,62,262,278,304,304,339,339,72,104,104,209,209,224,240,258,313,329,329,53,88,113,213,213,248,261,277,277,277,277,277,55,81,81,81],"floor_reached":55,"language":"ENG","playtime":3006,"items_purged":["Strike_R","Strike_R+1","Armaments+1"],"score":1274,"play_id":"b08b23ae-8608-4ed3-8659-9463a3c15a83","local_time":"20210223155204","is_ascension_mode":true,"campfire_choices":[{"data":"Armaments","floor":7,"key":"SMITH"},{"floor":12,"key":"REST"},{"data":"Demon Form","floor":15,"key":"SMITH"},{"data":"True Grit","floor":23,"key":"SMITH"},{"data":"Rage","floor":27,"key":"SMITH"},{"floor":29,"key":"REST"},{"data":"Whirlwind","floor":32,"key":"SMITH"},{"data":"Whirlwind","floor":40,"key":"SMITH"},{"floor":45,"key":"RECALL"},{"data":"Seeing Red","floor":49,"key":"SMITH"},{"floor":52,"key":"REST"}],"circlet_count":0,"master_deck":["AscendersBane","Strike_R+1","Strike_R+1","Strike_R+1","Defend_R+1","Defend_R+1","Defend_R+1","Defend_R+1","Bash","True Grit+1","Anger","Bash","Demon Form+1","Offering","Cleave","Rage+1","Reaper","Shrug It Off","Seeing Red+1","Whirlwind+1","Whirlwind+1","Dark Embrace+1","Battle Trance","Inflame"],"relics":["Burning Blood","War Paint","Blue Candle","The Courier","Regal Pillow","Bottled Tornado","Busted Crown","Ancient Tea Set","Mummified Hand","Oddly Smooth Stone","Self Forming Clay","Runic Pyramid","WingedGreaves","Akabeko","CeramicFish","Art of War","Bag of Marbles"],"acts_visited":["Exordium","TheCity","TheBeyond","TheEnding"],"potions_floor_usage":[8,11,13,16,28,31,33,38,39,50,54,55],"damage_taken":[{"damage":4,"enemies":"Small Slimes","floor":1,"turns":4},{"damage":19,"enemies":"Jaw Worm","floor":3,"turns":6},{"damage":0,"enemies":"Cultist","floor":5,"turns":3},{"damage":18,"enemies":"Lagavulin","floor":6,"turns":7},{"damage":41,"enemies":"3 Sentries","floor":8,"turns":8},{"damage":0,"enemies":"Gremlin Gang","floor":11,"turns":4},{"damage":10,"enemies":"Lagavulin","floor":13,"turns":5},{"damage":6,"enemies":"Slime Boss","floor":16,"turns":6},{"damage":35,"enemies":"2 Thieves","floor":18,"turns":4},{"damage":13,"enemies":"Chosen","floor":22,"turns":4},{"damage":17,"enemies":"Snake Plant","floor":25,"turns":4},{"damage":41,"enemies":"Slavers","floor":28,"turns":6},{"damage":17,"enemies":"Gremlin Leader","floor":31,"turns":6},{"damage":49,"enemies":"Automaton","floor":33,"turns":7},{"damage":6,"enemies":"3 Shapes","floor":35,"turns":5},{"damage":16,"enemies":"Orb Walker","floor":36,"turns":3},{"damage":9,"enemies":"Sphere and 2 Shapes","floor":37,"turns":4},{"damage":33,"enemies":"2 Orb Walkers","floor":38,"turns":4},{"damage":23,"enemies":"Transient","floor":39,"turns":5},{"damage":6,"enemies":"Nemesis","floor":42,"turns":5},{"damage":33,"enemies":"Giant Head","floor":46,"turns":7},{"damage":6,"enemies":"Jaw Worm Horde","floor":47,"turns":1},{"damage":13,"enemies":"Maw","floor":48,"turns":6},{"damage":89,"enemies":"Time Eater","floor":50,"turns":7},{"damage":65,"enemies":"Shield and Spear","floor":54,"turns":6},{"damage":84,"enemies":"The Heart","floor":55,"turns":6}],"seed_played":"-80912853637315345","potions_obtained":[{"floor":3,"key":"SmokeBomb"},{"floor":11,"key":"Swift Potion"},{"floor":13,"key":"Swift Potion"},{"floor":25,"key":"Weak Potion"},{"floor":28,"key":"AttackPotion"},{"floor":31,"key":"Weak Potion"},{"floor":33,"key":"HeartOfIron"},{"floor":38,"key":"FairyPotion"},{"floor":39,"key":"ColorlessPotion"}],"is_trial":false,"path_per_floor":["M","?","M","?","M","E","R","E","T","$","M","R","E","$","R","B",null,"M","$","?","?","M","R","?","M","T","R","E","R","$","E","R","B",null,"M","M","M","?","M","R","$","E","T","?","R","E","M","M","R","B",null,"R","$","E","B"],"character_chosen":"IRONCLAD","items_purchased":["Regal Pillow","Explosive Potion","Rage","Seeing Red","Whirlwind","Oddly Smooth Stone","Strength Potion","Akabeko","DuplicationPotion","BloodPotion","SpeedPotion","PowerPotion","Battle Trance","Inflame"],"campfire_rested":3,"item_purchase_floors":[10,10,14,19,30,30,30,41,41,53,53,53,53,53],"current_hp_per_floor":[74,63,50,50,56,44,44,9,9,9,15,54,50,50,50,50,73,51,51,51,51,54,54,54,50,50,50,27,66,66,69,69,26,67,80,80,80,66,49,49,49,59,59,59,59,52,52,59,59,30,68,80,80,58,0,0],"gold":81,"neow_bonus":"RANDOM_COMMON_RELIC","is_daily":false,"chose_seed":false,"campfire_upgraded":7,"win_rate":0.0,"timestamp":1614113524,"path_taken":["M","?","M","?","?","E","R","E","T","$","?","R","E","?","R","BOSS","M","$","?","?","M","R","?","M","T","R","E","R","$","E","R","BOSS","M","M","?","?","M","R","$","E","T","?","R","E","?","M","R","BOSS","R","$","E","BOSS"],"items_purchased_type":["Relic","Potion","Card","Card","Card","Relic","Potion","Relic","Potion","Potion","Potion","Potion","Card","Card"],"build_version":"2020-12-22","purchased_purges":3,"victory":false,"max_hp_per_floor":[80,80,80,80,80,80,80,80,80,80,80,80,80,80,80,80,80,80,80,80,80,80,80,80,80,80,80,80,80,80,80,80,80,80,80,80,80,80,80,80,80,80,80,80,80,80,80,80,80,80,80,80,80,80,80,80],"card_choices":[{"not_picked":["Clash","Pommel Strike"],"picked":"True Grit","floor":1},{"not_picked":["Flex","Infernal Blade"],"picked":"Anger","floor":3},{"not_picked":["Combust","Second Wind"],"picked":"Armaments","floor":5},{"not_picked":["Pommel Strike","Ghostly Armor"],"picked":"Offering","floor":6},{"not_picked":["Armaments","Twin Strike"],"picked":"Cleave","floor":11},{"not_picked":["Twin Strike","Combust","Pommel Strike"],"picked":"SKIP","floor":13},{"not_picked":["Immolate","Fiend Fire"],"picked":"Reaper","floor":16},{"not_picked":[],"picked":"Shrug It Off","floor":18},{"not_picked":["Headbutt+1"],"picked":"SKIP","floor":22},{"not_picked":["Warcry"],"picked":"SKIP","floor":25},{"not_picked":["Offering"],"picked":"SKIP","floor":28},{"not_picked":[],"picked":"Whirlwind","floor":31},{"not_picked":[],"picked":"Dark Embrace+1","floor":35},{"not_picked":["Heavy Blade"],"picked":"SKIP","floor":36},{"not_picked":["Iron Wave"],"picked":"SKIP","floor":37},{"not_picked":["Whirlwind"],"picked":"SKIP","floor":39},{"not_picked":["Bludgeon"],"picked":"SKIP","floor":42},{"not_picked":["Anger"],"picked":"SKIP","floor":46},{"not_picked":["Warcry"],"picked":"SKIP","floor":47},{"not_picked":["Dark Embrace+1"],"picked":"SKIP","floor":48},{"not_picked":["Power Through"],"picked":"SKIP","floor":54}],"player_experience":310975,"relics_obtained":[{"floor":6,"key":"Blue Candle"},{"floor":9,"key":"The Courier"},{"floor":13,"key":"Bottled Tornado"},{"floor":26,"key":"Ancient Tea Set"},{"floor":28,"key":"Mummified Hand"},{"floor":31,"key":"Self Forming Clay"},{"floor":38,"key":"WingedGreaves"},{"floor":42,"key":"CeramicFish"},{"floor":46,"key":"Art of War"},{"floor":54,"key":"Bag of Marbles"}],"event_choices":[{"damage_healed":0,"gold_gain":75,"player_choice":"Gather Gold","damage_taken":11,"max_hp_gain":0,"max_hp_loss":0,"event_name":"World of Goop","floor":2,"gold_loss":0},{"damage_healed":0,"gold_gain":0,"player_choice":"2 cards matched","damage_taken":0,"max_hp_gain":0,"max_hp_loss":0,"event_name":"Match and Keep!","floor":4,"gold_loss":0,"cards_obtained":["Bash","Demon Form"]},{"damage_healed":0,"gold_gain":0,"player_choice":"Ignored","damage_taken":0,"max_hp_gain":0,"max_hp_loss":0,"event_name":"The Mausoleum","floor":20,"gold_loss":0},{"damage_healed":0,"gold_gain":0,"player_choice":"Simplicity","damage_taken":0,"max_hp_gain":0,"max_hp_loss":0,"event_name":"Back to Basics","floor":21,"gold_loss":0,"cards_upgraded":["Strike_R","Strike_R","Strike_R","Strike_R","Defend_R","Defend_R"]},{"damage_healed":0,"gold_gain":200,"player_choice":"Gold","damage_taken":0,"max_hp_gain":0,"max_hp_loss":0,"event_name":"Wheel of Change","floor":24,"gold_loss":0},{"damage_healed":0,"gold_gain":0,"player_choice":"Fight","damage_taken":0,"max_hp_gain":0,"max_hp_loss":0,"event_name":"Mysterious Sphere","floor":38,"gold_loss":0},{"damage_healed":0,"gold_gain":100,"player_choice":"Pray","damage_taken":0,"max_hp_gain":0,"max_hp_loss":0,"event_name":"Golden Shrine","floor":44,"gold_loss":0}],"is_beta":false,"boss_relics":[{"not_picked":["Astrolabe","Mark of Pain"],"picked":"Busted Crown"},{"not_picked":["Runic Cube","Philosopher\u0027s Stone"],"picked":"Runic Pyramid"}],"items_purged_floors":[10,30,41],"is_endless":false,"potions_floor_spawned":[3,11,13,25,28,31,33,35,38,39,47],"killed_by":"The Heart","ascension_level":11}}