{"host":"od06gsur5w60l0yz","time":1614106067,"event":{"mods":["BaseMod","Better Match","Better Third Choice","Colored Map","Dio Mod","Downfall","GifTheSpireLib","Googly Eyes","Hermit","Hubris","Minty Spire (QoL Compilation)","Reliquary","Replay The Spire","StSLib","The Cursed","The Forsaken","The Necromancer","The Senshi"],"gold_per_floor":[112,132,132,132,132,132,148,181,208,264,264,214,227,257,257,354,354,364,364,382,382,397,430,430,461,487,41,55,84,98,173,173,278,278,297,297,314,331,331,358,374,374,374,424,453,476,476,487,487,487,487,487,85,112,112,112],"floor_reached":55,"language":"ENG","playtime":2973,"items_purged":["ReplayTheSpireMod:Splinters","dioMod:Defend"],"score":1262,"play_id":"808207db-4aa5-49a8-9642-1215553d7eaf","local_time":"20210223154747","is_ascension_mode":true,"campfire_choices":[{"data":"dioMod:SevenPageMuda","floor":6.0,"key":"SMITH"},{"floor":11.0,"key":"RECALL"},{"floor":15.0,"key":"REST"},{"data":"dioMod:SevenPageMuda","floor":24.0,"key":"SMITH"},{"data":"dioMod:GoldVial","floor":32.0,"key":"SMITH"},{"data":"dioMod:Muda","floor":47.0,"key":"SMITH"},{"data":"dioMod:Freeze","floor":49.0,"key":"SMITH"},{"data":"dioMod:Defend","floor":52,"key":"SMITH"}],"circlet_count":0,"master_deck":["dioMod:Strike","dioMod:Strike","dioMod:Strike+1","dioMod:Strike+1","Bite","dioMod:Defend","dioMod:Defend","dioMod:Defend+1","dioMod:SevenPageMuda+1","dioMod:GoldVial+1","dioMod:SevenPageMuda+1","dioMod:Regeneration","dioMod:UltimateSacrifice","dioMod:SevenPageMuda","dioMod:Freeze+1","dioMod:Hiss+1","dioMod:DoubleTime+1","dioMod:MudaMudaMuda+1","dioMod:Muda+1","dioMod:Muda+1","Master of Strategy","dioMod:DarkRebirth+1","dioMod:Muda"],"relics":["dioMod:VampireBlood","hubris:Towel","hubris:Icosahedron","WarpedTongs","Bronze Scales","hubris:SlimyHat","reliquary:TuningFork","reliquary:Stiletto","hubris:CrackedHourglass","Enchiridion","hubris:SphereOfDissonance","reliquary:RoseTintedGlasses","Tiny Chest","PreservedInsect","Orrery","theSenshi:SailorFukuRelic","ReplayTheSpireMod:CursedCoin","Coffee Dripper","Sundial","Replay:Baseball","ReplayTheSpireMod:Ninjato","hubris:Spice","Boot","Replay:Wax Seal","Whetstone"],"acts_visited":["Exordium","TheCity","TheBeyond","TheEnding"],"potions_floor_usage":[50,50,55,55],"damage_taken":[{"damage":1.0,"enemies":"Cultist","floor":1.0,"turns":3.0},{"damage":0.0,"enemies":"Small Slimes","floor":2.0,"turns":2.0},{"damage":8.0,"enemies":"2 Louse","floor":7.0,"turns":2.0},{"damage":29.0,"enemies":"3 Sentries","floor":8.0,"turns":8.0},{"damage":31.0,"enemies":"Gremlin Nob","floor":10.0,"turns":4.0},{"damage":1.0,"enemies":"Red Slaver","floor":13.0,"turns":2.0},{"damage":20.0,"enemies":"Lagavulin","floor":14.0,"turns":6.0},{"damage":47.0,"enemies":"Slime Boss","floor":16.0,"turns":11.0},{"damage":13.0,"enemies":"3 Byrds","floor":18.0,"turns":3.0},{"damage":14.0,"enemies":"2 Thieves","floor":20.0,"turns":4.0},{"damage":33.0,"enemies":"3 Cultists","floor":22.0,"turns":5.0},{"damage":33.0,"enemies":"Replay:Snechameleon","floor":23.0,"turns":5.0},{"damage":40.0,"enemies":"Book of Stabbing","floor":25.0,"turns":4.0},{"damage":22.0,"enemies":"Cultist and Chosen","floor":28.0,"turns":6.0},{"damage":8.0,"enemies":"Gremlin Leader","floor":29.0,"turns":1.0},{"damage":0.0,"enemies":"Sentry and Sphere","floor":30.0,"turns":2.0},{"damage":52.0,"enemies":"Pondfish","floor":33.0,"turns":7.0},{"damage":0.0,"enemies":"Orb Walker","floor":35.0,"turns":2.0},{"damage":50.0,"enemies":"3 Darklings","floor":37.0,"turns":6.0},{"damage":47.0,"enemies":"4 Shapes","floor":38.0,"turns":5.0},{"damage":18.0,"enemies":"Reptomancer","floor":40.0,"turns":2.0},{"damage":48.0,"enemies":"Maw","floor":41.0,"turns":7.0},{"damage":12.0,"enemies":"Mind Bloom Boss Battle","floor":44.0,"turns":7.0},{"damage":6.0,"enemies":"R_Hoarder","floor":45.0,"turns":4.0},{"damage":0.0,"enemies":"Writhing Mass","floor":48.0,"turns":1.0},{"damage":101,"enemies":"Awakened One","floor":50,"turns":9},{"damage":10,"enemies":"Shield and Spear","floor":54,"turns":2},{"damage":187,"enemies":"The Heart","floor":55,"turns":6}],"seed_played":"967565738046209626","potions_obtained":[{"floor":8.0,"key":"Elixir"},{"floor":13.0,"key":"Energy Potion"},{"floor":14.0,"key":"Guardian:BlockOnCardUsePotion"},{"floor":16.0,"key":"ColorlessPotion"},{"floor":18.0,"key":"Elixir"},{"floor":21.0,"key":"FairyPotion"},{"floor":21.0,"key":"PowerPotion"},{"floor":28.0,"key":"Fire Potion"},{"floor":29.0,"key":"LiquidBronze"},{"floor":33.0,"key":"Dexterity Potion"},{"floor":37.0,"key":"Adrenaline Potion"},{"floor":41.0,"key":"SteroidPotion"},{"floor":45.0,"key":"LiquidMemories"}],"is_trial":false,"path_per_floor":["M","M","?","?","?","R","M","E","T","?","R","?","M","E","R","B",null,"M","?","M","?","M","E","R","E","T","$","M","E","M","$","R","B",null,"M","?","M","M","T","E","M","?","T","?","E","T","R","M","R","B",null,"R","$","E","B"],"character_chosen":"THE_DEFAULT","items_purchased":["Tiny Chest","PreservedInsect","Orrery","ReplayTheSpireMod:CursedCoin","Whetstone","dioMod:DarkRebirth+1","dioMod:Muda","Energy Potion"],"campfire_rested":1,"item_purchase_floors":[27,27,27,31,53,53,53,53],"current_hp_per_floor":[68,68,68,68,68,68,60,44,44,28,28,28,30,32,52,40,68,68,52,57,57,48,36,36,19,19,19,27,25,31,31,31,61,68,68,68,49,31,31,18,22,22,22,61,60,60,60,60,60,23,76,76,76,82,0,0],"gold":112,"neow_bonus":"THREE_RARE_CARDS","is_daily":false,"chose_seed":false,"campfire_upgraded":6,"win_rate":0.0,"timestamp":1614106067,"path_taken":["M","?","?","?","?","R","?","E","T","?","R","?","M","E","R","BOSS","M","?","M","?","M","E","R","E","T","$","?","E","M","?","R","BOSS","M","?","M","M","?","E","?","?","T","?","E","?","R","M","R","BOSS","R","$","E","BOSS"],"items_purchased_type":["Relic","Relic","Relic","Relic","Relic","Card","Card","Potion"],"build_version":"2020-12-22","purchased_purges":2,"victory":false,"max_hp_per_floor":[68,68,68,68,68,68,68,68,68,68,68,68,68,68,68,68,68,68,68,68,68,68,68,68,68,68,68,68,68,68,68,68,68,68,68,68,68,68,68,68,68,68,68,76,76,76,76,76,76,76,76,76,76,84,84,84],"card_choices":[{"not_picked":["dioMod:ZaWarudo","dioMod:PathToHeaven"],"picked":"dioMod:SevenPageMuda","floor":0.0},{"not_picked":["dioMod:ComposedMuda","dioMod:CautiousMuda","dioMod:ComboFever"],"picked":"SKIP","floor":1.0},{"not_picked":["dioMod:CutDeep","dioMod:Pluck","dioMod:FlyAway"],"picked":"SKIP","floor":2.0},{"not_picked":["dioMod:Roundabout","dioMod:ComposedMuda","dioMod:BloodSplash"],"picked":"SKIP","floor":7.0},{"not_picked":["dioMod:Pluck","dioMod:WRYYY"],"picked":"dioMod:GoldVial","floor":8.0},{"not_picked":["dioMod:SecretPlan","dioMod:BlendIn","dioMod:ComposedMuda"],"picked":"SKIP","floor":13.0},{"not_picked":["dioMod:Pluck","dioMod:DaggerSpree","dioMod:TripleThreat"],"picked":"SKIP","floor":14.0},{"not_picked":["dioMod:PhantomBlood","dioMod:UltimateSacrifice"],"picked":"dioMod:SevenPageMuda","floor":16.0},{"not_picked":["dioMod:VengefulMuda","dioMod:FlyAway","dioMod:Donut"],"picked":"SKIP","floor":18.0},{"not_picked":["dioMod:Hiss","dioMod:StreetSign","dioMod:Pluck"],"picked":"SKIP","floor":20.0},{"not_picked":["dioMod:CautiousMuda","dioMod:BlendIn","dioMod:WRYYY"],"picked":"SKIP","floor":22.0},{"not_picked":["dioMod:VengefulMuda","dioMod:DominatingPresence"],"picked":"dioMod:Regeneration","floor":23.0},{"not_picked":["dioMod:CoffinBath+1","dioMod:BloodSplash"],"picked":"dioMod:UltimateSacrifice","floor":25.0},{"not_picked":["dioMod:Roundabout","dioMod:StreetSign+1"],"picked":"dioMod:SevenPageMuda","floor":27.0},{"not_picked":["dioMod:WRYYY","dioMod:BlendIn"],"picked":"dioMod:Freeze","floor":27.0},{"not_picked":["dioMod:SecretPlan+1","dioMod:DaggerToss"],"picked":"dioMod:Hiss+1","floor":27.0},{"not_picked":["dioMod:DarkRebirth","dioMod:ComposedMuda+1","dioMod:WRYYY"],"picked":"SKIP","floor":28.0},{"not_picked":["dioMod:Freeze","dioMod:HeavyLifting","dioMod:SecretPlan"],"picked":"SKIP","floor":29.0},{"not_picked":["dioMod:Diversion","dioMod:Minions"],"picked":"dioMod:DoubleTime+1","floor":30.0},{"not_picked":["dioMod:ZaWarudo","dioMod:UltimateSacrifice"],"picked":"dioMod:MudaMudaMuda","floor":33.0},{"not_picked":["dioMod:DisarmingVoice+1","dioMod:CautiousMuda+1"],"picked":"dioMod:Muda","floor":35.0},{"not_picked":["dioMod:CutDeep","dioMod:CoffinBath","dioMod:TripleThreat+1"],"picked":"SKIP","floor":37.0},{"not_picked":["dioMod:CautiousMuda","dioMod:SevenPageMuda","dioMod:Diversion"],"picked":"SKIP","floor":38.0},{"not_picked":["dioMod:ComposedMuda+1","dioMod:DarkRebirth"],"picked":"dioMod:Muda+1","floor":40.0},{"not_picked":["dioMod:SecretPlan","dioMod:LaserVision","dioMod:BloodSuck"],"picked":"SKIP","floor":41.0},{"not_picked":["hubris:Insight","Good Instincts"],"picked":"Master of Strategy","floor":42.0},{"not_picked":["dioMod:BlendIn+1","dioMod:Minions+1","dioMod:FlyAway"],"picked":"SKIP","floor":45.0},{"not_picked":["dioMod:SadisticLaugh","dioMod:Minions","dioMod:Roundabout+1"],"picked":"SKIP","floor":48.0},{"not_picked":["dioMod:DaggerToss+1","dioMod:ComposedMuda","dioMod:BloodSplash"],"picked":"SKIP","floor":54}],"player_experience":277986,"relics_obtained":[{"floor":8.0,"key":"Bronze Scales"},{"floor":9.0,"key":"hubris:SlimyHat"},{"floor":10.0,"key":"reliquary:TuningFork"},{"floor":14.0,"key":"reliquary:Stiletto"},{"floor":19.0,"key":"Enchiridion"},{"floor":23.0,"key":"hubris:SphereOfDissonance"},{"floor":25.0,"key":"reliquary:RoseTintedGlasses"},{"floor":29.0,"key":"theSenshi:SailorFukuRelic"},{"floor":39.0,"key":"Sundial"},{"floor":40.0,"key":"Replay:Baseball"},{"floor":43.0,"key":"ReplayTheSpireMod:Ninjato"},{"floor":44.0,"key":"hubris:Spice"},{"floor":45.0,"key":"Boot"},{"floor":46.0,"key":"Replay:Wax Seal"},{"floor":54,"key":"hubris:Spice"}],"event_choices":[{"damage_healed":0.0,"max_hp_gain":0.0,"max_hp_loss":0.0,"gold_gain":0.0,"event_name":"Accursed Blacksmith","player_choice":"Rummage","floor":5.0,"gold_loss":0.0,"damage_taken":0.0,"relics_obtained":["WarpedTongs"],"cards_obtained":["Pain"]},{"damage_healed":0.0,"max_hp_gain":0.0,"max_hp_loss":0.0,"gold_gain":0.0,"event_name":"Dead Adventurer","player_choice":"Searched \u00271\u0027 times","floor":10.0,"gold_loss":0.0,"damage_taken":0.0},{"cards_removed":["Pain"],"damage_healed":0.0,"max_hp_gain":0.0,"max_hp_loss":0.0,"gold_gain":0.0,"event_name":"The Cleric","player_choice":"Card Removal","floor":12.0,"gold_loss":50.0,"damage_taken":0.0},{"damage_healed":0.0,"max_hp_gain":0.0,"max_hp_loss":0.0,"gold_gain":0.0,"event_name":"Cursed Tome","player_choice":"Obtained Book","floor":19.0,"gold_loss":0.0,"damage_taken":16.0},{"damage_healed":0.0,"max_hp_gain":0.0,"max_hp_loss":0.0,"gold_gain":0.0,"event_name":"Lab","player_choice":"Got Potions","floor":21.0,"gold_loss":0.0,"damage_taken":0.0},{"damage_healed":0.0,"max_hp_gain":0.0,"max_hp_loss":0.0,"gold_gain":0.0,"event_name":"SensoryStone","player_choice":"Memory 1","floor":42.0,"gold_loss":0.0,"damage_taken":0.0},{"damage_healed":0.0,"max_hp_gain":0.0,"max_hp_loss":0.0,"gold_gain":0.0,"event_name":"MindBloom","player_choice":"Fight","floor":44.0,"gold_loss":0.0,"damage_taken":0.0}],"is_beta":false,"boss_relics":[{"not_picked":["SlaversCollar","hubris:ScarierMask"],"picked":"hubris:CrackedHourglass"},{"not_picked":["hubris:VirtuousBlindfold","hubris:BlackHole"],"picked":"Coffee Dripper"}],"items_purged_floors":[31,53],"is_endless":false,"potions_floor_spawned":[8,10,13,14,16,18,28,29,33,37,41,45],"killed_by":"The Heart","ascension_level":4}}