{"host":"5dk97cf2ubw2v967","time":1614065764,"event":{"mods":["AlwaysNeverKeys","BaseMod","Better Altar","Better Vampires","Block Reminder","Card Filter","Colored Powertips","Downfall","Googly Eyes","Highlight Path","Minty Spire (QoL Compilation)","Permanent Neow","Potion Indicator Mod","Quick Restart","Relic Filter","Relic Stats","Say the Spire","Spicy Shops","StSLib","Waifu the Spire","everything is the same but u backflip on backflip"],"gold_per_floor":[114,114,114,114,127,127,127],"floor_reached":6,"language":"ENG","playtime":126,"items_purged":[],"score":68,"play_id":"21e2d0f0-d82e-423f-8abe-c23142a1455e","local_time":"20210223073604","is_ascension_mode":true,"campfire_choices":[],"circlet_count":0,"master_deck":["AscendersBane","Strike_R","Strike_R","Strike_R","Strike_R","Strike_R","Defend_R","Defend_R+1","Defend_R+1","Defend_R","Bash","Dramatic Entrance","Sword Boomerang","Regret","Metallicize"],"relics":["Burning Blood","Calipers","Magic Flower"],"acts_visited":["Exordium"],"potions_floor_usage":[],"damage_taken":[{"damage":6,"enemies":"Cultist","floor":1,"turns":3},{"damage":14,"enemies":"Small Slimes","floor":5,"turns":2},{"damage":32,"enemies":"3 Sentries","floor":6,"turns":7}],"seed_played":"9015975327187891117","potions_obtained":[],"is_trial":false,"path_per_floor":["M","?","?","T","M","E"],"character_chosen":"IRONCLAD","items_purchased":[],"campfire_rested":0,"item_purchase_floors":[],"current_hp_per_floor":[68,68,45,45,40,8,8],"gold":127,"neow_bonus":"RANDOM_COLORLESS","is_daily":false,"chose_seed":false,"campfire_upgraded":0,"win_rate":0.0,"timestamp":1614065764,"path_taken":["M","?","?","?","?","E"],"items_purchased_type":[],"build_version":"2020-12-22","purchased_purges":0,"victory":false,"max_hp_per_floor":[75,75,75,75,75,75,75],"relic_stats":{"counters":[3,12],"Magic Flower":[3],"obtain_stats":[{"Calipers":2,"Magic Flower":4,"Burning Blood":0},{"Calipers":1,"Magic Flower":1,"Burning Blood":0},{"Calipers":3,"Magic Flower":3,"Burning Blood":0}],"Burning Blood":15},"card_choices":[{"not_picked":["Good Instincts","Blind"],"picked":"Dramatic Entrance","floor":0},{"not_picked":["Flex","Entrench"],"picked":"Sword Boomerang","floor":1},{"not_picked":["Wild Strike","Pommel Strike"],"picked":"Metallicize","floor":5}],"player_experience":1341325,"relics_obtained":[{"floor":4,"key":"Magic Flower"}],"event_choices":[{"damage_healed":0,"gold_gain":0,"player_choice":"Box","damage_taken":0,"relics_obtained":["Calipers"],"max_hp_gain":0,"max_hp_loss":0,"event_name":"Big Fish","floor":2,"gold_loss":0,"cards_obtained":["Regret"]},{"damage_healed":0,"gold_gain":0,"player_choice":"Entered Light","damage_taken":23,"max_hp_gain":0,"max_hp_loss":0,"event_name":"Shining Light","floor":3,"gold_loss":0,"cards_upgraded":["Defend_R","Defend_R"]}],"is_beta":false,"boss_relics":[],"items_purged_floors":[],"is_endless":false,"potions_floor_spawned":[],"killed_by":"3 Sentries","ascension_level":20}}