{"host":"fm9e0lfunjlbhzxv","time":1614115015,"event":{"mods":["Alarm Clock","BaseMod","Bestiary","Better Match","Better Skull","Better Third Choice","Colored Map","Colored Powertips","Downfall","Good Game Mod","Key Reminder","Minty Spire (QoL Compilation)","Permanent Neow","Random Character Button","Rare Cards Sparkle","Relic Stats","Spire Arcade","StSLib","slay the spire mod where everything is the same but ironclad has a cowboy hat"],"gold_per_floor":[99,112,61,161,173,184,211,169,194,194,94,122,22,51,69,172,172,72,90,107,107,107,207,207,207,142,177,194,219,219,281,296,398,398,398,420,444,461,481,108,135,135,148,173,186,236,263,329,345,345,345,374,52,52,52,52],"floor_reached":57,"language":"ENG","playtime":8292,"items_purged":["hexamod:Defend","hexamod:Defend","hexamod:SixthSeal"],"score":1474,"play_id":"49ec3ad9-02b4-46a3-b1ec-dc1d9db9109f","local_time":"20210223131655","is_ascension_mode":true,"campfire_choices":[{"floor":1,"key":"RECALL"},{"data":"bronze:Return","floor":11,"key":"SMITH"},{"floor":13,"key":"REST"},{"data":"hexamod:GiftsFromTheDead","floor":18,"key":"SMITH"},{"data":"hexamod:ApocalypticArmor","floor":25,"key":"SMITH"},{"data":"hexamod:GhostflameInferno","floor":30,"key":"SMITH"},{"data":"hexamod:ForkedFlame","floor":35,"key":"SMITH"},{"data":"1","floor":42,"key":"LIFT"},{"floor":54,"key":"REST"}],"circlet_count":0,"master_deck":["hexamod:Strike+1","hexamod:Strike+1","hexamod:Strike+1","hexamod:Strike+1","hexamod:Defend+1","hexamod:Defend+1","hexamod:Sear+1","hexamod:Float+1","CurseOfTheBell","bronze:Return+1","hexamod:FirstSeal","hexamod:VolcanoVisage+1","hexamod:Hexaguard+1","hexamod:GiftsFromTheDead+1","hexamod:ThirdSeal","hexamod:StepThrough+1","hexamod:SoulSteal+1","hexamod:ThirdSeal","hexamod:GhostflameBarrier+1","hexamod:ApocalypticArmor+1","hexamod:TimeOfNeed+1","hexamod:FastForward+1","hexamod:CatchUp+1","hexamod:ThirdSeal","hexamod:ThirdSeal","hexamod:RecurringNightmare+1","hexamod:ApocalypticArmor+1","hexamod:StepThrough+1","hexamod:SpectersWail+1","hexamod:FourthSeal","hexamod:HauntingEcho+1","hexamod:StepThrough+1","hexamod:FastForward+1","hexamod:GhostLash+1","hexamod:ThirdSeal","hexamod:GhostflameInferno+1","hexamod:ApocalypticArmor+1","hexamod:ForkedFlame+1","hexamod:FifthSeal","hexamod:PowerFromBeyond+1","hexamod:ThirdSeal","hexamod:PowerFromBeyond+1","hexamod:HexaLevel+1","hexamod:SixthSeal","hexamod:RainOfEmbers+1","Secret Technique"],"relics":["REME:ComplimentaryCards","Calling Bell","hexamod:MatchstickCase","Singing Bowl","Lizard Tail","Smiling Mask","downfall:HeartBlessingBlue","Strawberry","downfall:HeartBlessingRed","InkBottle","sneckomod:SneckoTalon","downfall:HeartBlessingGreen","champ:DeflectingBracers","downfall:CloakOfManyFaces","CultistMask","FaceOfCleric","NlothsMask","GremlinMask","SsserpentHead","hexamod:BolsterEngine","PreservedInsect","expansioncontent:StudyCardRelic","hexamod:TheBrokenSeal","ClockworkSouvenir","Pen Nib","Girya","Omamori","bronze:DecasWashers","Torii","Du-Vu Doll"],"acts_visited":["Exordium","TheCity","TheBeyond","TheEnding"],"potions_floor_usage":[3,9,16,19,20,23,27,29,31,36,40,44,50,56,56],"damage_taken":[{"damage":1,"enemies":"Cultist","floor":2,"turns":3},{"damage":10,"enemies":"downfall:FleeingMerchant","floor":3,"turns":4},{"damage":0,"enemies":"2 Louse","floor":5,"turns":3},{"damage":11,"enemies":"Small Slimes","floor":6,"turns":5},{"damage":15,"enemies":"downfall:FleeingMerchant","floor":8,"turns":4},{"damage":42,"enemies":"Gremlin Nob","floor":9,"turns":6},{"damage":10,"enemies":"Lagavulin","floor":12,"turns":6},{"damage":70,"enemies":"Gremlin Nob","floor":14,"turns":7},{"damage":21,"enemies":"Red Slaver","floor":15,"turns":6},{"damage":58,"enemies":"WA_ARCHETYPE_RETAIN","floor":16,"turns":10},{"damage":22,"enemies":"Shell Parasite","floor":19,"turns":6},{"damage":15,"enemies":"3 Byrds","floor":20,"turns":5},{"damage":9,"enemies":"downfall:FaceTrader","floor":23,"turns":11},{"damage":20,"enemies":"downfall:FleeingMerchant","floor":26,"turns":4},{"damage":48,"enemies":"Gremlin Leader","floor":27,"turns":8},{"damage":4,"enemies":"Snecko","floor":28,"turns":3},{"damage":29,"enemies":"Book of Stabbing","floor":29,"turns":6},{"damage":30,"enemies":"Snake Plant","floor":31,"turns":4},{"damage":15,"enemies":"Cultist and Chosen","floor":32,"turns":6},{"damage":45,"enemies":"IC_MUSHROOM_ARCHETYPE","floor":33,"turns":8},{"damage":23,"enemies":"3 Darklings","floor":36,"turns":6},{"damage":21,"enemies":"3 Shapes","floor":37,"turns":7},{"damage":26,"enemies":"Spire Growth","floor":38,"turns":5},{"damage":10,"enemies":"Maw","floor":39,"turns":9},{"damage":16,"enemies":"downfall:FleeingMerchant","floor":40,"turns":6},{"damage":14,"enemies":"Jaw Worm Horde","floor":43,"turns":4},{"damage":7,"enemies":"Giant Head","floor":44,"turns":7},{"damage":0,"enemies":"Writhing Mass","floor":45,"turns":5},{"damage":0,"enemies":"Reptomancer","floor":47,"turns":2},{"damage":10,"enemies":"Maw","floor":48,"turns":5},{"damage":8,"enemies":"Transient","floor":49,"turns":8},{"damage":50,"enemies":"DF_ARCHETYPE_ORBS","floor":50,"turns":6},{"damage":53,"enemies":"downfall:CharBossMerchant","floor":52,"turns":6},{"damage":52,"enemies":"downfall:NeowBoss","floor":55,"turns":13},{"damage":294,"enemies":"downfall:NeowBossFinal","floor":56,"turns":12}],"seed_played":"-7673079537060762640","potions_obtained":[{"floor":2,"key":"GamblersBrew"},{"floor":5,"key":"Regen Potion"},{"floor":6,"key":"SpeedPotion"},{"floor":9,"key":"bronze:BurnAndBuffPotion"},{"floor":14,"key":"sneckomod:MuddlingPotion"},{"floor":14,"key":"Ancient Potion"},{"floor":15,"key":"Dexterity Potion"},{"floor":16,"key":"DistilledChaos"},{"floor":19,"key":"hexamod:EctoCoolerPotion"},{"floor":20,"key":"DistilledChaos"},{"floor":23,"key":"Swift Potion"},{"floor":28,"key":"SpeedPotion"},{"floor":29,"key":"hexamod:SoulburnPotion"},{"floor":31,"key":"Fruit Juice"},{"floor":31,"key":"Explosive Potion"},{"floor":32,"key":"Guardian:BlockOnCardUsePotion"},{"floor":36,"key":"SkillPotion"},{"floor":37,"key":"Slimebound:ThreeZeroPotion"},{"floor":40,"key":"Weak Potion"},{"floor":44,"key":"SmokeBomb"},{"floor":45,"key":"DuplicationPotion"},{"floor":52,"key":"champ:CounterPotion"}],"is_trial":false,"path_per_floor":["R","M","$","?","M","M","T","$","E","?","R","E","R","E","M","B",null,"R","M","M","?","T","?","T","R","$","E","M","E","R","M","M","B",null,"R","M","M","M","M","?","T","R","M","E","M","?","E","M","M","B",null,"E","$","R","B","B",null],"character_chosen":"THE_SPIRIT","items_purchased":["hexamod:FirstSeal","hexamod:Hexaguard","ClockworkSouvenir","FairyPotion","Pen Nib","Girya","Block Potion","Strength Potion","Secret Technique"],"campfire_rested":2,"item_purchase_floors":[3,8,40,40,40,40,53,53,53],"current_hp_per_floor":[70,71,61,61,72,70,70,71,45,45,55,70,100,48,41,40,109,109,105,108,108,108,119,119,119,109,82,101,88,88,76,86,57,189,189,180,182,176,243,249,249,249,242,255,271,297,302,312,326,284,331,285,285,338,294,102],"gold":52,"neow_bonus":"BOSS_RELIC","is_daily":false,"chose_seed":false,"campfire_upgraded":5,"win_rate":0.0,"timestamp":1614115015,"path_taken":["R","M","?","?","M","M","T","$","E","?","R","E","R","E","M","BOSS","R","M","M","?","?","?","T","R","$","E","M","E","R","?","M","BOSS","R","M","M","M","M","?","T","R","M","E","M","?","E","?","M","BOSS","E","$","R","BOSS","BOSS"],"items_purchased_type":["Card","Card","Relic","Potion","Relic","Relic","Potion","Potion","Card"],"build_version":"2020-12-22","purchased_purges":3,"victory":true,"max_hp_per_floor":[70,72,72,72,76,78,78,80,82,82,92,103,103,107,107,109,109,109,113,117,117,117,123,123,123,126,133,142,151,151,169,180,189,189,189,196,205,218,243,258,258,258,265,278,287,297,302,315,330,331,331,338,338,338,339,340],"relic_stats":{"SsserpentHead":200,"Lizard Tail":53,"Singing Bowl":206,"FaceOfCleric":22,"Torii":7,"counters":[35,216],"PreservedInsect":258,"Pen Nib":[10],"Smiling Mask":150,"obtain_stats":[{"Singing Bowl":0,"Torii":47,"downfall:HeartBlessingGreen":18,"GremlinMask":23,"expansioncontent:StudyCardRelic":34,"Smiling Mask":9,"ClockworkSouvenir":40,"SsserpentHead":23,"Lizard Tail":0,"FaceOfCleric":23,"downfall:HeartBlessingBlue":11,"Strawberry":12,"downfall:CloakOfManyFaces":23,"hexamod:SpiritBrand":0,"InkBottle":14,"Girya":40,"downfall:HeartBlessingRed":13,"bronze:DecasWashers":44,"hexamod:TheBrokenSeal":39,"champ:DeflectingBracers":22,"PreservedInsect":29,"Pen Nib":40,"Omamori":41,"sneckomod:SneckoTalon":17,"hexamod:MatchstickCase":0,"Calling Bell":0,"keyreminder:keyreminder":1,"Du-Vu Doll":52,"REME:ComplimentaryCards":0,"CultistMask":23,"hexamod:BolsterEngine":27,"NlothsMask":23},{"Singing Bowl":0,"Torii":29,"downfall:HeartBlessingGreen":10,"GremlinMask":13,"expansioncontent:StudyCardRelic":20,"Smiling Mask":6,"ClockworkSouvenir":25,"SsserpentHead":13,"Lizard Tail":0,"FaceOfCleric":13,"downfall:HeartBlessingBlue":6,"Strawberry":7,"downfall:CloakOfManyFaces":13,"hexamod:SpiritBrand":0,"InkBottle":8,"Girya":25,"downfall:HeartBlessingRed":7,"bronze:DecasWashers":27,"hexamod:TheBrokenSeal":24,"champ:DeflectingBracers":12,"PreservedInsect":17,"Pen Nib":25,"Omamori":25,"sneckomod:SneckoTalon":10,"hexamod:MatchstickCase":0,"Calling Bell":0,"keyreminder:keyreminder":0,"Du-Vu Doll":33,"REME:ComplimentaryCards":0,"CultistMask":13,"hexamod:BolsterEngine":15,"NlothsMask":13},{"Singing Bowl":0,"Torii":166,"downfall:HeartBlessingGreen":54,"GremlinMask":76,"expansioncontent:StudyCardRelic":115,"Smiling Mask":25,"ClockworkSouvenir":148,"SsserpentHead":76,"Lizard Tail":0,"FaceOfCleric":76,"downfall:HeartBlessingBlue":25,"Strawberry":31,"downfall:CloakOfManyFaces":76,"hexamod:SpiritBrand":0,"InkBottle":38,"Girya":148,"downfall:HeartBlessingRed":31,"bronze:DecasWashers":159,"hexamod:TheBrokenSeal":141,"champ:DeflectingBracers":65,"PreservedInsect":97,"Pen Nib":148,"Omamori":148,"sneckomod:SneckoTalon":54,"hexamod:MatchstickCase":0,"Calling Bell":0,"keyreminder:keyreminder":0,"Du-Vu Doll":191,"REME:ComplimentaryCards":0,"CultistMask":76,"hexamod:BolsterEngine":88,"NlothsMask":76}],"InkBottle":[87]},"card_choices":[{"not_picked":["hexamod:EtherealExpedition","hexamod:InspiringFlames","hexamod:HauntingEcho"],"picked":"Singing Bowl","floor":2},{"not_picked":["hexamod:GhostOfSpireFuture","hexamod:BurningTouch"],"picked":"hexamod:ThirdSeal","floor":3},{"not_picked":["hexamod:SpectralSpark","hexamod:HauntingEcho","hexamod:NecessarySacrifice"],"picked":"Singing Bowl","floor":5},{"not_picked":["hexamod:NecessarySacrifice","hexamod:HeatShield","hexamod:Haunt"],"picked":"Singing Bowl","floor":5},{"not_picked":["hexamod:Firestarter","hexamod:HeatMetal"],"picked":"hexamod:FirstSeal","floor":6},{"not_picked":["hexamod:GiftsFromTheDead","hexamod:NightmareGuise","hexamod:FlamesFromBeyond"],"picked":"Singing Bowl","floor":6},{"not_picked":["hexamod:TimeOfNeed","hexamod:FirstSeal"],"picked":"hexamod:VolcanoVisage","floor":8},{"not_picked":["hexamod:GhostShield","hexamod:EtherealExpedition","hexamod:ChargedBarrage"],"picked":"Singing Bowl","floor":8},{"not_picked":["hexamod:EmpoweredFlame","hexamod:NightmareGuise","hexamod:SwordOfDarkness"],"picked":"Singing Bowl","floor":9},{"not_picked":["hexamod:ThermalTransfer","hexamod:GhostShield"],"picked":"hexamod:GiftsFromTheDead","floor":9},{"not_picked":["hexamod:GhostOfSpirePast","hexamod:GhostShield"],"picked":"hexamod:FourthSeal","floor":12},{"not_picked":["hexamod:BurningTouch","hexamod:HeatMetal","hexamod:RetreatToShadows"],"picked":"Singing Bowl","floor":12},{"not_picked":["hexamod:NightmareStrike","hexamod:ChargedBarrage","hexamod:Rewind"],"picked":"Singing Bowl","floor":12},{"not_picked":["hexamod:ApocalypseNow","hexamod:EtherealExpedition"],"picked":"hexamod:StepThrough","floor":14},{"not_picked":["hexamod:HauntingEcho","hexamod:Firestarter","hexamod:AdvancingGuard"],"picked":"Singing Bowl","floor":14},{"not_picked":["hexamod:TimeWarp","hexamod:SpectralSpark","hexamod:RetreatToShadows"],"picked":"Singing Bowl","floor":14},{"not_picked":["hexamod:RecurringNightmare","hexamod:BurningTouch"],"picked":"hexamod:SoulSteal","floor":15},{"not_picked":["hexamod:ShieldOfDarkness","hexamod:SwordOfDarkness"],"picked":"hexamod:ThirdSeal","floor":15},{"not_picked":["hexamod:InspiringFlames","hexamod:ExtraCrispy"],"picked":"hexamod:GhostflameBarrier","floor":15},{"not_picked":["hexamod:ApocalypseNow","hexamod:ApocalypticArmor"],"picked":"hexamod:FifthSeal","floor":16},{"not_picked":["hexamod:HexaLevel","hexamod:FlameSwitch","hexamod:WildfireWeapon"],"picked":"Singing Bowl","floor":16},{"not_picked":["hexamod:UnlimitedPower","hexamod:ForkedFlame"],"picked":"hexamod:ApocalypticArmor","floor":16},{"not_picked":["hexamod:VolcanoVisage","hexamod:GhostflameInferno"],"picked":"hexamod:TimeOfNeed","floor":16},{"not_picked":["hexamod:FirstSeal","hexamod:SecondSeal"],"picked":"hexamod:SixthSeal","floor":19},{"not_picked":["hexamod:Hexaguard","hexamod:FourthSeal"],"picked":"hexamod:FastForward+1","floor":19},{"not_picked":["hexamod:BurningTouch","hexamod:FourthSeal"],"picked":"hexamod:CatchUp+1","floor":19},{"not_picked":["hexamod:SuperheatedStrike","hexamod:Incineration","hexamod:FlamesFromBeyond"],"picked":"Singing Bowl","floor":19},{"not_picked":["hexamod:HeatShield","hexamod:RecurringNightmare","hexamod:FlamesFromBeyond+1"],"picked":"Singing Bowl","floor":19},{"not_picked":["hexamod:FirstSeal","hexamod:SixthSeal"],"picked":"hexamod:ThirdSeal","floor":20},{"not_picked":["hexamod:ThermalTransfer","hexamod:Firestarter+1","hexamod:HeatMetal"],"picked":"Singing Bowl","floor":20},{"not_picked":["hexamod:DynamicBlow","hexamod:Firestarter"],"picked":"hexamod:SixthSeal","floor":20},{"not_picked":["hexamod:HeatCrush","hexamod:ExtraCrispy","hexamod:FlamesFromBeyond"],"picked":"Singing Bowl","floor":20},{"not_picked":["hexamod:FirstSeal","hexamod:FourthSeal"],"picked":"hexamod:ThirdSeal","floor":23},{"not_picked":["hexamod:Rewind","hexamod:NightmareGuise"],"picked":"hexamod:RecurringNightmare","floor":23},{"not_picked":["hexamod:Hexaguard","hexamod:Incineration"],"picked":"hexamod:ApocalypticArmor","floor":23},{"not_picked":["hexamod:Hexaguard","hexamod:BacktrackSmack","hexamod:SuperheatedStrike"],"picked":"Singing Bowl","floor":23},{"not_picked":["hexamod:TurnItUp","hexamod:BurningTouch","hexamod:SuperheatedStrike"],"picked":"Singing Bowl","floor":23},{"not_picked":["hexamod:NightmareStrike","hexamod:FourthSeal","hexamod:EtherealExpedition"],"picked":"Singing Bowl","floor":23},{"not_picked":["hexamod:GhostLash","hexamod:ThermalTransfer"],"picked":"hexamod:StepThrough","floor":26},{"not_picked":["hexamod:NightmareGuise","hexamod:Incineration"],"picked":"hexamod:SpectersWail","floor":26},{"not_picked":["hexamod:FirstSeal","hexamod:SixthSeal"],"picked":"hexamod:FourthSeal","floor":26},{"not_picked":["hexamod:HeatMetal","hexamod:GhostOfSpireFuture","hexamod:FirstSeal"],"picked":"Singing Bowl","floor":26},{"not_picked":["hexamod:AdvancingGuard","hexamod:BurningTouch"],"picked":"hexamod:HauntingEcho+1","floor":26},{"not_picked":["hexamod:BurningTouch","hexamod:GhostLash","hexamod:RadiantFlame"],"picked":"Singing Bowl","floor":27},{"not_picked":["hexamod:GhostShield","hexamod:FourthSeal","hexamod:NightmareGuise"],"picked":"Singing Bowl","floor":27},{"not_picked":["hexamod:TimeWarp","hexamod:PhantomFireball+1","hexamod:SpectralSpark"],"picked":"Singing Bowl","floor":27},{"not_picked":["hexamod:RadiantFlame","hexamod:ShieldOfDarkness"],"picked":"hexamod:StepThrough+1","floor":27},{"not_picked":["hexamod:ShieldOfDarkness","hexamod:InspiringFlames"],"picked":"hexamod:FastForward","floor":27},{"not_picked":["hexamod:ExtraCrispy","hexamod:ChargedBarrage"],"picked":"hexamod:GhostLash+1","floor":27},{"not_picked":["hexamod:InspiringFlames","hexamod:GhostOfSpireFuture","hexamod:ThermalTransfer+1"],"picked":"Singing Bowl","floor":28},{"not_picked":["hexamod:HeatMetal+1","hexamod:Hexaguard","hexamod:SoulSteal"],"picked":"Singing Bowl","floor":28},{"not_picked":["hexamod:SpectersWail+1","hexamod:PhantomCloak","hexamod:HeatMetal"],"picked":"Singing Bowl","floor":28},{"not_picked":["hexamod:DynamicBlow+1","hexamod:FirstSeal","hexamod:HexaLevel"],"picked":"Singing Bowl","floor":28},{"not_picked":["hexamod:SwordOfDarkness","hexamod:Firestarter+1"],"picked":"hexamod:ThirdSeal","floor":28},{"not_picked":["hexamod:VolcanoVisage","hexamod:Incineration"],"picked":"hexamod:GhostflameInferno","floor":29},{"not_picked":["hexamod:RadiantFlame+1","hexamod:SpectralSpark","hexamod:TurnItUp"],"picked":"Singing Bowl","floor":29},{"not_picked":["hexamod:StepThrough","hexamod:NecessarySacrifice","hexamod:SearingWound"],"picked":"Singing Bowl","floor":29},{"not_picked":["hexamod:BacktrackSmack","hexamod:HeatShield","hexamod:ThermalTransfer+1"],"picked":"Singing Bowl","floor":29},{"not_picked":["hexamod:AdvancingGuard","hexamod:CatchUp","hexamod:FirstSeal"],"picked":"Singing Bowl","floor":29},{"not_picked":["hexamod:NecessarySacrifice","hexamod:SpectersWail","hexamod:NightmareStrike"],"picked":"Singing Bowl","floor":31},{"not_picked":["hexamod:GhostShield","hexamod:AdvancingGuard","hexamod:HeatShield"],"picked":"Singing Bowl","floor":31},{"not_picked":["hexamod:Firestarter+1","hexamod:BacktrackSmack","hexamod:FlamesFromBeyond"],"picked":"Singing Bowl","floor":31},{"not_picked":["hexamod:SpectersWail","hexamod:PhantomFireball","hexamod:BacktrackSmack+1"],"picked":"Singing Bowl","floor":31},{"not_picked":["hexamod:GhostShield","hexamod:CatchUp","hexamod:WildfireWeapon"],"picked":"Singing Bowl","floor":31},{"not_picked":["hexamod:ExtraCrispy","hexamod:SoulSteal","hexamod:NightmareGuise+1"],"picked":"Singing Bowl","floor":31},{"not_picked":["hexamod:PhantomCloak","hexamod:RadiantFlame+1","hexamod:SuperheatedStrike+1"],"picked":"Singing Bowl","floor":32},{"not_picked":["hexamod:ThermalTransfer","hexamod:EmpoweredFlame","hexamod:ChargedBarrage"],"picked":"Singing Bowl","floor":32},{"not_picked":["hexamod:GhostShield+1","hexamod:Rewind","hexamod:ShieldOfDarkness"],"picked":"Singing Bowl","floor":32},{"not_picked":["hexamod:EmpoweredFlame+1","hexamod:Again","hexamod:SpectralAdrenaline"],"picked":"Singing Bowl","floor":32},{"not_picked":["hexamod:Hexaguard+1","hexamod:TurnItUp","hexamod:GhostOfSpirePast+1"],"picked":"Singing Bowl","floor":32},{"not_picked":["hexamod:ThirdSeal","hexamod:SixthSeal"],"picked":"hexamod:SecondSeal","floor":33},{"not_picked":["hexamod:VolcanoVisage","hexamod:FlameSwitch","hexamod:TimeOfNeed"],"picked":"Singing Bowl","floor":33},{"not_picked":["hexamod:GiftsFromTheDead","hexamod:FifthSeal"],"picked":"hexamod:ApocalypticArmor","floor":33},{"not_picked":["hexamod:UnleashSpirits","hexamod:FlameSwitch","hexamod:SearingWound"],"picked":"Singing Bowl","floor":33},{"not_picked":["hexamod:GhostflameInferno","hexamod:Toasty","hexamod:VolcanoVisage"],"picked":"Singing Bowl","floor":33},{"not_picked":["hexamod:TurnItUp","hexamod:UnlimitedPower","hexamod:FifthSeal"],"picked":"Singing Bowl","floor":33},{"not_picked":["hexamod:FifthSeal","hexamod:Toasty"],"picked":"hexamod:ForkedFlame","floor":33},{"not_picked":["hexamod:VolcanoVisage","hexamod:GiftsFromTheDead"],"picked":"hexamod:FifthSeal","floor":33},{"not_picked":["hexamod:FastForward","hexamod:AdvancingGuard","hexamod:BacktrackSmack+1"],"picked":"Singing Bowl","floor":36},{"not_picked":["hexamod:BurningTouch+1","hexamod:StepThrough","hexamod:GhostOfSpireFuture"],"picked":"Singing Bowl","floor":36},{"not_picked":["hexamod:InspiringFlames+1","hexamod:SpectersWail","hexamod:DynamicBlow"],"picked":"Singing Bowl","floor":36},{"not_picked":["hexamod:BurningTouch+1","hexamod:Incineration","hexamod:SuperheatedStrike+1"],"picked":"Singing Bowl","floor":37},{"not_picked":["hexamod:SpectersWail+1","hexamod:ThermalTransfer","hexamod:EtherealExpedition"],"picked":"Singing Bowl","floor":37},{"not_picked":["hexamod:TimeWarp","hexamod:BurningTouch"],"picked":"hexamod:PowerFromBeyond+1","floor":37},{"not_picked":["hexamod:Incineration","hexamod:GhostShield","hexamod:Hexaguard"],"picked":"Singing Bowl","floor":37},{"not_picked":["hexamod:FirstSeal","hexamod:SecondSeal"],"picked":"hexamod:ThirdSeal","floor":37},{"not_picked":["hexamod:GhostShield","hexamod:AdvancingGuard+1","hexamod:ThirdSeal"],"picked":"Singing Bowl","floor":37},{"not_picked":["hexamod:FourthSeal","hexamod:FirstSeal"],"picked":"hexamod:SixthSeal","floor":38},{"not_picked":["hexamod:SpectersWail+1","hexamod:TurnItUp","hexamod:AdvancingGuard"],"picked":"Singing Bowl","floor":38},{"not_picked":["hexamod:Incineration+1","hexamod:EmpoweredFlame","hexamod:BurningTouch+1"],"picked":"Singing Bowl","floor":38},{"not_picked":["hexamod:PhantomFireball+1","hexamod:SkipABeat","hexamod:SuperheatedStrike"],"picked":"Singing Bowl","floor":38},{"not_picked":["hexamod:SoulSteal+1","hexamod:SkipABeat","hexamod:BacktrackSmack+1"],"picked":"Singing Bowl","floor":38},{"not_picked":["hexamod:BurningTouch","hexamod:GhostLash+1","hexamod:PhantomFireball+1"],"picked":"Singing Bowl","floor":38},{"not_picked":["hexamod:Rewind+1","hexamod:SpectralSpark+1","hexamod:RadiantFlame"],"picked":"Singing Bowl","floor":38},{"not_picked":["hexamod:GhostShield+1","hexamod:GhostLash+1","hexamod:ShieldOfDarkness+1"],"picked":"Singing Bowl","floor":39},{"not_picked":["hexamod:GhostOfSpireFuture","hexamod:Hexaguard","hexamod:HeatMetal+1"],"picked":"Singing Bowl","floor":39},{"not_picked":["hexamod:InspiringFlames","hexamod:SpectersWail","hexamod:GhostflameBarrier"],"picked":"Singing Bowl","floor":39},{"not_picked":["hexamod:SuperheatedStrike","hexamod:BurningTouch","hexamod:UnleashSpirits"],"picked":"Singing Bowl","floor":39},{"not_picked":["hexamod:GhostLash","hexamod:InspiringFlames"],"picked":"hexamod:PowerFromBeyond+1","floor":39},{"not_picked":["hexamod:FastForward","hexamod:NightmareStrike","hexamod:NightmareGuise"],"picked":"Singing Bowl","floor":39},{"not_picked":["hexamod:BurningTouch","hexamod:GhostLash","hexamod:NightmareGuise+1"],"picked":"Singing Bowl","floor":39},{"not_picked":["hexamod:SecondSeal","hexamod:SixthSeal","hexamod:FirstSeal"],"picked":"Singing Bowl","floor":39},{"not_picked":["hexamod:HeatCrush+1","hexamod:FlamesFromBeyond","hexamod:Firestarter"],"picked":"Singing Bowl","floor":40},{"not_picked":["hexamod:ThirdSeal","hexamod:FirstSeal","hexamod:FourthSeal"],"picked":"Singing Bowl","floor":40},{"not_picked":["hexamod:InspiringFlames","hexamod:HeatMetal+1","hexamod:ExtraCrispy+1"],"picked":"Singing Bowl","floor":40},{"not_picked":["hexamod:GhostOfSpireFuture+1","hexamod:NightmareGuise","hexamod:NecessarySacrifice+1"],"picked":"Singing Bowl","floor":40},{"not_picked":["hexamod:HeatCrush+1","hexamod:HeatMetal+1","hexamod:ForkedFlame"],"picked":"Singing Bowl","floor":40},{"not_picked":["hexamod:SuperheatedStrike+1","hexamod:NightmareGuise+1","hexamod:FastForward"],"picked":"Singing Bowl","floor":40},{"not_picked":["hexamod:ForkedFlame","hexamod:Firestarter+1","hexamod:AdvancingGuard+1"],"picked":"Singing Bowl","floor":40},{"not_picked":["hexamod:AdvancingGuard+1","hexamod:InspiringFlames+1","hexamod:Firestarter+1"],"picked":"Singing Bowl","floor":43},{"not_picked":["hexamod:PowerFromBeyond+1","hexamod:FlamesFromBeyond+1","hexamod:Hexaguard+1"],"picked":"Singing Bowl","floor":43},{"not_picked":["hexamod:SuperheatedStrike+1","hexamod:Rewind+1"],"picked":"hexamod:HexaLevel","floor":43},{"not_picked":["hexamod:HeatMetal","hexamod:NightmareGuise","hexamod:NecessarySacrifice"],"picked":"Singing Bowl","floor":43},{"not_picked":["hexamod:FirstSeal","hexamod:SecondSeal"],"picked":"hexamod:SixthSeal","floor":43},{"not_picked":["hexamod:HeatMetal","hexamod:ExtraCrispy+1","hexamod:HauntingEcho"],"picked":"Singing Bowl","floor":44},{"not_picked":["hexamod:GhostOfSpireFuture+1","hexamod:HeatCrush+1","hexamod:SecondSeal"],"picked":"Singing Bowl","floor":44},{"not_picked":["hexamod:BacktrackSmack+1","hexamod:GhostOfSpireFuture","hexamod:SuperheatedStrike+1"],"picked":"Singing Bowl","floor":44},{"not_picked":["hexamod:NightmareStrike+1","hexamod:FirstSeal","hexamod:HeatShield"],"picked":"Singing Bowl","floor":44},{"not_picked":["hexamod:NightmareStrike","hexamod:TurnItUp","hexamod:HauntingEcho+1"],"picked":"Singing Bowl","floor":44},{"not_picked":["hexamod:NightmareGuise+1","hexamod:FastForward","hexamod:GhostShield"],"picked":"Singing Bowl","floor":44},{"not_picked":["hexamod:Firestarter+1","hexamod:SwordOfDarkness","hexamod:ThermalTransfer+1"],"picked":"Singing Bowl","floor":45},{"not_picked":["hexamod:SecondSeal","hexamod:FirstSeal","hexamod:SixthSeal"],"picked":"Singing Bowl","floor":45},{"not_picked":["hexamod:InspiringFlames+1","hexamod:PhantomCloak","hexamod:GhostflameBarrier"],"picked":"Singing Bowl","floor":45},{"not_picked":["hexamod:Toasty","hexamod:HeatShield+1","hexamod:FirstSeal"],"picked":"Singing Bowl","floor":45},{"not_picked":["hexamod:ExtraCrispy+1","hexamod:NecessarySacrifice+1"],"picked":"hexamod:RainOfEmbers+1","floor":45},{"not_picked":["hexamod:NightmareGuise","hexamod:Hexaguard+1","hexamod:InspiringFlames"],"picked":"Singing Bowl","floor":47},{"not_picked":["hexamod:GhostflameBarrier","hexamod:ChargedBarrage+1","hexamod:NightmareGuise+1"],"picked":"Singing Bowl","floor":47},{"not_picked":["hexamod:GhostLash","hexamod:Firestarter+1","hexamod:VolcanoVisage"],"picked":"Singing Bowl","floor":48},{"not_picked":["hexamod:SoulSteal","hexamod:FourthSeal","hexamod:BacktrackSmack"],"picked":"Singing Bowl","floor":48},{"not_picked":["hexamod:SpectersWail+1","hexamod:BacktrackSmack+1","hexamod:FastForward"],"picked":"Singing Bowl","floor":48},{"not_picked":["hexamod:InspiringFlames","hexamod:ShieldOfDarkness","hexamod:Toasty"],"picked":"Singing Bowl","floor":48},{"not_picked":["hexamod:GhostLash","hexamod:FirstSeal","hexamod:NightmareStrike+1"],"picked":"Singing Bowl","floor":48},{"not_picked":["hexamod:EmpoweredFlame+1","hexamod:PhantomFireball","hexamod:HeatShield+1"],"picked":"Singing Bowl","floor":48},{"not_picked":["hexamod:ThermalTransfer","hexamod:AdvancingGuard+1","hexamod:Hexaguard"],"picked":"Singing Bowl","floor":49},{"not_picked":["hexamod:FourthSeal","hexamod:ThirdSeal","hexamod:SecondSeal"],"picked":"Singing Bowl","floor":49},{"not_picked":["hexamod:FlamesFromBeyond","hexamod:FourthSeal","hexamod:SpectralSpark+1"],"picked":"Singing Bowl","floor":49},{"not_picked":["hexamod:DynamicBlow","hexamod:NecessarySacrifice+1","hexamod:NightmareGuise+1"],"picked":"Singing Bowl","floor":49},{"not_picked":["hexamod:Hexaguard+1","hexamod:HeatShield+1","hexamod:GhostShield"],"picked":"Singing Bowl","floor":49},{"not_picked":["hexamod:StepThrough+1","hexamod:NightmareGuise+1","hexamod:GhostShield"],"picked":"Singing Bowl","floor":49},{"not_picked":["hexamod:RetreatToShadows","hexamod:NightmareStrike","hexamod:Haunt+1"],"picked":"Singing Bowl","floor":49},{"not_picked":["hexamod:FifthSeal","hexamod:GhostflameBarrier","hexamod:Haunt+1"],"picked":"Singing Bowl","floor":52},{"not_picked":["hexamod:Again+1","hexamod:HauntingEcho","hexamod:NightmareStrike"],"picked":"Singing Bowl","floor":52},{"not_picked":["hexamod:SoulSteal","hexamod:Hexaguard+1","hexamod:SecondSeal"],"picked":"Singing Bowl","floor":52}],"player_experience":589151,"relics_obtained":[{"floor":0,"key":"hexamod:MatchstickCase"},{"floor":0,"key":"Singing Bowl"},{"floor":0,"key":"Lizard Tail"},{"floor":9,"key":"Smiling Mask"},{"floor":12,"key":"Strawberry"},{"floor":14,"key":"InkBottle"},{"floor":22,"key":"champ:DeflectingBracers"},{"floor":23,"key":"downfall:CloakOfManyFaces"},{"floor":27,"key":"hexamod:BolsterEngine"},{"floor":29,"key":"PreservedInsect"},{"floor":41,"key":"Omamori"},{"floor":44,"key":"bronze:DecasWashers"},{"floor":47,"key":"Torii"},{"floor":52,"key":"Du-Vu Doll"}],"event_choices":[{"cards_removed":["hexamod:SixthSeal"],"damage_healed":16,"gold_gain":0,"player_choice":"Offered Rare","damage_taken":0,"max_hp_gain":10,"max_hp_loss":0,"event_name":"Bonfire Elementals","floor":46,"gold_loss":0}],"is_beta":false,"boss_relics":[{"not_picked":["Astrolabe","Coffee Dripper"],"picked":"sneckomod:SneckoTalon"},{"not_picked":["Fusion Hammer","Philosopher\u0027s Stone"],"picked":"expansioncontent:StudyCardRelic"}],"items_purged_floors":[26,40,53],"is_endless":false,"potions_floor_spawned":[2,5,6,9,14,15,19,23,28,29,31,36,43,45,47,49,52],"ascension_level":1}}