{"host":"5dk97cf2ubw2v967","time":1614066472,"event":{"mods":["AlwaysNeverKeys","BaseMod","Better Altar","Better Vampires","Block Reminder","Card Filter","Colored Powertips","Downfall","Googly Eyes","Highlight Path","Minty Spire (QoL Compilation)","Permanent Neow","Potion Indicator Mod","Quick Restart","Relic Filter","Relic Stats","Say the Spire","Spicy Shops","StSLib","Waifu the Spire","everything is the same but u backflip on backflip"],"gold_per_floor":[15,15,35,35,135,135,60,91,117,117,117,17,43,54,54,128,128,146,156,79,354,370,370,370,370],"floor_reached":24,"language":"ENG","playtime":691,"items_purged":["downfall:Malfunctioning","Normality"],"score":454,"play_id":"d98fd07d-31a3-4f6d-9b68-f494d07f81d7","local_time":"20210223074752","is_ascension_mode":true,"campfire_choices":[{"data":"Cleave","floor":6,"key":"SMITH"},{"data":"Double Tap","floor":11,"key":"SMITH"},{"floor":15,"key":"REST"},{"data":"Bludgeon","floor":23,"key":"SMITH"}],"circlet_count":0,"master_deck":["AscendersBane","Strike_R","Strike_R","Strike_R","Strike_R+1","Defend_R","Defend_R","Defend_R","Defend_R","Bash","Double Tap+1","Cleave+1","Havoc+1","downfall:Haunted","downfall:Haunted","downfall:Haunted","Double Tap","Reckless Charge","Shrug It Off","Ghostly Armor","Bludgeon+1","Evolve","Dropkick"],"relics":["Burning Blood","Darkstone Periapt","Omamori","Pen Nib","Lizard Tail","Coffee Dripper"],"acts_visited":["Exordium","TheCity"],"potions_floor_usage":[13,16,22],"damage_taken":[{"damage":2,"enemies":"2 Louse","floor":1,"turns":3},{"damage":7,"enemies":"Small Slimes","floor":3,"turns":3},{"damage":64,"enemies":"Gremlin Nob","floor":8,"turns":5},{"damage":40,"enemies":"3 Sentries","floor":13,"turns":7},{"damage":1,"enemies":"Cultist","floor":14,"turns":3},{"damage":103,"enemies":"The Guardian","floor":16,"turns":16},{"damage":32,"enemies":"Shell Parasite","floor":18,"turns":6},{"damage":10,"enemies":"Chosen","floor":19,"turns":5},{"damage":19,"enemies":"Snecko","floor":22,"turns":5},{"damage":31,"enemies":"Slavers","floor":24,"turns":3}],"seed_played":"-1743006314289246723","potions_obtained":[{"floor":8,"key":"DistilledChaos"},{"floor":14,"key":"SpeedPotion"},{"floor":19,"key":"Block Potion"}],"is_trial":false,"path_per_floor":["M","?","M","?","?","R","$","E","T","?","R","$","E","M","R","B",null,"M","M","$","?","M","R","E"],"character_chosen":"IRONCLAD","items_purchased":["Evolve"],"campfire_rested":1,"item_purchase_floors":[20],"current_hp_per_floor":[72,72,71,48,83,83,83,25,25,52,52,52,18,23,56,16,87,61,57,57,57,44,44,13,13],"gold":370,"neow_bonus":"THREE_RARE_CARDS","is_daily":false,"chose_seed":false,"campfire_upgraded":3,"win_rate":0.0,"timestamp":1614066472,"path_taken":["M","?","M","?","?","R","$","E","T","?","R","?","E","M","R","BOSS","M","M","$","?","M","R","E"],"items_purchased_type":["Card"],"build_version":"2020-12-22","purchased_purges":2,"victory":false,"max_hp_per_floor":[75,75,75,75,110,110,110,110,110,110,110,110,110,110,110,110,110,110,110,110,110,110,110,110,110],"relic_stats":{"Darkstone Periapt":30,"Lizard Tail":55,"counters":[10,56],"Pen Nib":[8],"obtain_stats":[{"Darkstone Periapt":5,"Lizard Tail":13,"Pen Nib":9,"Omamori":8,"Coffee Dripper":17,"Burning Blood":0},{"Darkstone Periapt":2,"Lizard Tail":4,"Pen Nib":3,"Omamori":3,"Coffee Dripper":6,"Burning Blood":0},{"Darkstone Periapt":6,"Lizard Tail":18,"Pen Nib":11,"Omamori":11,"Coffee Dripper":37,"Burning Blood":0}],"Burning Blood":54},"card_choices":[{"not_picked":["Corruption","Reaper"],"picked":"Double Tap","floor":0},{"not_picked":["Clothesline","Intimidate"],"picked":"Cleave","floor":1},{"not_picked":["Body Slam","Headbutt"],"picked":"Havoc","floor":3},{"not_picked":["Immolate","Clothesline"],"picked":"Reckless Charge","floor":8},{"not_picked":["Headbutt","Anger"],"picked":"Shrug It Off","floor":13},{"not_picked":["Bloodletting","Twin Strike"],"picked":"Ghostly Armor","floor":14},{"not_picked":["Reaper","Corruption"],"picked":"Bludgeon","floor":16},{"not_picked":["Anger","Cleave","True Grit"],"picked":"SKIP","floor":18},{"not_picked":["Blood for Blood","Iron Wave","Thunderclap"],"picked":"SKIP","floor":19},{"not_picked":["Armaments","Warcry"],"picked":"Dropkick","floor":22}],"player_experience":1341325,"relics_obtained":[{"floor":8,"key":"Omamori"},{"floor":9,"key":"Pen Nib"},{"floor":13,"key":"Lizard Tail"}],"event_choices":[{"cards_removed":["Strike_R"],"damage_healed":0,"gold_gain":0,"player_choice":"Forget","damage_taken":0,"max_hp_gain":0,"max_hp_loss":0,"event_name":"Living Wall","floor":2,"gold_loss":0},{"damage_healed":0,"gold_gain":0,"player_choice":"Entered Light","damage_taken":23,"max_hp_gain":0,"max_hp_loss":0,"event_name":"Shining Light","floor":4,"gold_loss":0,"cards_upgraded":["Havoc","Strike_R"]},{"damage_healed":27,"gold_gain":0,"player_choice":"Healed and dodged fight","damage_taken":0,"max_hp_gain":0,"max_hp_loss":0,"event_name":"Mushrooms","floor":10,"gold_loss":0,"cards_obtained":["Parasite"]},{"damage_healed":0,"gold_gain":275,"player_choice":"Desecrate","damage_taken":0,"max_hp_gain":0,"max_hp_loss":0,"event_name":"Golden Shrine","floor":21,"gold_loss":0,"cards_obtained":["Regret"]}],"is_beta":false,"boss_relics":[{"not_picked":["bronze:MakeshiftBattery","Black Blood"],"picked":"Coffee Dripper"}],"items_purged_floors":[7,12],"is_endless":false,"potions_floor_spawned":[8,14,19],"killed_by":"Slavers","ascension_level":20}}