{"host":"v54ek091sdz7ha6h","time":1614091816,"event":{"mods":["BaseMod","Colored Map","Colored Powertips","Custom Start","DeckTracker","Highlight Path","KOR Keyword Fix","Minty Spire (QoL Compilation)","Random Character Button","Rare Cards Sparkle","Relic Stats","StSLib","SuperFastMode","everything is the same but u backflip on backflip"],"gold_per_floor":[113,125,75,87,87,87,120,120,120,133,133,152,165,199,199,296,296,315,315,27,27,46,46,75,87,87,87,57,29,45,75,75,75,75],"floor_reached":33,"language":"KOR","playtime":759,"items_purged":["Strike_B"],"score":345,"play_id":"762c4a25-df45-4b1d-98d3-da39f3f0de9e","local_time":"20210223235016","is_ascension_mode":false,"campfire_choices":[{"data":"Barrage","floor":6.0,"key":"SMITH"},{"data":"Zap","floor":8.0,"key":"SMITH"},{"data":"Go for the Eyes","floor":11.0,"key":"SMITH"},{"data":"Fusion","floor":15.0,"key":"SMITH"},{"data":"Dualcast","floor":23.0,"key":"SMITH"},{"data":"Aggregate","floor":27.0,"key":"SMITH"},{"data":"Turbo","floor":32.0,"key":"SMITH"}],"circlet_count":0,"master_deck":["Strike_B","Strike_B","Strike_B","Defend_B+1","Defend_B+1","Defend_B","Zap+1","Dualcast+1","Cold Snap","Go for the Eyes+1","Barrage+1","Ball Lightning","Chill","Turbo+1","Fusion+1","Buffer+1","White Noise+1","Heatsinks+1","Aggregate+1","Heatsinks+1","Heatsinks+1","Meteor Strike"],"relics":["Cracked Core","Bag of Marbles","Blue Candle","PreservedInsect","Frozen Egg 2","Nuclear Battery","Gremlin Horn","DataDisk","Akabeko","The Courier","War Paint"],"acts_visited":["Exordium","TheCity"],"potions_floor_usage":[33],"damage_taken":[{"damage":2.0,"enemies":"Small Slimes","floor":1.0,"turns":4.0},{"damage":6.0,"enemies":"2 Louse","floor":2.0,"turns":2.0},{"damage":0.0,"enemies":"Cultist","floor":4.0,"turns":2.0},{"damage":17.0,"enemies":"Lagavulin","floor":7.0,"turns":7.0},{"damage":4.0,"enemies":"Exordium Thugs","floor":10.0,"turns":3.0},{"damage":0.0,"enemies":"3 Louse","floor":12.0,"turns":1.0},{"damage":3.0,"enemies":"Exordium Wildlife","floor":13.0,"turns":3.0},{"damage":0.0,"enemies":"Gremlin Nob","floor":14.0,"turns":2.0},{"damage":35.0,"enemies":"Hexaghost","floor":16.0,"turns":10.0},{"damage":4.0,"enemies":"Shell Parasite","floor":18.0,"turns":4.0},{"damage":0.0,"enemies":"2 Thieves","floor":22.0,"turns":3.0},{"damage":18.0,"enemies":"Book of Stabbing","floor":24.0,"turns":5.0},{"damage":10.0,"enemies":"Chosen and Byrds","floor":25.0,"turns":5.0},{"damage":0.0,"enemies":"Shelled Parasite and Fungi","floor":30.0,"turns":3.0},{"damage":0.0,"enemies":"Gremlin Leader","floor":31.0,"turns":3.0},{"damage":47,"enemies":"Champ","floor":33,"turns":8}],"seed_played":"850659077351542225","potions_obtained":[{"floor":1.0,"key":"SkillPotion"},{"floor":10.0,"key":"PowerPotion"},{"floor":13.0,"key":"SkillPotion"},{"floor":18.0,"key":"SneckoOil"},{"floor":24.0,"key":"Weak Potion"},{"floor":25.0,"key":"DistilledChaos"},{"floor":28.0,"key":"GamblersBrew"},{"floor":31.0,"key":"AttackPotion"}],"is_trial":false,"path_per_floor":["M","M","?","M","?","R","E","R","T","M","R","M","M","E","R","B",null,"M","?","$","?","M","R","E","M","T","R","?","$","M","E","R","B"],"character_chosen":"DEFECT","items_purchased":["DataDisk","Heatsinks+1","Heatsinks+1"],"campfire_rested":0,"item_purchase_floors":[20,20,29],"current_hp_per_floor":[73,67,67,67,75,75,58,58,58,54,54,54,51,51,51,16,75,71,71,71,71,71,71,53,43,43,43,43,43,43,43,43,0,0],"gold":75,"neow_bonus":"RANDOM_COMMON_RELIC","is_daily":false,"chose_seed":false,"campfire_upgraded":7,"win_rate":0.0,"timestamp":1614091816,"path_taken":["M","M","?","M","?","R","E","R","T","M","R","M","?","E","R","BOSS","M","?","?","?","?","R","E","M","T","R","?","$","M","E","R","BOSS"],"items_purchased_type":["Relic","Card","Card"],"build_version":"2020-12-22","purchased_purges":1,"victory":false,"max_hp_per_floor":[75,75,75,75,75,75,75,75,75,75,75,75,75,75,75,75,75,75,75,75,75,75,75,75,75,75,75,75,75,75,75,75,75,75],"relic_stats":{"Gremlin Horn":[7,7],"counters":[16,65],"Blue Candle":[0],"PreservedInsect":116,"War Paint":["Defend_B","Defend_B"],"obtain_stats":[{"DataDisk":20,"Gremlin Horn":19,"Blue Candle":7,"PreservedInsect":9,"The Courier":24,"Bag of Marbles":0,"Frozen Egg 2":14,"War Paint":31,"Cracked Core":0,"Akabeko":21,"Nuclear Battery":17},{"DataDisk":10,"Gremlin Horn":10,"Blue Candle":4,"PreservedInsect":4,"The Courier":12,"Bag of Marbles":0,"Frozen Egg 2":8,"War Paint":15,"Cracked Core":0,"Akabeko":10,"Nuclear Battery":9},{"DataDisk":38,"Gremlin Horn":38,"Blue Candle":15,"PreservedInsect":15,"The Courier":46,"Bag of Marbles":0,"Frozen Egg 2":24,"War Paint":57,"Cracked Core":0,"Akabeko":38,"Nuclear Battery":34}]},"card_choices":[{"not_picked":["Reinforced Body","Sweeping Beam"],"picked":"Cold Snap","floor":1.0},{"not_picked":["Stack","Glacier"],"picked":"Go for the Eyes","floor":2.0},{"not_picked":["Streamline","Steam"],"picked":"Barrage","floor":4.0},{"not_picked":["Stack","BootSequence"],"picked":"Ball Lightning","floor":7.0},{"not_picked":["Redo","Cold Snap"],"picked":"Chill","floor":10.0},{"not_picked":["Streamline","Sweeping Beam"],"picked":"Turbo","floor":12.0},{"not_picked":["Sunder","Aggregate"],"picked":"Fusion","floor":13.0},{"not_picked":["Stack","Hologram","Go for the Eyes"],"picked":"SKIP","floor":14.0},{"not_picked":["Multi-Cast","Hyperbeam"],"picked":"Buffer+1","floor":16.0},{"not_picked":["Conserve Battery","Leap"],"picked":"White Noise+1","floor":18.0},{"not_picked":["Darkness","Beam Cell+1","Sweeping Beam"],"picked":"SKIP","floor":22.0},{"not_picked":["Gash","Steam+1"],"picked":"Aggregate","floor":24.0},{"not_picked":["Recycle","Redo+1"],"picked":"Heatsinks+1","floor":25.0},{"not_picked":["Cold Snap+1","Self Repair+1"],"picked":"Meteor Strike","floor":30.0},{"not_picked":["Cold Snap+1","Sweeping Beam","Ball Lightning+1"],"picked":"SKIP","floor":31.0}],"player_experience":1495712,"relics_obtained":[{"floor":7.0,"key":"Blue Candle"},{"floor":9.0,"key":"PreservedInsect"},{"floor":14.0,"key":"Frozen Egg 2"},{"floor":24.0,"key":"The Courier"},{"floor":31.0,"key":"War Paint"}],"event_choices":[{"cards_removed":["Defend_B"],"damage_healed":0.0,"max_hp_gain":0.0,"max_hp_loss":0.0,"gold_gain":0.0,"event_name":"The Cleric","player_choice":"Card Removal","floor":3.0,"gold_loss":50.0,"damage_taken":0.0},{"damage_healed":8.0,"max_hp_gain":0.0,"max_hp_loss":0.0,"gold_gain":0.0,"event_name":"Wheel of Change","player_choice":"Full Heal","floor":5.0,"gold_loss":0.0,"damage_taken":0.0},{"damage_healed":0.0,"max_hp_gain":0.0,"max_hp_loss":0.0,"gold_gain":0.0,"event_name":"WeMeetAgain","player_choice":"Gave Potion","floor":19.0,"gold_loss":0.0,"damage_taken":0.0,"relics_obtained":["Gremlin Horn"]},{"damage_healed":0.0,"max_hp_gain":0.0,"max_hp_loss":0.0,"gold_gain":0.0,"event_name":"The Mausoleum","player_choice":"Opened","floor":21.0,"gold_loss":0.0,"damage_taken":0.0,"relics_obtained":["Akabeko"]},{"damage_healed":0.0,"max_hp_gain":0.0,"max_hp_loss":0.0,"gold_gain":0.0,"event_name":"The Woman in Blue","player_choice":"Bought 2 Potions","floor":28.0,"gold_loss":0.0,"damage_taken":0.0}],"is_beta":false,"boss_relics":[{"not_picked":["Cursed Key","Runic Pyramid"],"picked":"Nuclear Battery"}],"items_purged_floors":[20],"is_endless":false,"potions_floor_spawned":[1,10,13,18,24,25,31],"killed_by":"Champ","ascension_level":0}}