{"host":"4gkev1dtxxhiue3x","time":1614092893,"event":{"mods":["AchievementEnabler","BaseMod","Better Altar","Better Match","Better Note","Better Sensory Stone","Better Skull","Better Third Choice","Colored Powertips","Friendly Minions","Hermit","Minty Spire (QoL Compilation)","Relic Stats","Robot Space Explorer","Shop Mod","StSLib","The Disciple","The Hierophant"],"gold_per_floor":[117,129,140,158,158,158,185,185,235,270,288,323,340,615,615,710,710,729,585,585,604,604,638,662,700,738,750,762,786,295,309,309,414,414,428,441,441,441],"floor_reached":37,"language":"ENG","playtime":3405,"items_purged":["Regret"],"score":497,"play_id":"5b0eabe7-d188-4efa-a1ea-184daebfce40","local_time":"20210223160813","is_ascension_mode":true,"campfire_choices":[{"data":"RobotSpaceExplorer:ToxicBomb","floor":6.0,"key":"SMITH"},{"data":"RobotSpaceExplorer:Blaster","floor":8.0,"key":"SMITH"},{"floor":15.0,"key":"REST"},{"floor":28,"key":"REST"},{"data":"RobotSpaceExplorer:DroneSwarm","floor":32,"key":"SMITH"}],"circlet_count":0,"master_deck":["RobotSpaceExplorer:Strike","RobotSpaceExplorer:Defend","RobotSpaceExplorer:Defend","RobotSpaceExplorer:Scan","RobotSpaceExplorer:MiniLasers","Chrysalis","RobotSpaceExplorer:PlasmaMissile","RobotSpaceExplorer:SurgingStrike","RobotSpaceExplorer:ToxicBomb+1","RobotSpaceExplorer:Calculate","RobotSpaceExplorer:Blaster+1","RobotSpaceExplorer:JunkDive","RobotSpaceExplorer:StarLightning","RobotSpaceExplorer:DroneSwarm","RobotSpaceExplorer:MiniDrones","RobotSpaceExplorer:BlastShield","RobotSpaceExplorer:Jetpack","RobotSpaceExplorer:MiniBoosters","RobotSpaceExplorer:Jetpack","RobotSpaceExplorer:DroneSwarm+1","RobotSpaceExplorer:Probe","RobotSpaceExplorer:MiniDrones","Clumsy","RobotSpaceExplorer:BlastShield","Decay","RobotSpaceExplorer:Probe","Metamorphosis","RobotSpaceExplorer:PowerGlove","RobotSpaceExplorer:Scanner","RobotSpaceExplorer:DualCore+1","RobotSpaceExplorer:GlueSpray+1"],"relics":["RobotSpaceExplorer:RoboCore","Question Card","Bag of Marbles","Juzu Bracelet","Regal Pillow","Cursed Key","Orrery","Centennial Puzzle","MawBank","Blood Vial","RobotSpaceExplorer:ClockworkSextant","Enchiridion","Gremlin Horn","Empty Cage"],"acts_visited":["Exordium","TheCity","TheBeyond"],"potions_floor_usage":[25,33,36],"damage_taken":[{"damage":9.0,"enemies":"Jaw Worm","floor":1.0,"turns":5.0},{"damage":0.0,"enemies":"Cultist","floor":2.0,"turns":4.0},{"damage":0.0,"enemies":"Small Slimes","floor":3.0,"turns":3.0},{"damage":8.0,"enemies":"Blue Slaver","floor":4.0,"turns":4.0},{"damage":5.0,"enemies":"Lagavulin","floor":7.0,"turns":7.0},{"damage":10.0,"enemies":"Gremlin Nob","floor":10.0,"turns":3.0},{"damage":1.0,"enemies":"Looter","floor":11.0,"turns":4.0},{"damage":11.0,"enemies":"Lagavulin","floor":12.0,"turns":4.0},{"damage":8.0,"enemies":"Large Slime","floor":13.0,"turns":6.0},{"damage":45.0,"enemies":"Slime Boss","floor":16.0,"turns":11.0},{"damage":1,"enemies":"Spheric Guardian","floor":18,"turns":3},{"damage":7,"enemies":"Chosen","floor":21,"turns":5},{"damage":22,"enemies":"Slavers","floor":23,"turns":4},{"damage":5,"enemies":"Gremlin Leader","floor":25,"turns":6},{"damage":5,"enemies":"3 Cultists","floor":29,"turns":4},{"damage":5,"enemies":"Shelled Parasite and Fungi","floor":31,"turns":6},{"damage":25,"enemies":"Champ","floor":33,"turns":9},{"damage":21,"enemies":"3 Darklings","floor":35,"turns":3},{"damage":8,"enemies":"3 Shapes","floor":36,"turns":3},{"damage":38,"enemies":"Jaw Worm Horde","floor":37,"turns":5}],"seed_played":"-8698840648332717749","potions_obtained":[{"floor":1.0,"key":"Block Potion"},{"floor":2.0,"key":"Energy Potion"},{"floor":3.0,"key":"SneckoOil"},{"floor":10.0,"key":"RobotSpaceExplorer:RecyclePotion"},{"floor":11.0,"key":"Strength Potion"},{"floor":16.0,"key":"SpeedPotion"},{"floor":18,"key":"GamblersBrew"},{"floor":33,"key":"PowerPotion"}],"is_trial":false,"path_per_floor":["M","M","M","M","?","R","E","R","T","E","M","E","M","?","R","B",null,"M","$","?","M","?","E","T","E","T","?","R","M","$","M","R","B",null,"M","M","M"],"character_chosen":"RobotSpaceExplorer","items_purchased":["Orrery","Gremlin Horn","Metamorphosis"],"campfire_rested":2,"item_purchase_floors":[19,30,30],"current_hp_per_floor":[59,59,59,51,51,51,46,46,46,36,35,24,16,16,51,6,68,67,67,67,60,60,38,38,33,33,17,52,49,49,46,46,23,68,47,41,5,5],"gold":441,"neow_bonus":"RANDOM_COLORLESS_2","is_daily":false,"chose_seed":false,"campfire_upgraded":3,"win_rate":0.0,"timestamp":1614092893,"path_taken":["M","M","M","M","?","R","E","R","T","E","M","E","M","?","R","BOSS","M","$","?","M","?","E","?","E","T","?","R","M","$","M","R","BOSS","M","M","M"],"items_purchased_type":["Relic","Relic","Card"],"build_version":"2020-12-22","purchased_purges":1,"victory":false,"max_hp_per_floor":[68,68,68,68,68,68,68,68,68,68,68,68,68,68,68,68,68,68,68,68,68,68,68,68,68,68,68,68,68,68,68,68,68,68,68,68,68,68],"relic_stats":{"Blood Vial":10,"Regal Pillow":30,"Centennial Puzzle":[21],"Gremlin Horn":[4,4],"counters":[20,99],"Juzu Bracelet":0,"Question Card":19,"Cursed Key":2,"MawBank":72,"obtain_stats":[{"RobotSpaceExplorer:ClockworkSextant":26,"Regal Pillow":12,"Gremlin Horn":30,"Enchiridion":27,"RobotSpaceExplorer:RoboCore":0,"Juzu Bracelet":10,"Question Card":7,"Cursed Key":17,"MawBank":24,"Empty Cage":34,"Blood Vial":25,"Centennial Puzzle":23,"Orrery":19,"Bag of Marbles":9},{"RobotSpaceExplorer:ClockworkSextant":14,"Regal Pillow":8,"Gremlin Horn":15,"Enchiridion":14,"RobotSpaceExplorer:RoboCore":0,"Juzu Bracelet":6,"Question Card":5,"Cursed Key":10,"MawBank":13,"Empty Cage":17,"Blood Vial":14,"Centennial Puzzle":13,"Orrery":11,"Bag of Marbles":5},{"RobotSpaceExplorer:ClockworkSextant":69,"Regal Pillow":34,"Gremlin Horn":73,"Enchiridion":69,"RobotSpaceExplorer:RoboCore":0,"Juzu Bracelet":26,"Question Card":23,"Cursed Key":51,"MawBank":63,"Empty Cage":88,"Blood Vial":69,"Centennial Puzzle":63,"Orrery":54,"Bag of Marbles":23}]},"card_choices":[{"not_picked":["Secret Weapon","Secret Technique"],"picked":"Chrysalis","floor":0.0},{"not_picked":["RobotSpaceExplorer:Ammunition","RobotSpaceExplorer:Electropulse"],"picked":"RobotSpaceExplorer:PlasmaMissile","floor":1.0},{"not_picked":["RobotSpaceExplorer:GlueSpray","RobotSpaceExplorer:Electroshield"],"picked":"RobotSpaceExplorer:SurgingStrike","floor":2.0},{"not_picked":["RobotSpaceExplorer:Smokescreen","RobotSpaceExplorer:SwiftStep"],"picked":"RobotSpaceExplorer:ToxicBomb","floor":3.0},{"not_picked":["RobotSpaceExplorer:ToxicBomb","RobotSpaceExplorer:ImprovisedAttack"],"picked":"RobotSpaceExplorer:Calculate","floor":4.0},{"not_picked":["RobotSpaceExplorer:SlimeMissile","RobotSpaceExplorer:SurgingStrike"],"picked":"RobotSpaceExplorer:JunkDive","floor":7.0},{"not_picked":["RobotSpaceExplorer:StunGrenade","RobotSpaceExplorer:ToxicBomb","RobotSpaceExplorer:FrostMissile","RobotSpaceExplorer:ShovelStrike"],"picked":"SKIP","floor":10.0},{"not_picked":["RobotSpaceExplorer:GlueShot","RobotSpaceExplorer:ExhaustFan","RobotSpaceExplorer:ImprovisedAttack"],"picked":"RobotSpaceExplorer:StarLightning","floor":11.0},{"not_picked":["RobotSpaceExplorer:PowerCollector","RobotSpaceExplorer:StunGrenade","RobotSpaceExplorer:Smokescreen","RobotSpaceExplorer:Counterblock"],"picked":"SKIP","floor":12.0},{"not_picked":["RobotSpaceExplorer:ToxicBomb","RobotSpaceExplorer:FrostMissile","RobotSpaceExplorer:ShovelStrike"],"picked":"RobotSpaceExplorer:Wormhole","floor":13.0},{"not_picked":["RobotSpaceExplorer:Exploration","RobotSpaceExplorer:Accelerator","RobotSpaceExplorer:Arsenal"],"picked":"RobotSpaceExplorer:DroneSwarm","floor":16.0},{"not_picked":["RobotSpaceExplorer:FranticSearch","RobotSpaceExplorer:Blitz","RobotSpaceExplorer:ShovelStrike"],"picked":"RobotSpaceExplorer:MiniDrones","floor":18},{"not_picked":["RobotSpaceExplorer:SwiftStep","RobotSpaceExplorer:ShovelStrike","RobotSpaceExplorer:ImprovisedAttack+1"],"picked":"RobotSpaceExplorer:BlastShield","floor":19},{"not_picked":["RobotSpaceExplorer:TurboDodge","RobotSpaceExplorer:ToxicBomb","RobotSpaceExplorer:SurgingStrike"],"picked":"RobotSpaceExplorer:Jetpack","floor":19},{"not_picked":["RobotSpaceExplorer:BigMissile","RobotSpaceExplorer:SwiftStep+1","RobotSpaceExplorer:PowerCollector"],"picked":"RobotSpaceExplorer:MiniBoosters","floor":19},{"not_picked":["RobotSpaceExplorer:MetalStrike","RobotSpaceExplorer:ImprovisedAttack","RobotSpaceExplorer:SwiftStep"],"picked":"RobotSpaceExplorer:Jetpack","floor":19},{"not_picked":["RobotSpaceExplorer:PowerCollector","RobotSpaceExplorer:DoubleFind","RobotSpaceExplorer:ImprovisedAttack+1"],"picked":"RobotSpaceExplorer:DroneSwarm","floor":19},{"not_picked":["RobotSpaceExplorer:ShockKick","RobotSpaceExplorer:Discharger","RobotSpaceExplorer:FranticSearch+1"],"picked":"RobotSpaceExplorer:Probe","floor":21},{"not_picked":["RobotSpaceExplorer:MetalStrike","RobotSpaceExplorer:Counterblock","RobotSpaceExplorer:Ammunition+1"],"picked":"RobotSpaceExplorer:MiniDrones","floor":23},{"not_picked":["RobotSpaceExplorer:GlueShot","RobotSpaceExplorer:GlueSpray","RobotSpaceExplorer:DoubleFind"],"picked":"RobotSpaceExplorer:BlastShield","floor":25},{"not_picked":["RobotSpaceExplorer:MetalStrike","RobotSpaceExplorer:Blitz+1","RobotSpaceExplorer:GearShield"],"picked":"RobotSpaceExplorer:Probe","floor":29},{"not_picked":["RobotSpaceExplorer:SurgingShield","RobotSpaceExplorer:StunGrenade","RobotSpaceExplorer:ScrapToss"],"picked":"RobotSpaceExplorer:PowerGlove","floor":31},{"not_picked":["RobotSpaceExplorer:Wormhole","RobotSpaceExplorer:Blaster","RobotSpaceExplorer:DroneSwarm"],"picked":"RobotSpaceExplorer:Scanner","floor":33},{"not_picked":["RobotSpaceExplorer:MiniDrones","RobotSpaceExplorer:Calculate","RobotSpaceExplorer:StunGrenade"],"picked":"RobotSpaceExplorer:DualCore+1","floor":35},{"not_picked":["RobotSpaceExplorer:ShovelStrike+1","RobotSpaceExplorer:TurboDodge+1","RobotSpaceExplorer:FrostMissile"],"picked":"RobotSpaceExplorer:GlueSpray+1","floor":36}],"player_experience":255933,"relics_obtained":[{"floor":7.0,"key":"Question Card"},{"floor":9.0,"key":"Bag of Marbles"},{"floor":10.0,"key":"Juzu Bracelet"},{"floor":12.0,"key":"Regal Pillow"},{"floor":23,"key":"Centennial Puzzle"},{"floor":24,"key":"MawBank"},{"floor":25,"key":"Blood Vial"},{"floor":26,"key":"RobotSpaceExplorer:ClockworkSextant"},{"floor":27,"key":"Enchiridion"}],"event_choices":[{"damage_healed":0.0,"max_hp_gain":0.0,"max_hp_loss":0.0,"gold_gain":0.0,"cards_transformed":["RobotSpaceExplorer:Strike"],"event_name":"Living Wall","player_choice":"Change","floor":5.0,"gold_loss":0.0,"damage_taken":0.0,"cards_obtained":["RobotSpaceExplorer:Blaster"]},{"damage_healed":0.0,"max_hp_gain":0.0,"max_hp_loss":0.0,"gold_gain":275.0,"event_name":"Golden Shrine","player_choice":"Desecrate","floor":14.0,"gold_loss":0.0,"damage_taken":0.0,"cards_obtained":["Regret"]},{"cards_removed":["RobotSpaceExplorer:Defend"],"damage_healed":0,"gold_gain":0,"player_choice":"Elegance","damage_taken":0,"max_hp_gain":0,"max_hp_loss":0,"event_name":"betterThird:BetterWriting","floor":20,"gold_loss":0},{"damage_healed":0,"gold_gain":0,"player_choice":"Ignored","damage_taken":0,"max_hp_gain":0,"max_hp_loss":0,"event_name":"Ghosts","floor":22,"gold_loss":0},{"damage_healed":0,"gold_gain":0,"player_choice":"Obtained Book","damage_taken":16,"max_hp_gain":0,"max_hp_loss":0,"event_name":"Cursed Tome","floor":27,"gold_loss":0}],"is_beta":false,"boss_relics":[{"not_picked":["Pandora\u0027s Box","Astrolabe"],"picked":"Cursed Key"},{"not_picked":["Velvet Choker","Snecko Eye"],"picked":"Empty Cage"}],"items_purged_floors":[30],"is_endless":false,"potions_floor_spawned":[1,2,3,10,11,16,18,33],"killed_by":"Jaw Worm Horde","ascension_level":2}}