{"host":"t9vqxmgmtrdkt9v9","time":1614082644,"event":{"mods":["AchievementEnabler","BaseMod","Colored Map","Minty Spire (QoL Compilation)","Permanent Neow","Relic Stats","StSLib"],"gold_per_floor":[117,77,152,302,227,227,262,262,286,298,356,356,356,385,385,457,457,477,402,402,418,443,473,473,123,150,168,187,87,87,117,117,193,193,208,228,90,90,100,100,130,130,130,160,160,176,176,176,176,176],"floor_reached":51,"language":"ENG","playtime":1888,"items_purged":["Doubt","Strike_B","Strike_B"],"score":1553,"play_id":"554b6a3c-26a1-454f-9968-bbb22726a164","local_time":"20210223221724","is_ascension_mode":true,"campfire_choices":[{"data":"Self Repair","floor":6.0,"key":"SMITH"},{"data":"Defragment","floor":8,"key":"SMITH"},{"floor":12,"key":"REST"},{"data":"Static Discharge","floor":15,"key":"SMITH"},{"floor":24,"key":"REST"},{"floor":30,"key":"REST"},{"data":"Biased Cognition","floor":32,"key":"SMITH"},{"data":"Consume","floor":40,"key":"SMITH"},{"data":"Coolheaded","floor":45,"key":"SMITH"},{"data":"Rainbow","floor":47,"key":"SMITH"},{"floor":49,"key":"REST"}],"circlet_count":0,"master_deck":["AscendersBane","Defend_B","Defend_B","Defend_B","Zap","Dualcast","White Noise","Self Repair+1","Defragment+1","Ball Lightning","Static Discharge+1","Cold Snap","Biased Cognition+1","Capacitor","Steam","Ball Lightning","Glacier","Conserve Battery","Ball Lightning+1","Electrodynamics","Coolheaded+1","Consume+1","Consume+1","Steam Power","Rainbow+1"],"relics":["Cracked Core","NeowsBlessing","Bottled Tornado","Omamori","The Courier","Anchor","Runic Dome","Dream Catcher","Singing Bowl","ClockworkSouvenir","Bag of Preparation","Akabeko","Nunchaku","Inserter","Runic Capacitor","Strawberry","Molten Egg 2","Ornamental Fan"],"acts_visited":["Exordium","TheCity","TheBeyond"],"potions_floor_usage":[16,23,23,33,33,50],"damage_taken":[{"damage":0.0,"enemies":"Jaw Worm","floor":1.0,"turns":1.0},{"damage":0.0,"enemies":"3 Sentries","floor":7.0,"turns":1.0},{"damage":0,"enemies":"Small Slimes","floor":10,"turns":1},{"damage":35,"enemies":"3 Sentries","floor":11,"turns":6},{"damage":11,"enemies":"Gremlin Nob","floor":14,"turns":3},{"damage":36,"enemies":"The Guardian","floor":16,"turns":9},{"damage":16,"enemies":"Shell Parasite","floor":18,"turns":4},{"damage":7,"enemies":"Chosen","floor":21,"turns":4},{"damage":40,"enemies":"Slavers","floor":23,"turns":4},{"damage":5,"enemies":"Centurion and Healer","floor":27,"turns":6},{"damage":7,"enemies":"Snecko","floor":28,"turns":3},{"damage":1,"enemies":"Gremlin Leader","floor":31,"turns":4},{"damage":52,"enemies":"Collector","floor":33,"turns":6},{"damage":0,"enemies":"Orb Walker","floor":35,"turns":4},{"damage":24,"enemies":"3 Darklings","floor":36,"turns":3},{"damage":15,"enemies":"Writhing Mass","floor":39,"turns":6},{"damage":9,"enemies":"Nemesis","floor":41,"turns":7},{"damage":28,"enemies":"Giant Head","floor":44,"turns":7},{"damage":1,"enemies":"Maw","floor":46,"turns":7},{"damage":14,"enemies":"Time Eater","floor":50,"turns":11}],"seed_played":"-5339859549318846146","potions_obtained":[{"floor":1.0,"key":"SpeedPotion"},{"floor":14,"key":"Block Potion"},{"floor":21,"key":"Fire Potion"},{"floor":28,"key":"Energy Potion"},{"floor":31,"key":"PowerPotion"},{"floor":33,"key":"SkillPotion"},{"floor":35,"key":"LiquidMemories"}],"is_trial":false,"path_per_floor":["M","$","?","?","$","R","E","R","T","M","?","R","?","E","R","B",null,"M","?","?","M","T","E","R","$","T","M","M","$","R","E","R","B",null,"M","M","$","?","M","R","E","?","T","E","R","M","R","?","R","B",null],"character_chosen":"DEFECT","items_purchased":["Self Repair","ClockworkSouvenir","Bag of Preparation","Conserve Battery","Runic Capacitor"],"campfire_rested":4,"item_purchase_floors":[2,25,25,25,37],"current_hp_per_floor":[64,64,53,53,53,53,53,53,53,53,28,49,42,41,41,5,55,49,49,49,52,52,22,43,43,43,48,43,43,66,75,75,35,67,77,63,63,63,60,60,70,70,70,52,52,61,61,61,89,75],"gold":176,"neow_bonus":"THREE_ENEMY_KILL","is_daily":false,"chose_seed":false,"campfire_upgraded":7,"win_rate":0.0,"timestamp":1614082644,"path_taken":["M","$","?","?","$","R","E","R","T","M","?","R","?","E","R","BOSS","M","?","?","M","?","E","R","$","T","?","M","?","R","E","R","BOSS","M","?","?","?","?","R","E","?","T","E","R","?","R","?","R","BOSS"],"items_purchased_type":["Card","Relic","Relic","Card","Relic"],"build_version":"2020-12-22","purchased_purges":3,"victory":true,"max_hp_per_floor":[71,71,71,71,71,71,71,71,71,71,71,71,71,71,71,71,71,71,71,71,71,71,71,71,71,71,71,73,73,75,75,75,77,77,77,77,77,77,79,79,88,88,88,88,88,88,88,88,90,90],"relic_stats":{"Dream Catcher":3,"Nunchaku":[3],"Inserter":[21],"Singing Bowl":12,"counters":[20,97],"Ornamental Fan":[4],"Bag of Preparation":[22],"obtain_stats":[{"Inserter":34,"NeowsBlessing":0,"Singing Bowl":23,"The Courier":11,"Omamori":9,"Bag of Preparation":25,"Runic Capacitor":37,"Bottled Tornado":7,"Akabeko":26,"ClockworkSouvenir":25,"Runic Dome":17,"Anchor":14,"Dream Catcher":22,"Nunchaku":31,"Ornamental Fan":44,"Strawberry":41,"Molten Egg 2":43,"Cracked Core":0},{"Inserter":13,"NeowsBlessing":0,"Singing Bowl":9,"The Courier":4,"Omamori":2,"Bag of Preparation":9,"Runic Capacitor":15,"Bottled Tornado":2,"Akabeko":9,"ClockworkSouvenir":9,"Runic Dome":6,"Anchor":5,"Dream Catcher":8,"Nunchaku":12,"Ornamental Fan":18,"Strawberry":17,"Molten Egg 2":17,"Cracked Core":0},{"Inserter":52,"NeowsBlessing":0,"Singing Bowl":33,"The Courier":9,"Omamori":2,"Bag of Preparation":33,"Runic Capacitor":59,"Bottled Tornado":2,"Akabeko":33,"ClockworkSouvenir":33,"Runic Dome":21,"Anchor":12,"Dream Catcher":29,"Nunchaku":46,"Ornamental Fan":79,"Strawberry":72,"Molten Egg 2":72,"Cracked Core":0}]},"card_choices":[{"not_picked":["Beam Cell","Redo"],"picked":"White Noise","floor":1.0},{"not_picked":["Coolheaded","Thunder Strike"],"picked":"Defragment","floor":7},{"not_picked":["Fusion","Redo"],"picked":"Ball Lightning","floor":10},{"not_picked":["Go for the Eyes","Double Energy"],"picked":"Static Discharge","floor":11},{"not_picked":["Streamline","Stack"],"picked":"Cold Snap","floor":14},{"not_picked":["Core Surge","Thunder Strike"],"picked":"Biased Cognition","floor":16},{"not_picked":["Gash+1","Hologram"],"picked":"Capacitor","floor":18},{"not_picked":["BootSequence","Blizzard"],"picked":"Steam","floor":21},{"not_picked":["Creative AI","Darkness"],"picked":"Ball Lightning","floor":23},{"not_picked":["Beam Cell","Rebound"],"picked":"Glacier","floor":24},{"not_picked":["Conserve Battery","Darkness"],"picked":"Ball Lightning+1","floor":27},{"not_picked":["Static Discharge","Genetic Algorithm","Recycle"],"picked":"Singing Bowl","floor":28},{"not_picked":["Gash","Aggregate","Capacitor"],"picked":"Singing Bowl","floor":30},{"not_picked":["Hello World+1","Streamline"],"picked":"Electrodynamics","floor":31},{"not_picked":["Meteor Strike","Multi-Cast","Electrodynamics"],"picked":"Singing Bowl","floor":33},{"not_picked":["Rip and Tear","Double Energy"],"picked":"Coolheaded","floor":35},{"not_picked":["Loop+1","Auto Shields"],"picked":"Consume","floor":36},{"not_picked":["Blizzard","Sweeping Beam","Conserve Battery"],"picked":"Singing Bowl","floor":39},{"not_picked":["Stack","Streamline","Steam+1"],"picked":"Singing Bowl","floor":41},{"not_picked":["Redo","Reinforced Body+1"],"picked":"Steam Power","floor":44},{"not_picked":["Cold Snap+1","Conserve Battery+1"],"picked":"Rainbow","floor":46},{"not_picked":["Redo","BootSequence","Conserve Battery"],"picked":"Singing Bowl","floor":49}],"player_experience":483471,"relics_obtained":[{"floor":7,"key":"Bottled Tornado"},{"floor":9,"key":"Omamori"},{"floor":11,"key":"The Courier"},{"floor":14,"key":"Anchor"},{"floor":22,"key":"Dream Catcher"},{"floor":23,"key":"Singing Bowl"},{"floor":26,"key":"Akabeko"},{"floor":31,"key":"Nunchaku"},{"floor":41,"key":"Strawberry"},{"floor":43,"key":"Molten Egg 2"},{"floor":44,"key":"Ornamental Fan"}],"event_choices":[{"damage_healed":0.0,"max_hp_gain":0.0,"max_hp_loss":0.0,"gold_gain":75.0,"event_name":"World of Goop","player_choice":"Gather Gold","floor":3.0,"gold_loss":0.0,"damage_taken":11.0},{"damage_healed":0.0,"max_hp_gain":0.0,"max_hp_loss":0.0,"gold_gain":150.0,"event_name":"Liars Game","player_choice":"AGREE","floor":4.0,"gold_loss":0.0,"damage_taken":0.0,"cards_obtained":["Doubt"]},{"damage_healed":0,"gold_gain":30,"player_choice":"Searched \u00273\u0027 times","damage_taken":0,"max_hp_gain":0,"max_hp_loss":0,"event_name":"Dead Adventurer","floor":11,"gold_loss":0},{"cards_removed":["Strike_B"],"damage_healed":0,"gold_gain":0,"player_choice":"Card Removal","damage_taken":7,"max_hp_gain":0,"max_hp_loss":0,"event_name":"Golden Wing","floor":13,"gold_loss":0},{"cards_removed":["Strike_B"],"damage_healed":0,"gold_gain":0,"player_choice":"Gave Gold","damage_taken":0,"max_hp_gain":0,"max_hp_loss":0,"event_name":"Beggar","floor":19,"gold_loss":75},{"damage_healed":0,"gold_gain":0,"player_choice":"Ignored","damage_taken":0,"max_hp_gain":0,"max_hp_loss":0,"event_name":"Vampires","floor":20,"gold_loss":0},{"damage_healed":0,"gold_gain":0,"player_choice":"Got Potions","damage_taken":0,"max_hp_gain":0,"max_hp_loss":0,"event_name":"Lab","floor":38,"gold_loss":0},{"damage_healed":0,"gold_gain":0,"player_choice":"Copied","damage_taken":0,"max_hp_gain":0,"max_hp_loss":0,"event_name":"Duplicator","floor":42,"gold_loss":0,"cards_obtained":["Consume"]},{"cards_removed":["Defend_B"],"damage_healed":0,"gold_gain":0,"player_choice":"Purged","damage_taken":0,"max_hp_gain":0,"max_hp_loss":0,"event_name":"Purifier","floor":48,"gold_loss":0}],"is_beta":false,"boss_relics":[{"not_picked":["Ectoplasm","SacredBark"],"picked":"Runic Dome"},{"not_picked":["Sozu","Runic Pyramid"],"picked":"Inserter"}],"items_purged_floors":[5,25,29],"is_endless":false,"potions_floor_spawned":[1,14,21,28,31,33,35,36,44,46],"ascension_level":19}}