{"host":"t39frk1gt0zfm79h","time":1614057161,"event":{"mods":["BaseMod","Better Altar","Better Match","Better Note","Better Sensory Stone","Better Skull","Better Third Choice","Block Reminder","Colored Map","Downfall","Hermit","Minty Spire (QoL Compilation)","Relic Stats","StSLib"],"gold_per_floor":[365,377,452,244,2,36,36,36,36,36,70,82,112,124,124,220,220,240,252,285,301,301,328,339,373,373,384,384,397,397,415,415,520,520,530,547,547,564,182,215,215,234,234,265,265,265,54,54,54,54,54,54,54,89,89,89],"floor_reached":55,"language":"ENG","playtime":3576,"items_purged":["hermit:Strike_Hermit"],"score":952,"play_id":"b456d9d5-f37e-4836-9e65-b66b4cf0c168","local_time":"20210222211241","is_ascension_mode":true,"campfire_choices":[{"data":"hermit:WideOpen","floor":7.0,"key":"SMITH"},{"data":"hermit:GhostlyPresence","floor":10.0,"key":"SMITH"},{"data":"hermit:GhostlyPresence","floor":15.0,"key":"SMITH"},{"floor":28.0,"key":"REST"},{"floor":32.0,"key":"REST"},{"data":"hermit:Adapt","floor":41,"key":"SMITH"},{"floor":45,"key":"REST"},{"floor":49,"key":"RECALL"},{"data":"hermit:BigShot","floor":52,"key":"SMITH"}],"circlet_count":0,"master_deck":["hermit:Strike_Hermit+1","hermit:Strike_Hermit","hermit:Strike_Hermit","hermit:Defend_Hermit","hermit:Defend_Hermit","hermit:Defend_Hermit","hermit:Defend_Hermit","hermit:Snapshot","hermit:Covet","hermit:Deadeye+1","hermit:WideOpen+1","hermit:GhostlyPresence+1","hermit:WideOpen","hermit:CalledShot","hermit:WideOpen","hermit:WideOpen+1","hermit:GhostlyPresence+1","hermit:Quickdraw+1","hermit:Ricochet+1","hermit:Glare","hermit:Adapt+1","hermit:Quickdraw+1","hermit:Ricochet+1","hermit:Glare","hermit:PistolWhip+1","hermit:BigShot+1","hermit:TrackingShot+1","hermit:Feint","hermit:Gambit","AscendersBane","Apotheosis+1","hermit:Snipe+1","hermit:TakeAim+1","hermit:TakeAim","hermit:BodyArmor+1"],"relics":["hermit:Momento","Orrery","hermit:Spyglass","Oddly Smooth Stone","TungstenRod","Molten Egg 2","Orichalcum","Sozu","Red Mask","Whetstone","Calipers","Kunai","Runic Pyramid","Torii","Mummified Hand","Prayer Wheel","Bag of Preparation","Centennial Puzzle"],"acts_visited":["Exordium","TheCity","TheBeyond","TheEnding"],"potions_floor_usage":[50,54],"damage_taken":[{"damage":0.0,"enemies":"Small Slimes","floor":1.0,"turns":5.0},{"damage":1.0,"enemies":"Jaw Worm","floor":2.0,"turns":3.0},{"damage":12.0,"enemies":"Lagavulin","floor":6.0,"turns":7.0},{"damage":9.0,"enemies":"3 Sentries","floor":11.0,"turns":8.0},{"damage":0.0,"enemies":"2 Louse","floor":12.0,"turns":2.0},{"damage":0.0,"enemies":"Gremlin Nob","floor":13.0,"turns":2.0},{"damage":0.0,"enemies":"Gremlin Gang","floor":14.0,"turns":4.0},{"damage":0.0,"enemies":"Hexaghost","floor":16.0,"turns":9.0},{"damage":0.0,"enemies":"Chosen","floor":18.0,"turns":4.0},{"damage":2.0,"enemies":"3 Byrds","floor":19.0,"turns":6.0},{"damage":7.0,"enemies":"Masked Bandits","floor":20.0,"turns":5.0},{"damage":1.0,"enemies":"Centurion and Healer","floor":21.0,"turns":5.0},{"damage":11.0,"enemies":"Book of Stabbing","floor":23.0,"turns":6.0},{"damage":4.0,"enemies":"Sentry and Sphere","floor":24.0,"turns":4.0},{"damage":35.0,"enemies":"Gremlin Leader","floor":25.0,"turns":8.0},{"damage":3.0,"enemies":"Snake Plant","floor":27.0,"turns":3.0},{"damage":7.0,"enemies":"Centurion and Healer","floor":29.0,"turns":5.0},{"damage":10.0,"enemies":"Chosen and Byrds","floor":31.0,"turns":6.0},{"damage":3.0,"enemies":"Champ","floor":33.0,"turns":11.0},{"damage":3.0,"enemies":"Orb Walker","floor":35.0,"turns":2.0},{"damage":14,"enemies":"3 Shapes","floor":36,"turns":6},{"damage":16,"enemies":"Writhing Mass","floor":38,"turns":7},{"damage":0,"enemies":"Nemesis","floor":40,"turns":7},{"damage":2,"enemies":"4 Shapes","floor":42,"turns":8},{"damage":18,"enemies":"Giant Head","floor":44,"turns":11},{"damage":17,"enemies":"Time Eater","floor":50,"turns":13},{"damage":51,"enemies":"Shield and Spear","floor":54,"turns":9},{"damage":38,"enemies":"The Heart","floor":55,"turns":2}],"seed_played":"-7886717422600481508","potions_obtained":[{"floor":1.0,"key":"FearPotion"},{"floor":2.0,"key":"EssenceOfSteel"},{"floor":12.0,"key":"PowerPotion"},{"floor":14.0,"key":"hermit:Eclipse"}],"is_trial":false,"path_per_floor":["M","M","?","$","$","E","R","?","T","R","E","M","E","M","R","B",null,"M","M","?","M","?","E","M","E","T","M","R","M","?","M","R","B",null,"M","M","?","M","$","E","R","M","T","E","R","?","$","?","R","B",null,"R","$","E","B"],"character_chosen":"HERMIT","items_purchased":["Orrery","hermit:WideOpen","hermit:Spyglass","Torii","Bag of Preparation","hermit:TakeAim"],"campfire_rested":3,"item_purchase_floors":[4,4,5,39,47,47],"current_hp_per_floor":[68,67,56,56,56,44,44,44,44,44,35,35,35,35,35,35,68,68,66,59,58,58,47,43,8,8,5,25,18,18,8,28,25,68,65,51,51,35,35,35,35,33,33,15,35,35,35,35,35,18,68,68,68,17,0,0],"gold":89,"neow_bonus":"TWO_FIFTY_GOLD","is_daily":false,"chose_seed":false,"campfire_upgraded":5,"win_rate":0.0,"timestamp":1614057161,"path_taken":["M","M","?","?","$","E","R","?","T","R","E","M","E","M","R","BOSS","M","?","?","M","?","E","M","E","T","M","R","M","?","M","R","BOSS","M","M","?","M","$","E","R","M","T","E","R","?","?","?","R","BOSS","R","$","E","BOSS"],"items_purchased_type":["Relic","Card","Relic","Relic","Relic","Card"],"build_version":"2020-12-22","purchased_purges":1,"victory":false,"max_hp_per_floor":[68,68,68,68,68,68,68,68,68,68,68,68,68,68,68,68,68,68,68,68,68,68,68,68,68,68,68,68,68,68,68,68,68,68,68,68,68,68,68,68,68,68,68,68,68,68,68,68,68,68,68,68,68,68,68,68],"relic_stats":{"Sozu":9,"Centennial Puzzle":[0],"Torii":12,"counters":[21,132],"Mummified Hand":[14],"Prayer Wheel":0,"Bag of Preparation":[6],"Whetstone":["hermit:Strike_Hermit","hermit:WideOpen"],"Kunai":[42],"Orichalcum":[216],"obtain_stats":[{"Darkstone Periapt":9,"Ice Cream":19,"Pear":24,"Torii":39,"Bag of Preparation":47,"Ancient Tea Set":6,"Anchor":12,"Centennial Puzzle":54,"DollysMirror":19,"Mummified Hand":40,"Prayer Wheel":44,"downfall:ExtraCursedKey":3,"Fusion Hammer":17,"hermit:Momento":0},{"Darkstone Periapt":4,"Ice Cream":10,"Pear":13,"Torii":15,"Bag of Preparation":18,"Ancient Tea Set":4,"Anchor":6,"Centennial Puzzle":20,"DollysMirror":10,"Mummified Hand":16,"Prayer Wheel":18,"downfall:ExtraCursedKey":2,"Fusion Hammer":9,"hermit:Momento":0},{"Darkstone Periapt":20,"Ice Cream":52,"Pear":70,"Torii":82,"Bag of Preparation":108,"Ancient Tea Set":20,"Anchor":28,"Centennial Puzzle":130,"DollysMirror":52,"Mummified Hand":89,"Prayer Wheel":108,"downfall:ExtraCursedKey":7,"Fusion Hammer":48,"hermit:Momento":0}],"TungstenRod":51},"card_choices":[{"not_picked":["hermit:Dive","hermit:Quickdraw"],"picked":"hermit:Deadeye","floor":1.0},{"not_picked":["hermit:HighCaliber","hermit:LowProfile"],"picked":"hermit:WideOpen","floor":2.0},{"not_picked":["hermit:Quickdraw","hermit:Glare"],"picked":"hermit:GhostlyPresence","floor":4.0},{"not_picked":["hermit:Manifest","hermit:ItchyTrigger"],"picked":"hermit:WideOpen","floor":4.0},{"not_picked":["hermit:Manifest","hermit:HighNoon"],"picked":"hermit:CalledShot","floor":4.0},{"not_picked":["hermit:Coalescence","hermit:Grudge"],"picked":"hermit:WideOpen","floor":4.0},{"not_picked":["hermit:Cheat","hermit:Snipe"],"picked":"hermit:GhostlyPresence","floor":6.0},{"not_picked":["hermit:HoleUp","hermit:ItchyTrigger+1"],"picked":"hermit:Quickdraw+1","floor":11.0},{"not_picked":["hermit:FatalDesire","hermit:Roulette+1"],"picked":"hermit:Ricochet+1","floor":12.0},{"not_picked":["hermit:Malice+1","hermit:Manifest","hermit:Misfire+1"],"picked":"SKIP","floor":13.0},{"not_picked":["hermit:LoneWolf","hermit:WideOpen+1"],"picked":"hermit:Glare","floor":14.0},{"not_picked":["hermit:OverwhelmingPower","hermit:Reprieve"],"picked":"hermit:Adapt","floor":16.0},{"not_picked":["hermit:ShadowCloak","hermit:Coalescence"],"picked":"hermit:Quickdraw+1","floor":18.0},{"not_picked":["hermit:WideOpen+1","hermit:Manifest"],"picked":"hermit:Ricochet+1","floor":19.0},{"not_picked":["hermit:Ricochet+1","hermit:HighCaliber+1"],"picked":"hermit:Glare","floor":21.0},{"not_picked":["hermit:HighCaliber+1","hermit:Maintenance","hermit:BodyArmor"],"picked":"SKIP","floor":23.0},{"not_picked":["hermit:LuckOfTheDraw","hermit:Feint+1"],"picked":"hermit:PistolWhip+1","floor":24.0},{"not_picked":["hermit:BlackWind+1","hermit:GoldenBullet+1"],"picked":"hermit:BigShot","floor":25.0},{"not_picked":["hermit:SprayPray+1","hermit:Ricochet+1"],"picked":"hermit:TrackingShot+1","floor":27.0},{"not_picked":["hermit:Headshot+1","hermit:Manifest"],"picked":"hermit:Feint","floor":29.0},{"not_picked":["hermit:HighCaliber+1","hermit:Desperado+1","hermit:ItchyTrigger+1"],"picked":"SKIP","floor":31.0},{"not_picked":["hermit:DeadOrAlive+1","hermit:HighNoon"],"picked":"hermit:Gambit","floor":33.0},{"not_picked":["hermit:Coalescence+1","hermit:HoleUp+1","hermit:Spite+1"],"picked":"SKIP","floor":35},{"not_picked":["hermit:Coalescence+1","hermit:Vantage+1","hermit:Misfire+1"],"picked":"SKIP","floor":36},{"not_picked":["hermit:Misfire+1","hermit:Ricochet+1"],"picked":"hermit:Cheat+1","floor":38},{"not_picked":["hermit:Coalescence","hermit:Ricochet+1","hermit:HighCaliber+1"],"picked":"SKIP","floor":40},{"not_picked":["hermit:CalledShot+1","hermit:Headshot+1"],"picked":"hermit:Snipe+1","floor":42},{"not_picked":["hermit:Roulette+1","hermit:Desperado+1"],"picked":"hermit:TakeAim+1","floor":44},{"not_picked":["hermit:OverwhelmingPower","hermit:Grudge+1"],"picked":"hermit:BodyArmor+1","floor":54}],"player_experience":25533,"relics_obtained":[{"floor":6.0,"key":"Oddly Smooth Stone"},{"floor":9.0,"key":"TungstenRod"},{"floor":11.0,"key":"Molten Egg 2"},{"floor":13.0,"key":"Orichalcum"},{"floor":20.0,"key":"Red Mask"},{"floor":23.0,"key":"Whetstone"},{"floor":25.0,"key":"Calipers"},{"floor":26.0,"key":"Kunai"},{"floor":40,"key":"Mummified Hand"},{"floor":44,"key":"Prayer Wheel"},{"floor":54,"key":"Centennial Puzzle"}],"event_choices":[{"damage_healed":0.0,"max_hp_gain":0.0,"max_hp_loss":0.0,"gold_gain":75.0,"event_name":"betterThird:BetterGoop","player_choice":"Gold","floor":3.0,"gold_loss":0.0,"damage_taken":11.0},{"damage_healed":0.0,"max_hp_gain":0.0,"max_hp_loss":0.0,"gold_gain":0.0,"event_name":"Upgrade Shrine","player_choice":"Upgraded","floor":8.0,"gold_loss":0.0,"damage_taken":0.0,"cards_upgraded":["hermit:Deadeye"]},{"damage_healed":0.0,"max_hp_gain":0.0,"max_hp_loss":0.0,"gold_gain":0.0,"event_name":"Masked Bandits","player_choice":"Fought Bandits","floor":20.0,"gold_loss":0.0,"damage_taken":0.0},{"damage_healed":0.0,"max_hp_gain":0.0,"max_hp_loss":0.0,"gold_gain":0.0,"event_name":"Cursed Tome","player_choice":"Ignored","floor":22.0,"gold_loss":0.0,"damage_taken":0.0},{"damage_healed":0.0,"max_hp_gain":0.0,"max_hp_loss":0.0,"gold_gain":0.0,"event_name":"The Mausoleum","player_choice":"Ignored","floor":30.0,"gold_loss":0.0,"damage_taken":0.0},{"damage_healed":0,"gold_gain":3,"player_choice":"3","damage_taken":0,"max_hp_gain":0,"max_hp_loss":0,"event_name":"betterStone:BetterStone","floor":37,"gold_loss":0,"cards_obtained":["Apotheosis"]},{"damage_healed":0,"gold_gain":0,"player_choice":"Ignored","damage_taken":0,"max_hp_gain":0,"max_hp_loss":0,"event_name":"Mysterious Sphere","floor":46,"gold_loss":0},{"cards_removed":["hermit:Cheat"],"damage_healed":0,"gold_gain":0,"player_choice":"Removed Skill","damage_taken":0,"max_hp_gain":0,"max_hp_loss":0,"event_name":"Falling","floor":48,"gold_loss":0}],"is_beta":false,"boss_relics":[{"not_picked":["SlaversCollar","hermit:DentedPlate"],"picked":"Sozu"},{"not_picked":["hermit:ClaspedLocket","Astrolabe"],"picked":"Runic Pyramid"}],"items_purged_floors":[39],"is_endless":false,"potions_floor_spawned":[1,2,12,14,20,23,24,25,27,29,35,36,42],"killed_by":"The Heart","ascension_level":1}}