{"host":"7wi4qgm5yw4j7oz0","time":1614078198,"event":{"mods":["AchievementEnabler","BaseMod","Block Reminder","Colored Map","Colored Powertips","Highlight Path","Minty Spire (QoL Compilation)","Permanent Neow","Random Character Button","StSLib","SuperFastMode","everything is the same but u backflip on backflip"],"gold_per_floor":[113,123,141,155,170,199,199,228,228,18,33,33,43,43,43,114,114,69,69,69,69,69,69,69,69,69,69,69,69,69,69,69,69,69,69,69,69,69,69,69,69,69,69,69,69,34,34,34,34,34],"floor_reached":51,"language":"KOR","playtime":2798,"items_purged":["Strike_R"],"score":1287,"play_id":"597e6a8d-4120-4c56-a222-b8544691d835","local_time":"20210223200318","is_ascension_mode":true,"campfire_choices":[{"floor":7.0,"key":"REST"},{"data":"Armaments","floor":12.0,"key":"SMITH"},{"floor":15.0,"key":"DIG"},{"data":"Body Slam","floor":23,"key":"SMITH"},{"floor":25,"key":"REST"},{"floor":28,"key":"DIG"},{"floor":32,"key":"DIG"},{"floor":41,"key":"DIG"},{"floor":49,"key":"DIG"}],"circlet_count":0,"master_deck":["AscendersBane","Strike_R","Strike_R","Defend_R","Defend_R","Defend_R","Defend_R","Bash","Trip","Pommel Strike","Uppercut","Body Slam+1","Battle Trance","Headbutt","Dropkick","Feed","Armaments+1","Deep Breath","Corruption","Entrench","Shockwave","Feel No Pain","Seeing Red","Shrug It Off","Sentinel","Metallicize","Burning Pact","Double Tap","Shrug It Off","Mind Blast+1","Mind Blast+1","Dark Shackles","Madness","Shrug It Off","Ghostly Armor","Mayhem","Body Slam+1"],"relics":["Burning Blood","HornCleat","Shovel","Kunai","FaceOfCleric","Mercury Hourglass","Ectoplasm","Omamori","Gremlin Horn","Lizard Tail","Molten Egg 2","Matryoshka","Fusion Hammer","Pear","Paper Frog","Nunchaku","Red Skull"],"acts_visited":["Exordium","TheCity","TheBeyond"],"potions_floor_usage":[20,21,33,33,40,50,50],"damage_taken":[{"damage":14.0,"enemies":"Jaw Worm","floor":1.0,"turns":4.0},{"damage":1.0,"enemies":"Cultist","floor":2.0,"turns":3.0},{"damage":2.0,"enemies":"2 Louse","floor":3.0,"turns":2.0},{"damage":15.0,"enemies":"Exordium Wildlife","floor":4.0,"turns":4.0},{"damage":18.0,"enemies":"3 Louse","floor":5.0,"turns":3.0},{"damage":18.0,"enemies":"Lagavulin","floor":6.0,"turns":6.0},{"damage":26.0,"enemies":"3 Sentries","floor":8.0,"turns":7.0},{"damage":4.0,"enemies":"Red Slaver","floor":11.0,"turns":3.0},{"damage":13.0,"enemies":"Blue Slaver","floor":13.0,"turns":2.0},{"damage":26.0,"enemies":"The Guardian","floor":16.0,"turns":12.0},{"damage":7.0,"enemies":"2 Thieves","floor":18.0,"turns":4.0},{"damage":6.0,"enemies":"Shell Parasite","floor":19.0,"turns":4.0},{"damage":0,"enemies":"Centurion and Healer","floor":20,"turns":3},{"damage":19,"enemies":"Chosen and Byrds","floor":21,"turns":7},{"damage":14,"enemies":"Snake Plant","floor":22,"turns":4},{"damage":32,"enemies":"Gremlin Leader","floor":24,"turns":8},{"damage":0,"enemies":"Snecko","floor":29,"turns":4},{"damage":32,"enemies":"Slavers","floor":30,"turns":6},{"damage":28,"enemies":"Collector","floor":33,"turns":12},{"damage":5,"enemies":"3 Shapes","floor":35,"turns":5},{"damage":2,"enemies":"3 Darklings","floor":38,"turns":5},{"damage":8,"enemies":"4 Shapes","floor":39,"turns":5},{"damage":0,"enemies":"Jaw Worm Horde","floor":40,"turns":2},{"damage":3,"enemies":"Transient","floor":45,"turns":5},{"damage":6,"enemies":"Sphere and 2 Shapes","floor":48,"turns":5},{"damage":44,"enemies":"Awakened One","floor":50,"turns":10}],"seed_played":"-7220345411467783315","potions_obtained":[{"floor":1.0,"key":"CultistPotion"},{"floor":5.0,"key":"EssenceOfSteel"},{"floor":6.0,"key":"SkillPotion"},{"floor":13.0,"key":"Strength Potion"},{"floor":16.0,"key":"SkillPotion"},{"floor":20,"key":"Block Potion"},{"floor":22,"key":"SteroidPotion"},{"floor":30,"key":"Dexterity Potion"},{"floor":33,"key":"BloodPotion"},{"floor":39,"key":"Explosive Potion"},{"floor":45,"key":"Strength Potion"}],"is_trial":false,"path_per_floor":["M","M","M","M","M","E","R","E","T","$","M","R","M","?","R","B",null,"M","M","M","M","M","R","E","R","T","$","R","M","E","?","R","B",null,"M","?","?","M","M","M","R","?","T","$","M","$","?","M","R","B",null],"character_chosen":"IRONCLAD","items_purchased":["Armaments","Deep Breath","Ghostly Armor"],"campfire_rested":2,"item_purchase_floors":[10,10,46],"current_hp_per_floor":[60,65,69,60,48,36,58,38,38,38,40,40,33,33,33,14,61,61,66,76,64,57,57,32,58,58,58,58,68,47,47,47,26,81,86,76,57,62,61,68,78,78,78,78,82,82,82,83,83,69],"gold":34,"neow_bonus":"RANDOM_COLORLESS","is_daily":false,"chose_seed":false,"campfire_upgraded":2,"win_rate":0.0,"timestamp":1614078198,"path_taken":["M","M","M","M","M","E","R","E","T","$","M","R","M","?","R","BOSS","M","M","M","M","M","R","E","R","T","$","R","M","E","?","R","BOSS","M","?","?","M","M","M","R","?","T","$","?","$","?","M","R","BOSS"],"items_purchased_type":["Card","Card","Card"],"build_version":"2020-12-22","purchased_purges":1,"victory":true,"max_hp_per_floor":[75,75,75,75,75,75,75,75,75,75,75,75,75,75,75,76,76,77,82,86,87,88,88,89,89,89,89,89,93,98,98,98,99,99,103,103,103,104,105,106,116,116,116,116,117,117,117,118,118,119],"card_choices":[{"not_picked":["Madness","Jack Of All Trades"],"picked":"Trip","floor":0.0},{"not_picked":["Havoc","Flex"],"picked":"Pommel Strike","floor":1.0},{"not_picked":["Headbutt","Pommel Strike"],"picked":"Uppercut","floor":2.0},{"not_picked":["Havoc","Rupture"],"picked":"Body Slam","floor":3.0},{"not_picked":["Exhume","Sword Boomerang"],"picked":"Battle Trance","floor":4.0},{"not_picked":["Rage","Body Slam"],"picked":"Headbutt","floor":5.0},{"not_picked":["Heavy Blade","Wild Strike"],"picked":"Dropkick","floor":6.0},{"not_picked":["Feel No Pain","Anger"],"picked":"Feed","floor":8.0},{"not_picked":["Headbutt","Armaments","Perfected Strike"],"picked":"SKIP","floor":11.0},{"not_picked":["Heavy Blade","Infernal Blade","Sentinel"],"picked":"SKIP","floor":13.0},{"not_picked":["Exhume","Feed"],"picked":"Corruption","floor":16.0},{"not_picked":["Twin Strike","Spot Weakness"],"picked":"Entrench","floor":18.0},{"not_picked":["Heavy Blade","Combust"],"picked":"Shockwave","floor":19.0},{"not_picked":["Flame Barrier","Thunderclap"],"picked":"Feel No Pain","floor":20},{"not_picked":["Blood for Blood","Hemokinesis"],"picked":"Seeing Red","floor":21},{"not_picked":["Combust","Flex","Body Slam"],"picked":"SKIP","floor":22},{"not_picked":["Clash","Thunderclap","Uppercut"],"picked":"SKIP","floor":24},{"not_picked":["Armaments","True Grit"],"picked":"Shrug It Off","floor":29},{"not_picked":["Perfected Strike+1","Fire Breathing"],"picked":"Sentinel","floor":30},{"not_picked":["Corruption","Brutality"],"picked":"Double Tap","floor":33},{"not_picked":["Flex+1","Perfected Strike+1"],"picked":"Shrug It Off","floor":35},{"not_picked":["Purity","Violence"],"picked":"Mind Blast+1","floor":36},{"not_picked":["Dark Shackles","Trip"],"picked":"Mind Blast+1","floor":36},{"not_picked":["Secret Weapon","Madness"],"picked":"Dark Shackles","floor":36},{"not_picked":["Wild Strike+1","Flex+1","Fire Breathing"],"picked":"SKIP","floor":38},{"not_picked":["Twin Strike+1","Sentinel"],"picked":"Shrug It Off","floor":39},{"not_picked":["Twin Strike+1","Wild Strike+1","Havoc"],"picked":"SKIP","floor":40},{"not_picked":["Hemokinesis+1","Pommel Strike+1","Cleave+1"],"picked":"SKIP","floor":45},{"not_picked":["Sword Boomerang+1","Warcry"],"picked":"Body Slam+1","floor":48}],"player_experience":351541,"relics_obtained":[{"floor":6.0,"key":"HornCleat"},{"floor":8.0,"key":"Shovel"},{"floor":9.0,"key":"Kunai"},{"floor":15.0,"key":"Mercury Hourglass"},{"floor":24,"key":"Omamori"},{"floor":26,"key":"Gremlin Horn"},{"floor":28,"key":"Lizard Tail"},{"floor":30,"key":"Molten Egg 2"},{"floor":32,"key":"Matryoshka"},{"floor":41,"key":"Pear"},{"floor":43,"key":"Paper Frog"},{"floor":43,"key":"Nunchaku"},{"floor":49,"key":"Red Skull"}],"event_choices":[{"damage_healed":0.0,"max_hp_gain":0.0,"max_hp_loss":0.0,"gold_gain":0.0,"event_name":"FaceTrader","player_choice":"Trade","floor":14.0,"gold_loss":0.0,"damage_taken":0.0,"relics_obtained":["FaceOfCleric"]},{"damage_healed":0,"gold_gain":0,"cards_transformed":["Strike_R","Strike_R"],"player_choice":"Became Test Subject","damage_taken":0,"max_hp_gain":0,"max_hp_loss":0,"event_name":"Drug Dealer","floor":31,"gold_loss":0,"cards_obtained":["Metallicize","Burning Pact"]},{"damage_healed":0,"gold_gain":0,"player_choice":"Memory 3","damage_taken":10,"max_hp_gain":0,"max_hp_loss":0,"event_name":"SensoryStone","floor":36,"gold_loss":0},{"damage_healed":0,"gold_gain":0,"player_choice":"Embrace Madness","damage_taken":19,"max_hp_gain":0,"max_hp_loss":0,"event_name":"Winding Halls","floor":37,"gold_loss":0,"cards_obtained":["Madness","Madness"]},{"damage_healed":0,"gold_gain":0,"player_choice":"Ignored","damage_taken":0,"max_hp_gain":0,"max_hp_loss":0,"event_name":"SecretPortal","floor":42,"gold_loss":0},{"damage_healed":0,"gold_gain":0,"cards_transformed":["Madness"],"player_choice":"Transformed","damage_taken":0,"max_hp_gain":0,"max_hp_loss":0,"event_name":"Transmorgrifier","floor":47,"gold_loss":0,"cards_obtained":["Mayhem"]}],"is_beta":false,"boss_relics":[{"not_picked":["Busted Crown","SlaversCollar"],"picked":"Ectoplasm"},{"not_picked":["Black Star","Cursed Key"],"picked":"Fusion Hammer"}],"items_purged_floors":[10],"is_endless":false,"potions_floor_spawned":[1,5,6,13,16,20,22,30,33,39,45],"ascension_level":15}}