{"host":"snd6571rw3150vxe","time":1614076461,"event":{"mods":["AchievementEnabler","BaseMod","Bestiary","Colored Powertips","Highlight Path","Minty Spire (QoL Compilation)","Quick Restart","Random Character Button","Relic Stats","StSLib","slay the spire mod where everything is the same but ironclad has a cowboy hat"],"gold_per_floor":[115,115,128,128,148,148,148,177,228,263,263,263,274,293,293,368,368,380,400,424,435,487,487,487,521,521,538,538,638,673,223,223,295,345,355,381,394,394,419,419,451,451,532,227,227,246,246,246,246,246],"floor_reached":51,"language":"ENG","playtime":4189,"items_purged":[],"score":1186,"play_id":"1f902bab-3624-4f0b-9510-919669c44317","local_time":"20210223123421","is_ascension_mode":true,"campfire_choices":[{"floor":6,"key":"REST"},{"floor":12,"key":"REST"},{"data":"CarveReality","floor":15,"key":"SMITH"},{"floor":23,"key":"REST"},{"floor":32,"key":"REST"},{"floor":40,"key":"REST"},{"floor":42,"key":"REST"},{"floor":45,"key":"REST"},{"data":"Perseverance","floor":49,"key":"SMITH"}],"circlet_count":0,"master_deck":["AscendersBane","Strike_P+1","Strike_P+1","Strike_P+1","Strike_P","Defend_P","Defend_P+1","Defend_P","Defend_P","Eruption+1","Vigilance+1","Consecrate","FearNoEvil+1","Vengeance","EmptyFist+1","CarveReality+1","LessonLearned+1","FlurryOfBlows","Wallop+1","Judgement+1","FlurryOfBlows","Consecrate","FlurryOfBlows+1","Vault","TalkToTheHand+1","SashWhip","CarveReality","Perseverance+1"],"relics":["PureWater","FossilizedHelix","Toy Ornithopter","StrikeDummy","Tiny Chest","Pen Nib","VioletLotus","Omamori","Whetstone","Singing Bowl","MealTicket","Peace Pipe","Mummified Hand","Nunchaku","Melange","Bottled Lightning","Tiny House","Happy Flower","CloakClasp","Boot","White Beast Statue","Dead Branch","Gremlin Horn","Sundial"],"acts_visited":["Exordium","TheCity","TheBeyond"],"potions_floor_usage":[8,29,30,33,33,41,46],"damage_taken":[{"damage":0,"enemies":"2 Louse","floor":1,"turns":2},{"damage":0,"enemies":"Jaw Worm","floor":3,"turns":5},{"damage":0,"enemies":"Cultist","floor":5,"turns":3},{"damage":30,"enemies":"Lagavulin","floor":8,"turns":6},{"damage":0,"enemies":"Gremlin Nob","floor":10,"turns":3},{"damage":0,"enemies":"Red Slaver","floor":13,"turns":2},{"damage":0,"enemies":"2 Fungi Beasts","floor":14,"turns":2},{"damage":50,"enemies":"The Guardian","floor":16,"turns":8},{"damage":6,"enemies":"Chosen","floor":18,"turns":3},{"damage":0,"enemies":"2 Thieves","floor":19,"turns":2},{"damage":11,"enemies":"Sentry and Sphere","floor":21,"turns":3},{"damage":0,"enemies":"Gremlin Leader","floor":25,"turns":3},{"damage":0,"enemies":"Chosen and Byrds","floor":27,"turns":2},{"damage":19,"enemies":"Colosseum Slavers","floor":29,"turns":3},{"damage":13,"enemies":"Colosseum Nobs","floor":29,"turns":5},{"damage":28,"enemies":"Slavers","floor":30,"turns":3},{"damage":16,"enemies":"Automaton","floor":33,"turns":5},{"damage":10,"enemies":"3 Shapes","floor":35,"turns":3},{"damage":18,"enemies":"3 Darklings","floor":37,"turns":3},{"damage":0,"enemies":"Mind Bloom Boss Battle","floor":39,"turns":3},{"damage":62,"enemies":"Nemesis","floor":41,"turns":12},{"damage":0,"enemies":"Spire Growth","floor":46,"turns":3},{"damage":24,"enemies":"Awakened One","floor":50,"turns":12}],"seed_played":"7007126446064499069","potions_obtained":[{"floor":1,"key":"Weak Potion"},{"floor":13,"key":"PowerPotion"},{"floor":14,"key":"CultistPotion"},{"floor":29,"key":"PowerPotion"},{"floor":34,"key":"Ambrosia"},{"floor":35,"key":"SkillPotion"},{"floor":39,"key":"Strength Potion"},{"floor":41,"key":"Dexterity Potion"},{"floor":46,"key":"Explosive Potion"}],"is_trial":false,"path_per_floor":["M","?","M","?","M","R","$","E","T","E","$","R","M","M","R","B",null,"M","M","T","M","T","R","?","E","T","M","?","?","E","$","R","B",null,"M","T","M","?","?","R","E","R","T","$","R","M","?","T","R","B",null],"character_chosen":"WATCHER","items_purchased":["Melange","Bottled Lightning","PowerPotion","Dead Branch"],"campfire_rested":7,"item_purchase_floors":[31,31,31,44],"current_hp_per_floor":[65,47,47,47,47,65,65,35,35,35,35,54,54,54,54,4,50,44,44,44,33,33,52,52,52,52,52,52,25,4,19,39,33,64,54,54,38,38,38,60,3,25,25,40,62,69,69,69,69,45],"gold":246,"neow_bonus":"ONE_RARE_RELIC","is_daily":false,"chose_seed":false,"campfire_upgraded":2,"win_rate":0.0,"timestamp":1614076461,"path_taken":["M","?","M","?","M","R","$","E","T","E","?","R","?","M","R","BOSS","M","M","?","M","?","R","?","E","T","M","?","?","E","$","R","BOSS","M","?","M","?","?","R","E","R","T","$","R","M","?","?","R","BOSS"],"items_purchased_type":["Relic","Relic","Potion","Relic"],"build_version":"2020-12-22","purchased_purges":0,"victory":true,"max_hp_per_floor":[65,65,65,65,65,65,65,65,65,65,65,65,65,65,65,65,65,65,65,65,65,65,65,65,65,65,65,65,65,67,67,67,67,72,72,72,74,74,74,74,74,74,74,74,74,76,76,76,76,76],"relic_stats":{"Singing Bowl":6,"Happy Flower":[11],"Gremlin Horn":[3,3],"counters":[23,96],"Dead Branch":[16],"Melange":[15],"Pen Nib":[27],"CloakClasp":[76],"Whetstone":["Wallop","Strike_P"],"Boot":[11],"Peace Pipe":0,"Nunchaku":[16],"Mummified Hand":[4],"Sundial":[0],"Tiny Chest":3,"MealTicket":30,"VioletLotus":[18],"obtain_stats":[{"Tiny House":34,"Singing Bowl":25,"Happy Flower":36,"Gremlin Horn":47,"Dead Branch":44,"Melange":31,"Pen Nib":10,"Omamori":20,"CloakClasp":39,"Whetstone":22,"Boot":41,"White Beast Statue":43,"Peace Pipe":29,"Nunchaku":30,"Mummified Hand":29,"Sundial":48,"Tiny Chest":9,"MealTicket":26,"VioletLotus":17,"Bottled Lightning":31,"PureWater":0,"StrikeDummy":8,"FossilizedHelix":0,"Toy Ornithopter":2},{"Tiny House":17,"Singing Bowl":12,"Happy Flower":18,"Gremlin Horn":22,"Dead Branch":21,"Melange":16,"Pen Nib":5,"Omamori":10,"CloakClasp":20,"Whetstone":11,"Boot":21,"White Beast Statue":21,"Peace Pipe":15,"Nunchaku":16,"Mummified Hand":15,"Sundial":22,"Tiny Chest":4,"MealTicket":12,"VioletLotus":8,"Bottled Lightning":16,"PureWater":0,"StrikeDummy":4,"FossilizedHelix":0,"Toy Ornithopter":1},{"Tiny House":60,"Singing Bowl":42,"Happy Flower":63,"Gremlin Horn":84,"Dead Branch":81,"Melange":55,"Pen Nib":19,"Omamori":36,"CloakClasp":69,"Whetstone":39,"Boot":81,"White Beast Statue":81,"Peace Pipe":52,"Nunchaku":55,"Mummified Hand":52,"Sundial":84,"Tiny Chest":16,"MealTicket":42,"VioletLotus":31,"Bottled Lightning":55,"PureWater":0,"StrikeDummy":16,"FossilizedHelix":0,"Toy Ornithopter":2}],"Toy Ornithopter":30},"card_choices":[{"not_picked":["Nirvana","LikeWater"],"picked":"Consecrate","floor":1},{"not_picked":["JustLucky","Tantrum"],"picked":"FearNoEvil","floor":3},{"not_picked":["FearNoEvil","FlyingSleeves"],"picked":"Vengeance","floor":5},{"not_picked":["FlyingSleeves","FollowUp"],"picked":"EmptyFist","floor":8},{"not_picked":["ReachHeaven","SpiritShield"],"picked":"CarveReality","floor":10},{"not_picked":["Pray","SignatureMove","FearNoEvil"],"picked":"SKIP","floor":13},{"not_picked":["ThirdEye","ClearTheMind","ReachHeaven"],"picked":"SKIP","floor":14},{"not_picked":["Brilliance","Scrawl"],"picked":"LessonLearned","floor":16},{"not_picked":["Crescendo","EmptyBody+1"],"picked":"FlurryOfBlows","floor":18},{"not_picked":["Collect","Protect","ThirdEye"],"picked":"SKIP","floor":19},{"not_picked":["Tantrum","Protect"],"picked":"Wallop","floor":21},{"not_picked":["Collect","BowlingBash"],"picked":"Judgement","floor":25},{"not_picked":["Halt","Protect"],"picked":"FlurryOfBlows","floor":27},{"not_picked":["Consecrate+1","WreathOfFlame+1"],"picked":"FlurryOfBlows+1","floor":29},{"not_picked":["ThirdEye","WheelKick","Establishment"],"picked":"Singing Bowl","floor":30},{"not_picked":["DevaForm","Wish"],"picked":"Vault","floor":33},{"not_picked":["Tantrum","Protect"],"picked":"TalkToTheHand+1","floor":34},{"not_picked":["BowlingBash","Crescendo"],"picked":"SashWhip","floor":35},{"not_picked":["JustLucky+1","Meditate+1","ThirdEye+1"],"picked":"Singing Bowl","floor":37},{"not_picked":["FollowUp","ThirdEye+1"],"picked":"CarveReality","floor":39},{"not_picked":["DevaForm","Crescendo"],"picked":"Perseverance","floor":41},{"not_picked":["CrushJoints","BowlingBash","Pray"],"picked":"Singing Bowl","floor":46}],"player_experience":392156,"relics_obtained":[{"floor":8,"key":"StrikeDummy"},{"floor":9,"key":"Tiny Chest"},{"floor":10,"key":"Pen Nib"},{"floor":20,"key":"Omamori"},{"floor":22,"key":"Whetstone"},{"floor":25,"key":"Singing Bowl"},{"floor":26,"key":"MealTicket"},{"floor":29,"key":"Peace Pipe"},{"floor":29,"key":"Mummified Hand"},{"floor":30,"key":"Nunchaku"},{"floor":36,"key":"Happy Flower"},{"floor":39,"key":"CloakClasp"},{"floor":41,"key":"Boot"},{"floor":43,"key":"White Beast Statue"},{"floor":47,"key":"Gremlin Horn"},{"floor":48,"key":"Sundial"}],"event_choices":[{"damage_healed":0,"gold_gain":0,"player_choice":"Success","damage_taken":18,"relics_obtained":["Toy Ornithopter"],"max_hp_gain":0,"max_hp_loss":0,"event_name":"Scrap Ooze","floor":2,"gold_loss":0},{"damage_healed":0,"gold_gain":0,"player_choice":"Grow","damage_taken":0,"max_hp_gain":0,"max_hp_loss":0,"event_name":"Living Wall","floor":4,"gold_loss":0,"cards_upgraded":["Eruption"]},{"damage_healed":0,"gold_gain":0,"player_choice":"Ignored","damage_taken":0,"max_hp_gain":0,"max_hp_loss":0,"event_name":"Beggar","floor":24,"gold_loss":0},{"damage_healed":0,"gold_gain":0,"player_choice":"Read","damage_taken":0,"max_hp_gain":0,"max_hp_loss":0,"event_name":"The Library","floor":28,"gold_loss":0,"cards_obtained":["Consecrate"]},{"damage_healed":0,"gold_gain":0,"player_choice":"Fight","damage_taken":0,"max_hp_gain":0,"max_hp_loss":0,"event_name":"Colosseum","floor":29,"gold_loss":0},{"damage_healed":0,"gold_gain":0,"player_choice":"Fought Nobs","damage_taken":0,"max_hp_gain":0,"max_hp_loss":0,"event_name":"Colosseum","floor":29,"gold_loss":0},{"damage_healed":0,"gold_gain":0,"player_choice":"Ignored","damage_taken":0,"max_hp_gain":0,"max_hp_loss":0,"event_name":"Tomb of Lord Red Mask","floor":38,"gold_loss":0},{"damage_healed":0,"gold_gain":0,"player_choice":"Fight","damage_taken":0,"max_hp_gain":0,"max_hp_loss":0,"event_name":"MindBloom","floor":39,"gold_loss":0},{"damage_healed":0,"gold_gain":0,"player_choice":"Relic","damage_taken":0,"max_hp_gain":0,"max_hp_loss":0,"event_name":"Wheel of Change","floor":47,"gold_loss":0}],"is_beta":false,"boss_relics":[{"not_picked":["Coffee Dripper","Snecko Eye"],"picked":"VioletLotus"},{"not_picked":["Astrolabe","SacredBark"],"picked":"Tiny House"}],"items_purged_floors":[],"is_endless":false,"potions_floor_spawned":[1,13,14,25,29,29,35,39,41,46],"ascension_level":13}}