{"host":"254qdhpnbonm8z0p","time":1614071836,"event":{"mods":["AchievementEnabler","BaseMod","Block Reminder","Colored Map","Colored Powertips","Minty Spire (QoL Compilation)","SuperFastMode","ojb\u0027s Better Paths Mod"],"gold_per_floor":[111,36,36,55,55,87,87,118,172,172,234,67,67,82,82,187,187,204,279,254,23,40,40,40,40,40,40,58,108,136,196,196,296,296,314,14,64,336,386,386,416,416,439,439,450,21,85,102,102,102],"floor_reached":51,"language":"ENG","playtime":7765,"items_purged":["Strike_G","Strike_G","Strike_G","Defend_G"],"score":731,"play_id":"33292d99-19a7-415d-9aac-924baef0b6e2","local_time":"20210223011716","is_ascension_mode":true,"campfire_choices":[{"floor":7,"key":"REST"},{"data":"A Thousand Cuts","floor":10,"key":"SMITH"},{"data":"Backflip","floor":13,"key":"SMITH"},{"floor":15,"key":"REST"},{"data":"Caltrops","floor":23,"key":"SMITH"},{"data":"Caltrops","floor":25,"key":"SMITH"},{"data":"Blur","floor":27,"key":"SMITH"},{"floor":32,"key":"REST"},{"floor":40,"key":"REST"},{"floor":42,"key":"REST"},{"floor":44,"key":"REST"},{"floor":49,"key":"REST"}],"circlet_count":0,"master_deck":["Strike_G+1","Survivor","Neutralize+1","A Thousand Cuts+1","Flying Knee","Acrobatics","Blur+1","Backflip+1","Well Laid Plans","Caltrops+1","Corpse Explosion","Outmaneuver","Caltrops+1","Blur","Footwork","Dash","Glass Knife","Caltrops+1","Deadly Poison+1","Unload","After Image","Mayhem","Choke","Deadly Poison","Poisoned Stab+1","Terror"],"relics":["Ring of the Snake","SsserpentHead","Omamori","Pear","Happy Flower","HoveringKite","Red Mask","Whetstone","Bottled Flame","Eternal Feather","Empty Cage","TheAbacus","Snake Skull","Bag of Preparation"],"acts_visited":["Exordium","TheCity","TheBeyond"],"potions_floor_usage":[30,36,41,41,48,50],"damage_taken":[{"damage":2,"enemies":"Cultist","floor":1,"turns":4},{"damage":0,"enemies":"2 Louse","floor":4,"turns":2},{"damage":36,"enemies":"Gremlin Nob","floor":6,"turns":5},{"damage":31,"enemies":"3 Sentries","floor":8,"turns":8},{"damage":3,"enemies":"Jaw Worm","floor":11,"turns":4},{"damage":2,"enemies":"3 Louse","floor":14,"turns":4},{"damage":28,"enemies":"Hexaghost","floor":16,"turns":10},{"damage":2,"enemies":"Shell Parasite","floor":18,"turns":8},{"damage":25,"enemies":"Masked Bandits","floor":19,"turns":4},{"damage":0,"enemies":"3 Byrds","floor":22,"turns":3},{"damage":14,"enemies":"Centurion and Healer","floor":28,"turns":6},{"damage":5,"enemies":"Book of Stabbing","floor":30,"turns":5},{"damage":22,"enemies":"Sentry and Sphere","floor":31,"turns":4},{"damage":23,"enemies":"Collector","floor":33,"turns":11},{"damage":39,"enemies":"Orb Walker","floor":35,"turns":6},{"damage":72,"enemies":"Giant Head","floor":41,"turns":13},{"damage":9,"enemies":"3 Shapes","floor":45,"turns":4},{"damage":23,"enemies":"Maw","floor":47,"turns":7},{"damage":21,"enemies":"Sphere and 2 Shapes","floor":48,"turns":4},{"damage":43,"enemies":"Time Eater","floor":50,"turns":14}],"seed_played":"5314857935720152598","potions_obtained":[{"floor":6,"key":"SteroidPotion"},{"floor":8,"key":"ColorlessPotion"},{"floor":14,"key":"GhostInAJar"},{"floor":33,"key":"SteroidPotion"},{"floor":35,"key":"Fruit Juice"},{"floor":45,"key":"LiquidMemories"}],"is_trial":false,"path_per_floor":["M","$","?","M","?","E","R","E","T","R","M","$","R","M","R","B",null,"M","?","?","$","M","R","$","R","T","R","M","?","E","M","R","B",null,"M","$","?","?","?","R","E","R","T","R","M","$","M","M","R","B",null],"character_chosen":"THE_SILENT","items_purchased":["Well Laid Plans","Whetstone","TheAbacus","After Image","Mayhem","Choke","Deadly Poison","PowerPotion"],"campfire_rested":7,"item_purchase_floors":[12,21,36,46,46,46,46,46],"current_hp_per_floor":[68,68,68,68,68,32,53,32,32,32,29,29,29,27,51,23,80,78,53,53,53,53,53,53,53,53,53,39,39,34,12,45,22,80,41,46,46,46,46,80,8,42,42,76,67,67,44,23,63,20],"gold":102,"neow_bonus":"TRANSFORM_CARD","is_daily":false,"chose_seed":false,"campfire_upgraded":5,"win_rate":0.0,"timestamp":1614071836,"path_taken":["M","$","?","M","?","E","R","E","T","R","?","$","R","M","R","BOSS","M","?","?","?","M","R","$","R","T","R","M","?","E","?","R","BOSS","M","$","?","?","?","R","E","R","T","R","M","$","?","M","R","BOSS"],"items_purchased_type":["Card","Relic","Relic","Card","Card","Card","Card","Potion"],"build_version":"2020-12-22","purchased_purges":4,"victory":true,"max_hp_per_floor":[70,70,70,70,70,70,70,80,80,80,80,80,80,80,80,80,80,80,80,80,80,80,80,80,80,80,80,80,80,80,80,80,80,80,80,85,85,85,85,85,85,85,85,85,85,85,85,85,85,85],"card_choices":[{"not_picked":["Outmaneuver","Riddle With Holes"],"picked":"Flying Knee","floor":1},{"not_picked":["Deadly Poison","Blade Dance"],"picked":"Acrobatics","floor":4},{"not_picked":["Masterful Stab","Tactician","PiercingWail"],"picked":"SKIP","floor":6},{"not_picked":["Leg Sweep","Venomology"],"picked":"Blur","floor":8},{"not_picked":["Blade Dance","Prepared"],"picked":"Backflip","floor":11},{"not_picked":["All Out Attack","Dagger Throw"],"picked":"Caltrops","floor":14},{"not_picked":["Bullet Time","Tools of the Trade"],"picked":"Corpse Explosion","floor":16},{"not_picked":["Catalyst","Dagger Throw"],"picked":"Outmaneuver","floor":18},{"not_picked":["Sucker Punch","Burst"],"picked":"Caltrops","floor":22},{"not_picked":["All Out Attack","Sucker Punch"],"picked":"Blur","floor":28},{"not_picked":["Corpse Explosion","Underhanded Strike"],"picked":"Footwork","floor":30},{"not_picked":["Sucker Punch+1","Cloak And Dagger"],"picked":"Dash","floor":31},{"not_picked":["Tools of the Trade","Storm of Steel"],"picked":"Glass Knife","floor":33},{"not_picked":["Dodge and Roll+1","Slice"],"picked":"Caltrops+1","floor":35},{"not_picked":["Panache","Bandage Up"],"picked":"Good Instincts","floor":37},{"not_picked":["Deflect","Dagger Throw+1"],"picked":"Deadly Poison+1","floor":41},{"not_picked":["Outmaneuver+1","Underhanded Strike+1"],"picked":"Unload","floor":45},{"not_picked":["Riddle With Holes+1","Dodge and Roll+1"],"picked":"Poisoned Stab+1","floor":47},{"not_picked":["Backflip","Expertise+1"],"picked":"Terror","floor":48}],"player_experience":149708,"relics_obtained":[{"floor":6,"key":"Omamori"},{"floor":8,"key":"Pear"},{"floor":9,"key":"Happy Flower"},{"floor":19,"key":"Red Mask"},{"floor":26,"key":"Bottled Flame"},{"floor":30,"key":"Eternal Feather"},{"floor":41,"key":"Snake Skull"},{"floor":43,"key":"Bag of Preparation"}],"event_choices":[{"cards_removed":["Defend_G"],"damage_healed":0,"gold_gain":0,"player_choice":"Forget","damage_taken":0,"max_hp_gain":0,"max_hp_loss":0,"event_name":"Living Wall","floor":3,"gold_loss":0},{"damage_healed":0,"gold_gain":0,"player_choice":"Trade","damage_taken":0,"relics_obtained":["SsserpentHead"],"max_hp_gain":0,"max_hp_loss":0,"event_name":"FaceTrader","floor":5,"gold_loss":0},{"damage_healed":0,"gold_gain":0,"player_choice":"Fought Bandits","damage_taken":0,"max_hp_gain":0,"max_hp_loss":0,"event_name":"Masked Bandits","floor":19,"gold_loss":0},{"cards_removed":["Defend_G"],"damage_healed":0,"gold_gain":0,"player_choice":"Gave Gold","damage_taken":0,"max_hp_gain":0,"max_hp_loss":0,"event_name":"Beggar","floor":20,"gold_loss":75},{"damage_healed":0,"gold_gain":0,"player_choice":"Smashed Altar","damage_taken":0,"max_hp_gain":0,"max_hp_loss":0,"event_name":"Forgotten Altar","floor":29,"gold_loss":0,"cards_obtained":["Decay"]},{"damage_healed":0,"gold_gain":0,"player_choice":"Memory 1","damage_taken":0,"max_hp_gain":0,"max_hp_loss":0,"event_name":"SensoryStone","floor":37,"gold_loss":0},{"damage_healed":0,"gold_gain":222,"player_choice":"Wore Mask","damage_taken":0,"max_hp_gain":0,"max_hp_loss":0,"event_name":"Tomb of Lord Red Mask","floor":38,"gold_loss":0},{"cards_removed":["Good Instincts"],"damage_healed":0,"gold_gain":0,"player_choice":"Removed Skill","damage_taken":0,"max_hp_gain":0,"max_hp_loss":0,"event_name":"Falling","floor":39,"gold_loss":0}],"is_beta":false,"boss_relics":[{"not_picked":["Cursed Key","SacredBark"],"picked":"HoveringKite"},{"not_picked":["Ring of the Serpent","WristBlade"],"picked":"Empty Cage"}],"items_purged_floors":[2,12,21,36],"is_endless":false,"potions_floor_spawned":[6,8,14,16,18,33,35,45],"ascension_level":1}}