{"host":"ugys05tpep779cl6","time":1614081128,"event":{"mods":["AchievementEnabler","Aspiration","BaseMod","Beaked The Cultist","CatGirl Mod","Colored Powertips","HololiveMod","Lobotomy","Minty Spire (QoL Compilation)","Quick Restart","Replay The Spire","Spicy Shops","StSLib","The Druid"],"gold_per_floor":[110,127,127,52,70,70,103,113,113,138,38,38,38],"floor_reached":12,"language":"ENG","playtime":390,"items_purged":["Strike_R","Strike_R","Strike_R"],"score":101,"play_id":"fd5a181f-8ee0-443a-83eb-c266a4f206a5","local_time":"20210223125208","is_ascension_mode":true,"campfire_choices":[{"data":"Body Slam","floor":6,"key":"SMITH"}],"circlet_count":0,"master_deck":["Strike_R","Strike_R","Defend_R","Defend_R","Defend_R","Defend_R","Bash","Body Slam+1","Disarm"],"relics":["Burning Blood","aspiration:DSix","Shuriken","Smiling Mask"],"acts_visited":["Exordium"],"potions_floor_usage":[7,10],"damage_taken":[{"damage":8,"enemies":"Small Slimes","floor":1,"turns":4},{"damage":6,"enemies":"Cultist","floor":2,"turns":3},{"damage":15,"enemies":"Jaw Worm","floor":5,"turns":6},{"damage":20,"enemies":"Gremlin Nob","floor":7,"turns":4},{"damage":1,"enemies":"2 Fungi Beasts","floor":8,"turns":4},{"damage":35,"enemies":"3 Sentries","floor":10,"turns":10},{"damage":25,"enemies":"Replay:BlueRogue","floor":12,"turns":7}],"seed_played":"6591635435147808812","potions_obtained":[{"floor":2,"key":"ElixirPotion"},{"floor":5,"key":"SpeedPotion"},{"floor":7,"key":"Adrenaline Potion"}],"is_trial":false,"path_per_floor":["M","M","?","$","M","R","E","M","T","E","$","E"],"character_chosen":"IRONCLAD","items_purchased":[],"campfire_rested":0,"item_purchase_floors":[],"current_hp_per_floor":[78,78,80,80,71,71,57,62,62,33,33,8,8],"gold":38,"neow_bonus":"DSIX","is_daily":false,"chose_seed":false,"campfire_upgraded":1,"win_rate":0.0,"timestamp":1614081128,"path_taken":["M","M","?","$","M","R","E","M","T","E","?","E"],"items_purchased_type":[],"build_version":"2020-12-22","purchased_purges":3,"victory":false,"max_hp_per_floor":[80,80,80,80,80,80,80,80,80,80,80,80,80],"card_choices":[{"not_picked":["Flex","Entrench"],"picked":"Body Slam","floor":1},{"not_picked":["Clothesline","Entrench","Armaments"],"picked":"SKIP","floor":2},{"not_picked":["Flex","Ghostly Armor","Cleave"],"picked":"SKIP","floor":5},{"not_picked":["Reaper","Battle Trance","Pommel Strike"],"picked":"SKIP","floor":7},{"not_picked":["Replay:Undeath\u0027s Touch","Flex","Whirlwind"],"picked":"SKIP","floor":8},{"not_picked":["Clash","Havoc"],"picked":"Disarm","floor":10}],"player_experience":776848,"relics_obtained":[{"floor":7,"key":"Shuriken"},{"floor":10,"key":"Smiling Mask"}],"event_choices":[{"damage_healed":2,"gold_gain":0,"player_choice":"Full Heal","damage_taken":0,"max_hp_gain":0,"max_hp_loss":0,"event_name":"Wheel of Change","floor":3,"gold_loss":0}],"is_beta":false,"boss_relics":[],"items_purged_floors":[4,11,11],"is_endless":false,"potions_floor_spawned":[2,5,7],"killed_by":"Replay:BlueRogue","ascension_level":3}}