{"host":"iyj530209nkhhjuz","time":1614094924,"event":{"mods":["AchievementEnabler","BaseMod","Better Match","Better Note","Better Third Choice","BetterRewards","Colored Map","Colored Powertips","Dark Map","Fox Events","Highlight Path","Minty Spire (QoL Compilation)","Permanent Neow","Random Character Button","Rare Cards Sparkle","Relic Stats","StSLib","Waifu the Spire"],"gold_per_floor":[117,134,34,34,50,83,83,94,94,119,129,146,171,185,185,264,264,274,274,274,32,47,81,81,106,157,157,169,169,92,92,92,164,164,179,199,218,218,237,262,262,67,67,67,67,77,77,108,108,108,108,108,33,65,65],"floor_reached":56,"language":"ENG","playtime":7976,"items_purged":["Strike_B","Defend_B","Defend_B"],"score":2324,"play_id":"2b2f7ad5-08dc-481c-85b3-b139e27c28d1","local_time":"20210223164204","is_ascension_mode":true,"campfire_choices":[{"data":"Mayhem","floor":7.0,"key":"SMITH"},{"data":"Mayhem","floor":15.0,"key":"SMITH"},{"data":"White Noise","floor":24.0,"key":"SMITH"},{"floor":29.0,"key":"REST"},{"floor":32.0,"key":"REST"},{"data":"Defragment","floor":41,"key":"SMITH"},{"floor":45,"key":"RECALL"},{"data":"Capacitor","floor":49,"key":"SMITH"},{"data":"Capacitor","floor":52,"key":"SMITH"}],"circlet_count":0,"master_deck":["AscendersBane","Defend_B","Defend_B+1","Zap","Dualcast","Mayhem+1","Mayhem+1","Streamline","Self Repair","Hologram","Bandage Up+1","Coolheaded","Capacitor+1","White Noise+1","FTL","Cold Snap","Chill","Amplify+1","Meteor Strike","Capacitor+1","Decay","Glacier+1","Streamline","Storm","Defragment+1","Electrodynamics","Double Energy+1","Double Energy+1","Consume+1","Hyperbeam+1","Static Discharge+1","Force Field+1","Stack+1","Stack+1","Defragment","Seek+1","Consume+1","BootSequence+1","Hello World","Force Field+1"],"relics":["Cracked Core","Bag of Preparation","DollysMirror","DataDisk","White Beast Statue","Toxic Egg 2","Bottled Lightning","Blue Candle","SlaversCollar","War Paint","Regal Pillow","Pen Nib","Pantograph","Astrolabe","Strawberry","InkBottle","Darkstone Periapt","Bird Faced Urn","Incense Burner"],"acts_visited":["Exordium","TheCity","TheBeyond","TheEnding"],"potions_floor_usage":[40,50,50,55],"damage_taken":[{"damage":1.0,"enemies":"Cultist","floor":1.0,"turns":3.0},{"damage":12.0,"enemies":"Jaw Worm","floor":2.0,"turns":3.0},{"damage":17.0,"enemies":"Small Slimes","floor":5.0,"turns":4.0},{"damage":14.0,"enemies":"Gremlin Nob","floor":6.0,"turns":4.0},{"damage":3.0,"enemies":"Looter","floor":8.0,"turns":3.0},{"damage":0.0,"enemies":"3 Sentries","floor":10.0,"turns":4.0},{"damage":18.0,"enemies":"Exordium Wildlife","floor":11.0,"turns":4.0},{"damage":0.0,"enemies":"3 Louse","floor":12.0,"turns":4.0},{"damage":12.0,"enemies":"Lagavulin","floor":13.0,"turns":5.0},{"damage":16.0,"enemies":"Large Slime","floor":14.0,"turns":5.0},{"damage":35.0,"enemies":"The Guardian","floor":16.0,"turns":9.0},{"damage":6.0,"enemies":"Spheric Guardian","floor":18.0,"turns":5.0},{"damage":16.0,"enemies":"Chosen","floor":22.0,"turns":5.0},{"damage":44.0,"enemies":"Book of Stabbing","floor":23.0,"turns":7.0},{"damage":22.0,"enemies":"Gremlin Leader","floor":25.0,"turns":6.0},{"damage":35.0,"enemies":"Snake Plant","floor":28.0,"turns":5.0},{"damage":0.0,"enemies":"Centurion and Healer","floor":31.0,"turns":1.0},{"damage":26.0,"enemies":"Champ","floor":33.0,"turns":11.0},{"damage":0.0,"enemies":"3 Shapes","floor":35.0,"turns":1.0},{"damage":20.0,"enemies":"3 Darklings","floor":36.0,"turns":2.0},{"damage":7.0,"enemies":"Jaw Worm Horde","floor":37.0,"turns":3.0},{"damage":16,"enemies":"4 Shapes","floor":39,"turns":4},{"damage":8,"enemies":"Giant Head","floor":40,"turns":8},{"damage":0,"enemies":"3 Darklings","floor":46,"turns":4},{"damage":0,"enemies":"Nemesis","floor":48,"turns":7},{"damage":36,"enemies":"Awakened One","floor":50,"turns":11},{"damage":56,"enemies":"Shield and Spear","floor":54,"turns":6},{"damage":83,"enemies":"The Heart","floor":55,"turns":6}],"seed_played":"-3038746792553589378","potions_obtained":[{"floor":1.0,"key":"FearPotion"},{"floor":8.0,"key":"PowerPotion"},{"floor":10.0,"key":"LiquidBronze"},{"floor":11.0,"key":"Weak Potion"},{"floor":12.0,"key":"Swift Potion"},{"floor":14.0,"key":"DuplicationPotion"},{"floor":23.0,"key":"AttackPotion"},{"floor":25.0,"key":"LiquidBronze"},{"floor":28.0,"key":"SmokeBomb"},{"floor":33.0,"key":"Fire Potion"},{"floor":35.0,"key":"GamblersBrew"},{"floor":36.0,"key":"EssenceOfSteel"},{"floor":37.0,"key":"SteroidPotion"},{"floor":39,"key":"Swift Potion"},{"floor":40,"key":"GamblersBrew"},{"floor":46,"key":"LiquidMemories"},{"floor":54,"key":"Swift Potion"}],"is_trial":false,"path_per_floor":["M","M","$","?","M","E","R","M","T","E","M","M","E","M","R","B",null,"M","?","?","$","M","E","R","E","T","?","M","R","$","M","R","B",null,"M","M","M","?","M","E","R","$","T","?","R","M","T","E","R","B",null,"R","$","E","B",null],"character_chosen":"DEFECT","items_purchased":["Bag of Preparation","Mayhem","DollysMirror","Regen Potion","Streamline","Self Repair","Hologram","Bandage Up","DataDisk","Coolheaded","Capacitor","White Noise","Glacier+1","Streamline","War Paint","Double Energy+1","Defragment","Hello World"],"campfire_rested":2,"item_purchase_floors":[0,0,0,0,0,0,0,0,0,0,3,3,21,21,21,30,42,53],"current_hp_per_floor":[46,45,45,50,44,50,50,58,58,69,69,73,70,65,65,41,67,72,72,72,72,66,42,42,33,33,33,11,48,48,48,75,62,72,72,52,51,51,48,60,60,60,60,60,60,67,67,78,78,78,78,78,78,63,36],"gold":65,"neow_bonus":"","is_daily":false,"chose_seed":false,"campfire_upgraded":6,"win_rate":0.0,"timestamp":1614094924,"path_taken":["M","M","$","?","M","E","R","M","T","E","M","?","E","M","R","BOSS","M","?","?","?","M","E","R","E","T","?","M","R","?","M","R","BOSS","M","M","M","?","M","E","R","?","T","?","R","?","?","E","R","BOSS","R","$","E","BOSS"],"items_purchased_type":["Relic","Card","Relic","Potion","Card","Card","Card","Card","Relic","Card","Card","Card","Card","Card","Relic","Card","Card","Card"],"build_version":"2020-12-22","purchased_purges":3,"victory":true,"max_hp_per_floor":[75,75,75,75,75,75,75,75,75,75,75,75,75,75,75,75,75,75,75,75,75,75,75,75,75,75,75,75,75,75,75,75,75,75,75,75,75,71,71,78,78,78,78,78,78,78,78,78,78,78,78,78,78,78,78],"relic_stats":{"Darkstone Periapt":0,"Regal Pillow":20,"counters":[196,848],"Blue Candle":[11],"Pantograph":15,"Astrolabe":["Double Energy","Consume","Hyperbeam"],"Bird Faced Urn":[78],"Pen Nib":[9],"Bag of Preparation":[103],"War Paint":["Vigilance","Protect","Vault","Defend_P","Defend_P","ThirdEye","Defend_G","Defend_G","Defend_B","Defend_B","Defend_B","Bandage Up"],"obtain_stats":[{"Tiny House":34,"Calipers":36,"Gremlin Horn":48,"CeramicFish":40,"Vajra":43,"Runic Capacitor":36,"Ginger":17,"Whetstone":54,"Boot":2,"Sozu":34,"Blood Vial":0,"Lizard Tail":40,"Centennial Puzzle":41,"HornCleat":12,"Sundial":46,"DollysMirror":45,"Strawberry":0,"Prayer Wheel":46,"MealTicket":37,"Kunai":26,"Toxic Egg 2":43,"Pear":53,"Happy Flower":42,"Blue Candle":26,"Astrolabe":34,"Oddly Smooth Stone":38,"Eternal Feather":42,"Pen Nib":8,"Letter Opener":41,"War Paint":23,"Question Card":6,"Akabeko":0,"Cables":30,"Du-Vu Doll":46,"OrangePellets":14,"SlaversCollar":17,"Bottled Flame":40,"Bronze Scales":7,"Bird Faced Urn":23,"Molten Egg 2":17,"foxEvents:LuckyCharm":2,"Black Star":17,"Symbiotic Virus":54,"Pocketwatch":28,"Darkstone Periapt":25,"Regal Pillow":23,"Lantern":0,"Torii":27,"Singing Bowl":34,"Mango":29,"StoneCalendar":38,"Juzu Bracelet":6,"Bag of Preparation":0,"Incense Burner":54,"Ancient Tea Set":29,"Nunchaku":41,"Mummified Hand":31,"Pantograph":24,"Gambling Chip":3,"Tiny Chest":17,"WingedGreaves":0,"Chemical X":37,"Cracked Core":0,"InkBottle":9,"Potion Belt":14,"Lee\u0027s Waffle":0,"Inserter":34,"Golden Idol":11,"Thread and Needle":21,"The Courier":9,"PreservedInsect":47,"Omamori":27,"Frozen Egg 2":0,"Orichalcum":9,"Medical Kit":48,"White Beast Statue":6,"Mercury Hourglass":48,"Calling Bell":17,"DataDisk":26,"Anchor":54,"betterThird:SlimedRelic":4,"Orrery":0,"Turnip":6,"Art of War":2,"Coffee Dripper":17,"Membership Card":0,"Bottled Lightning":26,"Toy Ornithopter":0,"FossilizedHelix":0},{"Tiny House":48,"Calipers":134,"Gremlin Horn":140,"CeramicFish":80,"Vajra":28,"Runic Capacitor":24,"Ginger":14,"Whetstone":113,"Boot":144,"Sozu":76,"Blood Vial":88,"Lizard Tail":80,"Centennial Puzzle":81,"HornCleat":11,"Sundial":83,"DollysMirror":110,"Strawberry":60,"Prayer Wheel":30,"MealTicket":162,"Kunai":44,"Toxic Egg 2":81,"Pear":58,"Happy Flower":109,"Blue Candle":19,"Astrolabe":23,"Oddly Smooth Stone":135,"Eternal Feather":28,"Pen Nib":36,"Letter Opener":81,"War Paint":73,"Question Card":35,"Akabeko":5,"Cables":103,"Du-Vu Doll":55,"OrangePellets":68,"SlaversCollar":179,"Bottled Flame":27,"Bronze Scales":10,"Bird Faced Urn":18,"Molten Egg 2":14,"foxEvents:LuckyCharm":7,"Black Star":69,"Symbiotic Virus":59,"Pocketwatch":101,"Darkstone Periapt":19,"Regal Pillow":73,"Lantern":114,"Torii":74,"Singing Bowl":132,"Mango":75,"StoneCalendar":135,"Juzu Bracelet":147,"Bag of Preparation":168,"Incense Burner":195,"Ancient Tea Set":45,"Nunchaku":136,"Mummified Hand":159,"Pantograph":44,"Gambling Chip":115,"Tiny Chest":14,"WingedGreaves":60,"Chemical X":106,"Cracked Core":0,"InkBottle":119,"Potion Belt":13,"Lee\u0027s Waffle":143,"Inserter":104,"Golden Idol":37,"Thread and Needle":16,"The Courier":10,"PreservedInsect":31,"Omamori":74,"Frozen Egg 2":32,"Orichalcum":93,"Medical Kit":31,"White Beast Statue":172,"Mercury Hourglass":85,"Calling Bell":14,"DataDisk":73,"Anchor":87,"betterThird:SlimedRelic":1,"Orrery":114,"Turnip":3,"Art of War":1,"Coffee Dripper":96,"Membership Card":60,"Bottled Lightning":128,"Toy Ornithopter":32,"FossilizedHelix":114},{"Tiny House":197,"Calipers":584,"Gremlin Horn":592,"CeramicFish":382,"Vajra":100,"Runic Capacitor":85,"Ginger":41,"Whetstone":535,"Boot":600,"Sozu":367,"Blood Vial":428,"Lizard Tail":382,"Centennial Puzzle":389,"HornCleat":28,"Sundial":399,"DollysMirror":521,"Strawberry":288,"Prayer Wheel":105,"MealTicket":679,"Kunai":168,"Toxic Egg 2":389,"Pear":276,"Happy Flower":516,"Blue Candle":61,"Astrolabe":83,"Oddly Smooth Stone":585,"Eternal Feather":100,"Pen Nib":133,"Letter Opener":389,"War Paint":347,"Question Card":130,"Akabeko":16,"Cables":489,"Du-Vu Doll":249,"OrangePellets":320,"SlaversCollar":756,"Bottled Flame":97,"Bronze Scales":26,"Bird Faced Urn":56,"Molten Egg 2":41,"foxEvents:LuckyCharm":21,"Black Star":331,"Symbiotic Virus":283,"Pocketwatch":481,"Darkstone Periapt":61,"Regal Pillow":347,"Lantern":544,"Torii":352,"Singing Bowl":580,"Mango":357,"StoneCalendar":585,"Juzu Bracelet":609,"Bag of Preparation":708,"Incense Burner":842,"Ancient Tea Set":173,"Nunchaku":587,"Mummified Hand":669,"Pantograph":168,"Gambling Chip":546,"Tiny Chest":41,"WingedGreaves":288,"Chemical X":502,"Cracked Core":0,"InkBottle":555,"Potion Belt":35,"Lee\u0027s Waffle":598,"Inserter":496,"Golden Idol":136,"Thread and Needle":49,"The Courier":26,"PreservedInsect":109,"Omamori":352,"Frozen Egg 2":120,"Orichalcum":450,"Medical Kit":109,"White Beast Statue":722,"Mercury Hourglass":411,"Calling Bell":41,"DataDisk":347,"Anchor":420,"betterThird:SlimedRelic":2,"Orrery":544,"Turnip":10,"Art of War":2,"Coffee Dripper":465,"Membership Card":288,"Bottled Lightning":574,"Toy Ornithopter":120,"FossilizedHelix":544}],"InkBottle":[20]},"card_choices":[{"not_picked":["Redo","Barrage"],"picked":"Beam Cell","floor":1.0},{"not_picked":["Recycle","Ball Lightning","Steam"],"picked":"SKIP","floor":2.0},{"not_picked":["Skim","Blizzard"],"picked":"FTL","floor":5.0},{"not_picked":["Stack","Beam Cell"],"picked":"Cold Snap","floor":6.0},{"not_picked":["Sweeping Beam","Turbo"],"picked":"Chill","floor":8.0},{"not_picked":["Lockon","Biased Cognition","Go for the Eyes"],"picked":"SKIP","floor":10.0},{"not_picked":["Barrage","Blizzard","Cold Snap"],"picked":"SKIP","floor":11.0},{"not_picked":["Redo+1","Barrage","Coolheaded+1"],"picked":"SKIP","floor":12.0},{"not_picked":["Go for the Eyes","Sweeping Beam"],"picked":"Amplify+1","floor":13.0},{"not_picked":["Ball Lightning","Go for the Eyes","Chaos+1"],"picked":"SKIP","floor":14.0},{"not_picked":["Electrodynamics","All For One"],"picked":"Meteor Strike","floor":16.0},{"not_picked":["Gash","Leap+1"],"picked":"Capacitor","floor":18.0},{"not_picked":["Steam Power+1","Auto Shields+1"],"picked":"Storm","floor":22.0},{"not_picked":["Coolheaded+1","Sweeping Beam","Chaos+1"],"picked":"SKIP","floor":23.0},{"not_picked":["Streamline","Sunder"],"picked":"Defragment","floor":25.0},{"not_picked":["Redo+1","Coolheaded+1"],"picked":"Electrodynamics","floor":28.0},{"not_picked":["Steam+1","Sweeping Beam"],"picked":"Static Discharge+1","floor":35.0},{"not_picked":["Cold Snap","Beam Cell"],"picked":"Force Field+1","floor":36.0},{"not_picked":["Compile Driver","Go for the Eyes"],"picked":"Stack+1","floor":37.0},{"not_picked":["Beam Cell","Auto Shields+1"],"picked":"Stack+1","floor":39},{"not_picked":["Redo+1","Thunder Strike","Auto Shields+1"],"picked":"SKIP","floor":40},{"not_picked":["Rebound","Recycle+1"],"picked":"Consume+1","floor":46},{"not_picked":["Skim+1","Turbo+1"],"picked":"BootSequence+1","floor":48},{"not_picked":["Machine Learning","Conserve Battery+1"],"picked":"Force Field+1","floor":54}],"player_experience":540011,"relics_obtained":[{"floor":6.0,"key":"White Beast Statue"},{"floor":9.0,"key":"Toxic Egg 2"},{"floor":10.0,"key":"Bottled Lightning"},{"floor":13.0,"key":"Blue Candle"},{"floor":23.0,"key":"Regal Pillow"},{"floor":25.0,"key":"Pen Nib"},{"floor":40,"key":"Strawberry"},{"floor":43,"key":"InkBottle"},{"floor":47,"key":"Darkstone Periapt"},{"floor":48,"key":"Bird Faced Urn"},{"floor":54,"key":"Incense Burner"}],"event_choices":[{"cards_removed":["Beam Cell"],"damage_healed":5.0,"max_hp_gain":0.0,"max_hp_loss":0.0,"gold_gain":0.0,"event_name":"Bonfire Elementals","player_choice":"Offered Common","floor":4.0,"gold_loss":0.0,"damage_taken":0.0},{"cards_removed":["Beam Cell"],"damage_healed":5.0,"max_hp_gain":0.0,"max_hp_loss":0.0,"gold_gain":0.0,"event_name":"Bonfire Elementals","player_choice":"Offered Special","floor":4.0,"gold_loss":0.0,"damage_taken":0.0},{"damage_healed":0.0,"max_hp_gain":0.0,"max_hp_loss":0.0,"gold_gain":0.0,"event_name":"The Woman in Blue","player_choice":"Bought 0 Potions","floor":19.0,"gold_loss":0.0,"damage_taken":0.0},{"damage_healed":0.0,"max_hp_gain":0.0,"max_hp_loss":0.0,"gold_gain":0.0,"event_name":"Wheel of Change","player_choice":"Cursed","floor":20.0,"gold_loss":0.0,"damage_taken":0.0,"cards_obtained":["Decay"]},{"damage_healed":0.0,"max_hp_gain":0.0,"max_hp_loss":0.0,"gold_gain":0.0,"event_name":"WeMeetAgain","player_choice":"Gave Potion","floor":27.0,"gold_loss":0.0,"damage_taken":0.0,"relics_obtained":["Pantograph"]},{"damage_healed":0.0,"max_hp_gain":0.0,"max_hp_loss":4.0,"gold_gain":0.0,"event_name":"Winding Halls","player_choice":"Max HP","floor":38.0,"gold_loss":0.0,"damage_taken":0.0},{"cards_removed":["Seek"],"damage_healed":0,"gold_gain":0,"player_choice":"Take \u0026 Give","damage_taken":0,"max_hp_gain":0,"max_hp_loss":0,"event_name":"betterNote:BetterNote","floor":44,"gold_loss":0,"cards_obtained":["Seek"]}],"is_beta":false,"boss_relics":[{"not_picked":["Empty Cage","Snecko Eye"],"picked":"SlaversCollar"},{"not_picked":["Pandora\u0027s Box","Velvet Choker"],"picked":"Astrolabe"}],"items_purged_floors":[0,0,42],"is_endless":false,"potions_floor_spawned":[1,8,10,11,12,13,14,16,18,22,23,25,28,31,33,35,36,37,39,40,46,48,54],"ascension_level":13}}