{"host":"ow66nzv2xecjoor3","time":1614058448,"event":{"mods":["BaseMod","Bestiary","Block Reminder","Colored Powertips","Curses Come First","Highlight Path","Keyboard Shortcuts","Minty Spire (QoL Compilation)","Permanent Neow","Relic Stats","StSLib","UnlockEverythingMod"],"gold_per_floor":[111,261,272,292,41,41,72,92,92,121,136,168,186,205,205,280,280,293,309,327,55,68,102,102,131,131,131,165,184,194,244,244,321,321,338,354,373,73,93,122,122,122,194,204,204,232,250,275,275,275,275,275,275,57,91,91,91],"floor_reached":56,"language":"ENG","playtime":3925,"items_purged":["Doubt","Pray","CrushJoints","BowlingBash"],"score":2596,"play_id":"f752adf9-8327-4356-b44a-2f32bac9348e","local_time":"20210222233408","is_ascension_mode":true,"campfire_choices":[{"data":"Meditate","floor":6.0,"key":"SMITH"},{"data":"Conclude","floor":15.0,"key":"SMITH"},{"data":"Fasting2","floor":24.0,"key":"SMITH"},{"floor":32.0,"key":"REST"},{"data":"EmptyMind","floor":41.0,"key":"SMITH"},{"floor":45.0,"key":"RECALL"},{"data":"TalkToTheHand","floor":49.0,"key":"SMITH"},{"data":"Wallop","floor":53.0,"key":"SMITH"}],"circlet_count":0,"master_deck":["AscendersBane","Eruption","Vigilance","Vault","JustLucky+1","Meditate+1","Weave","Adaptation+1","Wallop+1","Conclude+1","Omniscience","TalkToTheHand+1","TalkToTheHand","CutThroughFate+1","Crescendo+1","Omniscience+1","Fasting2+1","DevaForm","MentalFortress","Prostrate","FearNoEvil","FlurryOfBlows","WaveOfTheHand+1","ThirdEye","Tantrum","WindmillStrike+1","EmptyBody+1","FlurryOfBlows+1","CutThroughFate","Omniscience","Fasting2+1","ForeignInfluence+1","EmptyMind+1","LessonLearned","DevaForm","Enlightenment","TalkToTheHand","Crescendo+1"],"relics":["PureWater","Akabeko","Ancient Tea Set","Meat on the Bone","Toy Ornithopter","Pandora\u0027s Box","PreservedInsect","The Courier","Dream Catcher","HornCleat","Juzu Bracelet","Coffee Dripper","War Paint","Pen Nib","Centennial Puzzle","Bag of Preparation","Turnip"],"acts_visited":["Exordium","TheCity","TheBeyond","TheEnding"],"potions_floor_usage":[56],"damage_taken":[{"damage":0.0,"enemies":"Jaw Worm","floor":1.0,"turns":3.0},{"damage":7.0,"enemies":"2 Louse","floor":3.0,"turns":2.0},{"damage":0.0,"enemies":"Cultist","floor":4.0,"turns":5.0},{"damage":0.0,"enemies":"Gremlin Nob","floor":7.0,"turns":4.0},{"damage":0.0,"enemies":"3 Louse","floor":8.0,"turns":1.0},{"damage":2.0,"enemies":"3 Sentries","floor":10.0,"turns":5.0},{"damage":0.0,"enemies":"Blue Slaver","floor":11.0,"turns":3.0},{"damage":3.0,"enemies":"Lagavulin","floor":12.0,"turns":7.0},{"damage":0.0,"enemies":"Lots of Slimes","floor":13.0,"turns":1.0},{"damage":0.0,"enemies":"Red Slaver","floor":14.0,"turns":2.0},{"damage":0.0,"enemies":"Slime Boss","floor":16.0,"turns":6.0},{"damage":6.0,"enemies":"3 Byrds","floor":18.0,"turns":3.0},{"damage":2.0,"enemies":"Shell Parasite","floor":19.0,"turns":5.0},{"damage":21.0,"enemies":"Cultist and Chosen","floor":20.0,"turns":6.0},{"damage":15.0,"enemies":"Shelled Parasite and Fungi","floor":22.0,"turns":6.0},{"damage":0.0,"enemies":"Gremlin Leader","floor":23.0,"turns":6.0},{"damage":0.0,"enemies":"Book of Stabbing","floor":25.0,"turns":4.0},{"damage":0.0,"enemies":"Gremlin Leader","floor":28.0,"turns":5.0},{"damage":0.0,"enemies":"Sentry and Sphere","floor":29.0,"turns":2.0},{"damage":26.0,"enemies":"Snake Plant","floor":30.0,"turns":5.0},{"damage":12.0,"enemies":"Automaton","floor":33.0,"turns":4.0},{"damage":0.0,"enemies":"Orb Walker","floor":35.0,"turns":2.0},{"damage":0.0,"enemies":"3 Darklings","floor":36.0,"turns":4.0},{"damage":0.0,"enemies":"4 Shapes","floor":37.0,"turns":4.0},{"damage":0.0,"enemies":"Writhing Mass","floor":39.0,"turns":5.0},{"damage":0.0,"enemies":"Nemesis","floor":40.0,"turns":5.0},{"damage":0.0,"enemies":"Transient","floor":44.0,"turns":5.0},{"damage":0.0,"enemies":"Giant Head","floor":46.0,"turns":5.0},{"damage":6.0,"enemies":"Sphere and 2 Shapes","floor":47.0,"turns":4.0},{"damage":2.0,"enemies":"Reptomancer","floor":48.0,"turns":3.0},{"damage":40.0,"enemies":"Awakened One","floor":50.0,"turns":6.0},{"damage":8.0,"enemies":"Donu and Deca","floor":51.0,"turns":4.0},{"damage":0.0,"enemies":"Shield and Spear","floor":55.0,"turns":3.0},{"damage":60,"enemies":"The Heart","floor":56,"turns":6}],"seed_played":"-6117904215985842333","potions_obtained":[{"floor":3.0,"key":"DuplicationPotion"},{"floor":11.0,"key":"LiquidMemories"},{"floor":19.0,"key":"Block Potion"},{"floor":20.0,"key":"Weak Potion"},{"floor":25.0,"key":"Weak Potion"},{"floor":35.0,"key":"PowerPotion"},{"floor":44.0,"key":"BottledMiracle"},{"floor":47.0,"key":"SteroidPotion"},{"floor":55.0,"key":"LiquidMemories"}],"is_trial":false,"path_per_floor":["M","?","M","M","$","R","E","M","T","E","M","E","M","M","R","B",null,"M","M","M","$","M","E","R","E","T","?","E","M","M","?","R","B",null,"M","M","M","$","M","E","R","?","T","M","R","E","M","E","R","B","B",null,"R","$","E","B"],"character_chosen":"WATCHER","items_purchased":["Adaptation","Wallop","Fire Potion","PreservedInsect","LessonLearned","War Paint","TalkToTheHand","LiquidMemories"],"campfire_rested":1,"item_purchase_floors":[5,5,5,21,38,38,54,54],"current_hp_per_floor":[61,61,54,54,54,54,54,54,54,52,52,49,49,49,49,49,59,53,56,40,40,42,42,42,42,42,42,42,42,33,33,51,39,56,56,56,56,56,56,61,61,61,61,61,61,61,56,54,54,31,35,55,55,55,55,0,0],"gold":91,"neow_bonus":"THREE_RARE_CARDS","is_daily":false,"chose_seed":false,"campfire_upgraded":6,"win_rate":0.0,"timestamp":1614058448,"path_taken":["M","?","M","M","$","R","E","M","T","E","M","E","M","M","R","BOSS","M","M","M","$","M","E","R","E","T","?","E","M","M","?","R","BOSS","M","M","M","$","M","E","R","?","T","M","R","E","M","E","R","BOSS","BOSS","R","$","E","BOSS"],"items_purchased_type":["Card","Card","Potion","Relic","Card","Relic","Card","Potion"],"build_version":"2020-12-22","purchased_purges":4,"victory":false,"max_hp_per_floor":[62,62,62,62,62,62,62,62,62,62,62,62,62,62,62,62,62,62,62,62,62,62,62,62,62,62,62,62,62,62,62,62,62,62,62,62,62,62,62,62,62,62,62,62,62,62,62,62,62,62,62,62,62,62,62,62,62],"relic_stats":{"counters":[34,141],"PreservedInsect":457,"Pen Nib":[14],"Juzu Bracelet":1,"Bag of Preparation":[8],"War Paint":["WaveOfTheHand","Crescendo"],"Dream Catcher":1,"Centennial Puzzle":[15],"Pandora\u0027s Box":["Fasting2","Pray","DevaForm","MentalFortress","BowlingBash","Prostrate","FearNoEvil","FlurryOfBlows"],"Turnip":[2],"obtain_stats":[{"PreservedInsect":21,"The Courier":23,"Pen Nib":40,"Juzu Bracelet":28,"Bag of Preparation":48,"War Paint":38,"Ancient Tea Set":9,"Akabeko":7,"Dream Catcher":25,"Centennial Puzzle":46,"HornCleat":26,"Pandora\u0027s Box":17,"Turnip":55,"Coffee Dripper":34,"PureWater":0,"Toy Ornithopter":12,"Meat on the Bone":10},{"PreservedInsect":14,"The Courier":16,"Pen Nib":26,"Juzu Bracelet":18,"Bag of Preparation":30,"War Paint":24,"Ancient Tea Set":5,"Akabeko":4,"Dream Catcher":17,"Centennial Puzzle":28,"HornCleat":17,"Pandora\u0027s Box":11,"Turnip":33,"Coffee Dripper":21,"PureWater":0,"Toy Ornithopter":8,"Meat on the Bone":6},{"PreservedInsect":53,"The Courier":65,"Pen Nib":105,"Juzu Bracelet":74,"Bag of Preparation":122,"War Paint":95,"Ancient Tea Set":15,"Akabeko":14,"Dream Catcher":69,"Centennial Puzzle":115,"HornCleat":69,"Pandora\u0027s Box":39,"Turnip":135,"Coffee Dripper":85,"PureWater":0,"Toy Ornithopter":30,"Meat on the Bone":20}],"Toy Ornithopter":36,"Meat on the Bone":48},"card_choices":[{"not_picked":["Ragnarok","Judgement"],"picked":"Vault","floor":0.0},{"not_picked":["ClearTheMind","EmptyBody"],"picked":"JustLucky","floor":1.0},{"not_picked":["Swivel","MentalFortress"],"picked":"Meditate","floor":3.0},{"not_picked":["ThirdEye","EmptyFist"],"picked":"Weave","floor":4.0},{"not_picked":["FlurryOfBlows","EmptyFist"],"picked":"Conclude","floor":7.0},{"not_picked":["Consecrate","ClearTheMind"],"picked":"Omniscience","floor":8.0},{"not_picked":["FlurryOfBlows","Meditate"],"picked":"TalkToTheHand","floor":10.0},{"not_picked":["Consecrate","Protect"],"picked":"TalkToTheHand","floor":11.0},{"not_picked":["Alpha","FlurryOfBlows"],"picked":"CutThroughFate","floor":12.0},{"not_picked":["BattleHymn","FlyingSleeves"],"picked":"Crescendo","floor":13.0},{"not_picked":["FollowUp","Nirvana","Meditate"],"picked":"SKIP","floor":14.0},{"not_picked":["SpiritShield","DevaForm"],"picked":"Omniscience","floor":16.0},{"not_picked":["JustLucky","LikeWater"],"picked":"WaveOfTheHand","floor":18.0},{"not_picked":["Protect","Indignation"],"picked":"ThirdEye","floor":19.0},{"not_picked":["SashWhip+1","FlyingSleeves"],"picked":"Tantrum","floor":20.0},{"not_picked":["ThirdEye","CrushJoints","Consecrate"],"picked":"SKIP","floor":22.0},{"not_picked":["Judgement","InnerPeace"],"picked":"WindmillStrike+1","floor":23.0},{"not_picked":["Prostrate","ConjureBlade"],"picked":"CrushJoints","floor":25.0},{"not_picked":["MentalFortress","SashWhip","Consecrate"],"picked":"SKIP","floor":28.0},{"not_picked":["SashWhip","ReachHeaven"],"picked":"EmptyBody+1","floor":29.0},{"not_picked":["SashWhip","WheelKick"],"picked":"FlurryOfBlows+1","floor":30.0},{"not_picked":["FlyingSleeves","BowlingBash"],"picked":"CutThroughFate","floor":32.0},{"not_picked":["Blasphemy","Wish"],"picked":"Omniscience","floor":33.0},{"not_picked":["Protect","PathToVictory+1"],"picked":"Fasting2+1","floor":35.0},{"not_picked":["JustLucky","FearNoEvil"],"picked":"ForeignInfluence+1","floor":36.0},{"not_picked":["SashWhip","ReachHeaven"],"picked":"EmptyMind","floor":37.0},{"not_picked":["ClearTheMind","Vengeance","SashWhip"],"picked":"SKIP","floor":39.0},{"not_picked":["Perseverance+1","EmptyMind"],"picked":"DevaForm","floor":40.0},{"not_picked":["PanicButton","Bandage Up"],"picked":"Enlightenment","floor":42.0},{"not_picked":["Consecrate","Evaluate+1","FlurryOfBlows+1"],"picked":"SKIP","floor":44.0},{"not_picked":["Crescendo","Consecrate","WindmillStrike"],"picked":"SKIP","floor":46.0},{"not_picked":["FlurryOfBlows","DeusExMachina","Meditate"],"picked":"SKIP","floor":47.0},{"not_picked":["EmptyFist","FollowUp+1","BowlingBash"],"picked":"SKIP","floor":48.0},{"not_picked":["FearNoEvil","CrushJoints"],"picked":"Crescendo+1","floor":55.0}],"player_experience":2944147,"relics_obtained":[{"floor":7.0,"key":"Akabeko"},{"floor":9.0,"key":"Ancient Tea Set"},{"floor":10.0,"key":"Meat on the Bone"},{"floor":12.0,"key":"Toy Ornithopter"},{"floor":23.0,"key":"The Courier"},{"floor":25.0,"key":"Dream Catcher"},{"floor":26.0,"key":"HornCleat"},{"floor":28.0,"key":"Juzu Bracelet"},{"floor":40.0,"key":"Pen Nib"},{"floor":46.0,"key":"Centennial Puzzle"},{"floor":48.0,"key":"Bag of Preparation"},{"floor":55.0,"key":"Turnip"}],"event_choices":[{"damage_healed":0.0,"max_hp_gain":0.0,"max_hp_loss":0.0,"gold_gain":150.0,"event_name":"Liars Game","player_choice":"AGREE","floor":2.0,"gold_loss":0.0,"damage_taken":0.0,"cards_obtained":["Doubt"]},{"damage_healed":0.0,"max_hp_gain":0.0,"max_hp_loss":0.0,"gold_gain":0.0,"event_name":"Match and Keep!","player_choice":"0 cards matched","floor":27.0,"gold_loss":0.0,"damage_taken":0.0,"cards_obtained":[]},{"damage_healed":0.0,"max_hp_gain":0.0,"max_hp_loss":0.0,"gold_gain":50.0,"event_name":"Nest","player_choice":"Stole From Cult","floor":31.0,"gold_loss":0.0,"damage_taken":0.0},{"damage_healed":0.0,"max_hp_gain":0.0,"max_hp_loss":0.0,"gold_gain":0.0,"event_name":"SensoryStone","player_choice":"Memory 1","floor":42.0,"gold_loss":0.0,"damage_taken":0.0}],"is_beta":false,"boss_relics":[{"not_picked":["Ectoplasm","Calling Bell"],"picked":"Pandora\u0027s Box"},{"not_picked":["SlaversCollar","VioletLotus"],"picked":"Coffee Dripper"}],"items_purged_floors":[5,21,38,54],"is_endless":false,"potions_floor_spawned":[3,11,13,19,20,25,29,35,37,44,46,47,55],"killed_by":"The Heart","ascension_level":20}}