{"host":"jmzvm640hfhaby9x","time":1614094331,"event":{"mods":["AchievementEnabler","BaseMod","Block Reminder","Colored Powertips","Googly Eyes","Minty Spire (QoL Compilation)","Quick Restart"],"gold_per_floor":[116,291,291,11,36,80,99,117,117,117,138,157,157,157,157,287,287,302,320,320,320,320],"floor_reached":21,"language":"ENG","playtime":1345,"items_purged":[],"score":179,"play_id":"a98edfd9-303b-4609-bc1c-e98ae0bb11d6","local_time":"20210223153211","is_ascension_mode":false,"campfire_choices":[{"floor":10,"key":"REST"},{"floor":13,"key":"REST"},{"data":"Entrench","floor":15,"key":"SMITH"}],"circlet_count":0,"master_deck":["Strike_R","Strike_R","Strike_R","Strike_R","Strike_R","Defend_R","Defend_R","Defend_R","Defend_R","Bash","Demon Form","Warcry","Doubt","Combust","Perfected Strike","Rupture","Rage","Entrench+1","Perfected Strike","Feed","Shrug It Off+1","Reckless Charge"],"relics":["Burning Blood","Golden Idol","Bottled Tornado","Regal Pillow","Gambling Chip","InkBottle","Cursed Key"],"acts_visited":["Exordium","TheCity"],"potions_floor_usage":[8,16,16,21],"damage_taken":[{"damage":24,"enemies":"Jaw Worm","floor":1,"turns":4},{"damage":53,"enemies":"3 Sentries","floor":6,"turns":7},{"damage":9,"enemies":"2 Louse","floor":7,"turns":4},{"damage":7,"enemies":"Small Slimes","floor":8,"turns":4},{"damage":28,"enemies":"3 Louse","floor":11,"turns":4},{"damage":9,"enemies":"2 Fungi Beasts","floor":12,"turns":4},{"damage":26,"enemies":"Slime Boss","floor":16,"turns":7},{"damage":35,"enemies":"3 Byrds","floor":18,"turns":6},{"damage":28,"enemies":"2 Thieves","floor":19,"turns":4},{"damage":34,"enemies":"3 Cultists","floor":21,"turns":5}],"seed_played":"-7492084457280698283","potions_obtained":[{"floor":6,"key":"SkillPotion"},{"floor":8,"key":"Explosive Potion"},{"floor":12,"key":"Regen Potion"},{"floor":19,"key":"HeartOfIron"}],"is_trial":false,"path_per_floor":["M","?","?","$","T","E","M","M","T","R","M","M","R","?","R","B",null,"M","M","?","M"],"character_chosen":"IRONCLAD","items_purchased":["Combust","Bottled Tornado"],"campfire_rested":2,"item_purchase_floors":[4,4],"current_hp_per_floor":[62,62,62,62,62,15,12,11,11,48,26,23,60,65,65,60,79,53,31,31,0,0],"gold":320,"neow_bonus":"ONE_RANDOM_RARE_CARD","is_daily":false,"chose_seed":false,"campfire_upgraded":1,"win_rate":0.0,"timestamp":1614094331,"path_taken":["M","?","?","$","?","E","M","M","T","R","M","M","R","?","R","BOSS","M","M","?","M"],"items_purchased_type":["Card","Relic"],"build_version":"2020-12-22","purchased_purges":0,"victory":false,"max_hp_per_floor":[80,80,74,74,74,74,74,74,74,74,74,74,74,79,79,79,79,82,82,82,85,85],"card_choices":[{"not_picked":["Clash","Second Wind"],"picked":"Warcry","floor":1},{"not_picked":["Dual Wield","Double Tap"],"picked":"Perfected Strike","floor":6},{"not_picked":["Sword Boomerang","Clothesline"],"picked":"Rupture","floor":7},{"not_picked":["Perfected Strike","Headbutt"],"picked":"Rage","floor":8},{"not_picked":["Power Through","Sword Boomerang"],"picked":"Entrench","floor":11},{"not_picked":["Burning Pact","Sever Soul"],"picked":"Perfected Strike","floor":12},{"not_picked":["Bludgeon","Juggernaut"],"picked":"Feed","floor":16},{"not_picked":["Infernal Blade+1","Cleave"],"picked":"Shrug It Off+1","floor":18},{"not_picked":["True Grit","Perfected Strike"],"picked":"Reckless Charge","floor":19}],"player_experience":23058,"relics_obtained":[{"floor":5,"key":"Regal Pillow"},{"floor":6,"key":"Gambling Chip"},{"floor":9,"key":"InkBottle"}],"event_choices":[{"damage_healed":0,"gold_gain":175,"player_choice":"AGREE","damage_taken":0,"max_hp_gain":0,"max_hp_loss":0,"event_name":"Liars Game","floor":2,"gold_loss":0,"cards_obtained":["Doubt"]},{"damage_healed":0,"gold_gain":0,"player_choice":"Lose Max HP","damage_taken":0,"relics_obtained":["Golden Idol"],"max_hp_gain":0,"max_hp_loss":6,"event_name":"Golden Idol","floor":3,"gold_loss":0},{"damage_healed":0,"gold_gain":0,"player_choice":"Donut","damage_taken":0,"max_hp_gain":5,"max_hp_loss":0,"event_name":"Big Fish","floor":14,"gold_loss":0},{"damage_healed":0,"gold_gain":0,"player_choice":"Ignored","damage_taken":0,"max_hp_gain":0,"max_hp_loss":0,"event_name":"Vampires","floor":20,"gold_loss":0}],"is_beta":false,"boss_relics":[{"not_picked":["Fusion Hammer","Ectoplasm"],"picked":"Cursed Key"}],"items_purged_floors":[],"is_endless":false,"potions_floor_spawned":[6,8,12,19],"killed_by":"3 Cultists","ascension_level":0}}