{"host":"8vqkh0x3c7vpgzzm","time":1614095103,"event":{"mods":["AchievementEnabler","BaseMod","Colored Map","Colored Powertips","Curses Come First","DeckTracker","Highlight Path","Minty Spire (QoL Compilation)","Permanent Neow","Quick Restart","Random Character Mod","Rare Cards Sparkle","Relic Sorter","Relic Stats","StSLib","SuperFastMode","Unceasing Turn Reminder","egg","everything is the same but u backflip on backflip"],"gold_per_floor":[149,149,187,24,50,50,107,172,196,196,297,405,431,431,431,560,560,580,680,680,163,163,163,208,188,261,271,303,321,321,37,37,162,162,194,294,345,360,360,392,392,467,513,530,38,0,35,48,48,73],"floor_reached":51,"language":"ENG","playtime":2051,"items_purged":["Scrape","Beam Cell"],"score":889,"play_id":"b8838d73-7b5a-4365-b35d-e352bc9fea0e","local_time":"20210223164503","is_ascension_mode":false,"campfire_choices":[{"data":"Apotheosis","floor":6,"key":"SMITH"},{"floor":15,"key":"REST"},{"data":"Amplify","floor":23,"key":"SMITH"},{"floor":32,"key":"REST"},{"data":"Apotheosis","floor":41,"key":"SMITH"},{"data":"Reboot","floor":49,"key":"SMITH"}],"circlet_count":0,"master_deck":["Zap","Dualcast","HandOfGreed+1","Apotheosis+1","Machine Learning","Coolheaded","Biased Cognition","Capacitor","Biased Cognition","Static Discharge","Glacier","Biased Cognition","Hyperbeam+1","Amplify+1","Heatsinks","Coolheaded","Amplify","Electrodynamics","Hologram+1","Reboot+1","Buffer","Reboot","White Noise+1","Panacea","Mayhem","Apotheosis+1","Glacier+1","Storm+1","Double Energy+1","Turbo+1"],"relics":["Gremlin Horn","Potion Belt","Symbiotic Virus","Juzu Bracelet","Centennial Puzzle","Happy Flower","Pandora\u0027s Box","Nloth\u0027s Gift","Gambling Chip","Singing Bowl","Shuriken","Lantern","Philosopher\u0027s Stone","Thread and Needle","Whetstone","Torii","Bag of Marbles","Lee\u0027s Waffle","Red Mask","Emotion Chip"],"acts_visited":["Exordium","TheCity","TheBeyond"],"potions_floor_usage":[13,13,27,27,28,35,37,40,45,50,50,50,50],"damage_taken":[{"damage":4,"enemies":"Small Slimes","floor":1,"turns":4},{"damage":3,"enemies":"Cultist","floor":3,"turns":3},{"damage":14,"enemies":"Lagavulin","floor":7,"turns":5},{"damage":2,"enemies":"2 Louse","floor":8,"turns":3},{"damage":3,"enemies":"3 Sentries","floor":11,"turns":6},{"damage":15,"enemies":"Gremlin Gang","floor":12,"turns":8},{"damage":0,"enemies":"Gremlin Nob","floor":13,"turns":2},{"damage":11,"enemies":"Slime Boss","floor":16,"turns":6},{"damage":0,"enemies":"Shell Parasite","floor":18,"turns":4},{"damage":10,"enemies":"2 Thieves","floor":24,"turns":4},{"damage":15,"enemies":"Chosen and Byrds","floor":27,"turns":2},{"damage":8,"enemies":"Gremlin Leader","floor":28,"turns":2},{"damage":15,"enemies":"Snake Plant","floor":29,"turns":3},{"damage":9,"enemies":"Champ","floor":33,"turns":9},{"damage":3,"enemies":"3 Shapes","floor":35,"turns":3},{"damage":27,"enemies":"2 Orb Walkers","floor":37,"turns":4},{"damage":0,"enemies":"Orb Walker","floor":38,"turns":4},{"damage":0,"enemies":"Reptomancer","floor":40,"turns":4},{"damage":0,"enemies":"Mind Bloom Boss Battle","floor":42,"turns":6},{"damage":10,"enemies":"Maw","floor":44,"turns":4},{"damage":1,"enemies":"Giant Head","floor":47,"turns":4},{"damage":0,"enemies":"3 Darklings","floor":48,"turns":2},{"damage":14,"enemies":"Awakened One","floor":50,"turns":5}],"seed_played":"1561950502558489317","potions_obtained":[{"floor":1,"key":"BlessingOfTheForge"},{"floor":8,"key":"DuplicationPotion"},{"floor":11,"key":"Ancient Potion"},{"floor":12,"key":"AttackPotion"},{"floor":25,"key":"EntropicBrew"},{"floor":27,"key":"Swift Potion"},{"floor":29,"key":"DistilledChaos"},{"floor":35,"key":"FairyPotion"},{"floor":42,"key":"FocusPotion"},{"floor":47,"key":"DuplicationPotion"}],"is_trial":false,"path_per_floor":["M","?","M","$","T","R","E","M","T","?","E","M","E","?","R","B",null,"M","?","?","$","?","R","M","?","T","M","E","M","?","$","R","B",null,"M","?","?","M","?","E","R","?","T","M","$","?","E","M","R","B",null],"character_chosen":"DEFECT","items_purchased":["Apotheosis","Gambling Chip","Coolheaded","FairyPotion","Lantern","Buffer","Lee\u0027s Waffle","Fruit Juice","FocusPotion","SneckoOil"],"campfire_rested":2,"item_purchase_floors":[4,21,21,21,31,31,45,45,45,45],"current_hp_per_floor":[71,71,68,68,68,68,54,52,52,52,49,34,34,34,56,45,75,75,75,75,75,75,75,65,65,65,52,44,31,16,16,41,32,84,81,81,56,58,48,48,48,50,50,40,102,102,101,101,101,87],"gold":73,"neow_bonus":"RANDOM_COLORLESS_2","is_daily":false,"chose_seed":false,"campfire_upgraded":4,"win_rate":0.0,"timestamp":1614095103,"path_taken":["M","?","?","$","?","R","E","M","T","?","E","M","E","?","R","BOSS","M","?","?","$","?","R","M","?","T","M","E","M","?","$","R","BOSS","M","?","?","M","?","E","R","?","T","M","$","?","E","M","R","BOSS"],"items_purchased_type":["Card","Relic","Card","Potion","Relic","Card","Relic","Potion","Potion","Potion"],"build_version":"2020-12-22","purchased_purges":2,"victory":true,"max_hp_per_floor":[75,75,75,75,75,75,75,75,75,75,75,75,75,75,75,75,75,75,75,75,75,75,75,75,75,75,77,77,79,84,84,84,84,84,84,84,86,88,88,88,88,90,90,90,102,102,102,102,102,102],"relic_stats":{"Lee\u0027s Waffle":57,"Gremlin Horn":[21,22],"Happy Flower":[22],"Singing Bowl":10,"Torii":3,"counters":[23,97],"Juzu Bracelet":4,"Whetstone":["Hyperbeam","HandOfGreed"],"Centennial Puzzle":[36],"Emotion Chip":[3,3,0,0,0],"Shuriken":[1],"Gambling Chip":[21],"Pandora\u0027s Box":["Static Discharge","Glacier","Biased Cognition","Thunder Strike","Hyperbeam","Amplify","Static Discharge","Scrape"],"Nloth\u0027s Gift":4,"obtain_stats":[{"Potion Belt":5,"Lantern":31,"Lee\u0027s Waffle":45,"Gremlin Horn":2,"Happy Flower":13,"Singing Bowl":26,"Torii":42,"Thread and Needle":37,"Juzu Bracelet":9,"Whetstone":40,"Centennial Puzzle":11,"Emotion Chip":47,"Shuriken":28,"Gambling Chip":21,"Pandora\u0027s Box":17,"Philosopher\u0027s Stone":34,"Nloth\u0027s Gift":20,"Bag of Marbles":43,"Red Mask":46,"Cracked Core":0,"Symbiotic Virus":7},{"Potion Belt":2,"Lantern":13,"Lee\u0027s Waffle":20,"Gremlin Horn":1,"Happy Flower":7,"Singing Bowl":10,"Torii":19,"Thread and Needle":16,"Juzu Bracelet":4,"Whetstone":18,"Centennial Puzzle":5,"Emotion Chip":21,"Shuriken":12,"Gambling Chip":9,"Pandora\u0027s Box":8,"Philosopher\u0027s Stone":14,"Nloth\u0027s Gift":9,"Bag of Marbles":19,"Red Mask":20,"Cracked Core":0,"Symbiotic Virus":3},{"Potion Belt":7,"Lantern":52,"Lee\u0027s Waffle":86,"Gremlin Horn":4,"Happy Flower":31,"Singing Bowl":45,"Torii":82,"Thread and Needle":68,"Juzu Bracelet":15,"Whetstone":76,"Centennial Puzzle":21,"Emotion Chip":90,"Shuriken":49,"Gambling Chip":41,"Pandora\u0027s Box":37,"Philosopher\u0027s Stone":61,"Nloth\u0027s Gift":41,"Bag of Marbles":82,"Red Mask":86,"Cracked Core":0,"Symbiotic Virus":12}]},"card_choices":[{"not_picked":["Thinking Ahead","Metamorphosis"],"picked":"HandOfGreed","floor":0},{"not_picked":["Go for the Eyes","Gash"],"picked":"Beam Cell","floor":1},{"not_picked":["Redo","Steam","Barrage"],"picked":"SKIP","floor":3},{"not_picked":["Sweeping Beam","Blizzard","Streamline"],"picked":"SKIP","floor":7},{"not_picked":["Barrage","Aggregate"],"picked":"Machine Learning","floor":8},{"not_picked":["Barrage","Tempest"],"picked":"Coolheaded","floor":11},{"not_picked":["Ball Lightning","Leap"],"picked":"Biased Cognition","floor":12},{"not_picked":["Gash","Capacitor","Barrage"],"picked":"SKIP","floor":13},{"not_picked":["Gash","Barrage"],"picked":"Capacitor","floor":13},{"not_picked":["Electrodynamics","All For One"],"picked":"Biased Cognition","floor":16},{"not_picked":["Leap","Streamline"],"picked":"Heatsinks","floor":18},{"not_picked":["Steam","Hyperbeam"],"picked":"Hologram+1","floor":24},{"not_picked":["Rainbow","Compile Driver","Heatsinks"],"picked":"Singing Bowl","floor":27},{"not_picked":["Capacitor+1","Doom and Gloom+1"],"picked":"Reboot","floor":28},{"not_picked":["Hologram+1","Force Field+1","Sunder+1"],"picked":"Singing Bowl","floor":29},{"not_picked":["Core Surge","Machine Learning"],"picked":"Reboot","floor":33},{"not_picked":["Auto Shields","Stack+1"],"picked":"White Noise+1","floor":35},{"not_picked":["All For One","Rebound","Ball Lightning"],"picked":"Singing Bowl","floor":37},{"not_picked":["Loop","Compile Driver+1","Force Field+1"],"picked":"Singing Bowl","floor":38},{"not_picked":["Dramatic Entrance","Good Instincts"],"picked":"Panacea","floor":39},{"not_picked":["PanicButton","Discovery"],"picked":"Mayhem","floor":39},{"not_picked":["Blind","Finesse"],"picked":"Apotheosis","floor":39},{"not_picked":["Doom and Gloom+1","Cold Snap"],"picked":"Glacier+1","floor":40},{"not_picked":["Tempest","Doom and Gloom","Leap+1"],"picked":"Singing Bowl","floor":42},{"not_picked":["Conserve Battery+1","Turbo+1"],"picked":"Storm+1","floor":44},{"not_picked":["BootSequence+1","Self Repair"],"picked":"Double Energy+1","floor":47},{"not_picked":["Coolheaded","Gash+1"],"picked":"Turbo+1","floor":48}],"player_experience":625689,"relics_obtained":[{"floor":5,"key":"Potion Belt"},{"floor":7,"key":"Symbiotic Virus"},{"floor":9,"key":"Juzu Bracelet"},{"floor":11,"key":"Centennial Puzzle"},{"floor":13,"key":"Happy Flower"},{"floor":26,"key":"Singing Bowl"},{"floor":28,"key":"Shuriken"},{"floor":37,"key":"Thread and Needle"},{"floor":40,"key":"Whetstone"},{"floor":42,"key":"Torii"},{"floor":43,"key":"Bag of Marbles"},{"floor":47,"key":"Emotion Chip"}],"event_choices":[{"damage_healed":0,"gold_gain":0,"player_choice":"Gave Potion","damage_taken":0,"relics_obtained":["Gremlin Horn"],"max_hp_gain":0,"max_hp_loss":0,"event_name":"WeMeetAgain","floor":2,"gold_loss":0},{"cards_removed":["Decay"],"damage_healed":0,"gold_gain":0,"player_choice":"Forget","damage_taken":0,"max_hp_gain":0,"max_hp_loss":0,"event_name":"Living Wall","floor":10,"gold_loss":0},{"damage_healed":0,"gold_gain":0,"player_choice":"Ignored","damage_taken":0,"max_hp_gain":0,"max_hp_loss":0,"event_name":"Liars Game","floor":14,"gold_loss":0},{"damage_healed":0,"gold_gain":100,"player_choice":"Pray","damage_taken":0,"max_hp_gain":0,"max_hp_loss":0,"event_name":"Golden Shrine","floor":19,"gold_loss":0},{"damage_healed":0,"gold_gain":0,"player_choice":"Traded Relic","damage_taken":0,"relics_obtained":["Nloth\u0027s Gift"],"max_hp_gain":0,"max_hp_loss":0,"event_name":"N\u0027loth","floor":20,"relics_lost":["Cracked Core"],"gold_loss":0},{"damage_healed":0,"gold_gain":0,"cards_transformed":["Thunder Strike","Static Discharge"],"player_choice":"Became Test Subject","damage_taken":0,"max_hp_gain":0,"max_hp_loss":0,"event_name":"Drug Dealer","floor":22,"gold_loss":0,"cards_obtained":["Amplify","Electrodynamics"]},{"damage_healed":0,"gold_gain":0,"player_choice":"Bought 1 Potion","damage_taken":0,"max_hp_gain":0,"max_hp_loss":0,"event_name":"The Woman in Blue","floor":25,"gold_loss":0},{"damage_healed":0,"gold_gain":0,"player_choice":"Shed Blood","damage_taken":20,"max_hp_gain":5,"max_hp_loss":0,"event_name":"Forgotten Altar","floor":30,"gold_loss":0},{"damage_healed":0,"gold_gain":100,"player_choice":"Pray","damage_taken":0,"max_hp_gain":0,"max_hp_loss":0,"event_name":"Golden Shrine","floor":36,"gold_loss":0},{"damage_healed":0,"gold_gain":0,"player_choice":"Fight","damage_taken":0,"max_hp_gain":0,"max_hp_loss":0,"event_name":"Mysterious Sphere","floor":37,"gold_loss":0},{"damage_healed":0,"gold_gain":0,"player_choice":"Memory 3","damage_taken":10,"max_hp_gain":0,"max_hp_loss":0,"event_name":"SensoryStone","floor":39,"gold_loss":0},{"damage_healed":0,"gold_gain":0,"player_choice":"Fight","damage_taken":0,"max_hp_gain":0,"max_hp_loss":0,"event_name":"MindBloom","floor":42,"gold_loss":0},{"damage_healed":0,"gold_gain":0,"player_choice":"Paid","damage_taken":0,"relics_obtained":["Red Mask"],"max_hp_gain":0,"max_hp_loss":0,"event_name":"Tomb of Lord Red Mask","floor":46,"gold_loss":38}],"is_beta":false,"boss_relics":[{"not_picked":["Snecko Eye","Astrolabe"],"picked":"Pandora\u0027s Box"},{"not_picked":["Empty Cage","Calling Bell"],"picked":"Philosopher\u0027s Stone"}],"items_purged_floors":[21,45],"is_endless":false,"potions_floor_spawned":[1,8,11,12,27,29,35,42,47],"ascension_level":0}}