{"host":"9zznonz1olisd4fd","time":1614054268,"event":{"mods":["BaseMod","Keyboard Shortcuts","Minty Spire (QoL Compilation)","StSLib","SuperFastMode"],"gold_per_floor":[112,112,187,205,205,238,251,251,306,316,2,21,21,21,21,93,93,13,13,13,13],"floor_reached":20,"language":"KOR","playtime":516,"items_purged":["Strike_P"],"score":461,"play_id":"295374a4-6758-4807-a9b0-f95fe49fef07","local_time":"20210223132428","is_ascension_mode":true,"campfire_choices":[{"data":"EmptyMind","floor":8,"key":"SMITH"},{"floor":15,"key":"REST"}],"circlet_count":0,"master_deck":["AscendersBane","Strike_P","Strike_P","Strike_P","Defend_P","Defend_P+1","Defend_P","Defend_P","Eruption+1","Vigilance","EmptyFist","EmptyMind+1","DeusExMachina","MentalFortress","BattleHymn","LessonLearned","InnerPeace"],"relics":["PureWater","NeowsBlessing","Bag of Preparation","Potion Belt","Ectoplasm"],"acts_visited":["Exordium","TheCity"],"potions_floor_usage":[16,16,16,16],"damage_taken":[{"damage":0,"enemies":"2 Louse","floor":1,"turns":1},{"damage":0,"enemies":"Small Slimes","floor":4,"turns":1},{"damage":0,"enemies":"Lagavulin","floor":6,"turns":1},{"damage":4,"enemies":"Jaw Worm","floor":7,"turns":2},{"damage":24,"enemies":"Gremlin Gang","floor":10,"turns":5},{"damage":13,"enemies":"Blue Slaver","floor":12,"turns":3},{"damage":0,"enemies":"Hexaghost","floor":16,"turns":5},{"damage":23,"enemies":"2 Thieves","floor":18,"turns":4},{"damage":39,"enemies":"Chosen","floor":19,"turns":6},{"damage":0,"enemies":"Sentry and Sphere","floor":20,"turns":1}],"seed_played":"-7811214719141874898","potions_obtained":[{"floor":6,"key":"Energy Potion"},{"floor":7,"key":"Energy Potion"},{"floor":10,"key":"Strength Potion"},{"floor":12,"key":"SkillPotion"},{"floor":19,"key":"EssenceOfSteel"}],"is_trial":false,"path_per_floor":["M","?","?","M","?","E","M","R","T","M","$","M","$","$","R","B",null,"M","M","M"],"character_chosen":"WATCHER","items_purchased":["DeusExMachina","MentalFortress"],"campfire_rested":1,"item_purchase_floors":[11,11],"current_hp_per_floor":[61,61,50,50,55,55,51,51,51,27,27,14,14,14,35,35,64,41,2,2,2],"gold":13,"neow_bonus":"THREE_ENEMY_KILL","is_daily":false,"chose_seed":false,"campfire_upgraded":1,"win_rate":0.0,"timestamp":1614054268,"path_taken":["M","?","?","M","?","E","M","R","T","M","$","M","?","$","R","BOSS","M","M","?"],"items_purchased_type":["Card","Card"],"build_version":"2020-12-22","purchased_purges":1,"victory":false,"max_hp_per_floor":[68,68,68,68,73,73,73,73,73,73,73,73,73,73,73,73,73,73,73,73,73],"card_choices":[{"not_picked":["SashWhip","ThirdEye","JustLucky"],"picked":"SKIP","floor":1},{"not_picked":["Consecrate","Halt"],"picked":"EmptyFist","floor":4},{"not_picked":["Halt","ReachHeaven"],"picked":"EmptyMind","floor":6},{"not_picked":["BowlingBash","TalkToTheHand","Protect"],"picked":"SKIP","floor":7},{"not_picked":["DeceiveReality","CrushJoints","ThirdEye"],"picked":"SKIP","floor":10},{"not_picked":["CarveReality","FlurryOfBlows"],"picked":"BattleHymn","floor":12},{"not_picked":["Wish","Devotion"],"picked":"LessonLearned","floor":16},{"not_picked":["FlyingSleeves","PathToVictory"],"picked":"InnerPeace","floor":18},{"not_picked":["Prostrate","ThirdEye","CutThroughFate"],"picked":"SKIP","floor":19}],"player_experience":564902,"relics_obtained":[{"floor":6,"key":"Bag of Preparation"},{"floor":9,"key":"Potion Belt"}],"event_choices":[{"damage_healed":0,"gold_gain":0,"player_choice":"Grow","damage_taken":0,"max_hp_gain":0,"max_hp_loss":0,"event_name":"Living Wall","floor":2,"gold_loss":0,"cards_upgraded":["Eruption"]},{"damage_healed":0,"gold_gain":75,"player_choice":"Gather Gold","damage_taken":11,"max_hp_gain":0,"max_hp_loss":0,"event_name":"World of Goop","floor":3,"gold_loss":0},{"damage_healed":0,"gold_gain":0,"player_choice":"Donut","damage_taken":0,"max_hp_gain":5,"max_hp_loss":0,"event_name":"Big Fish","floor":5,"gold_loss":0}],"is_beta":false,"boss_relics":[{"not_picked":["Black Star","Busted Crown"],"picked":"Ectoplasm"}],"items_purged_floors":[11],"is_endless":false,"potions_floor_spawned":[6,7,10,12,19],"killed_by":"Sentry and Sphere","ascension_level":17}}