{"host":"9pm4ffml2aj85aj7","time":1614093673,"event":{"mods":["Act Like it!","BaseMod","BetterRewards","Bossed Relics","Gensokyo","GifTheSpireLib","Library of Ruina","Library of Ruina Extra","Lobotomy","LobotomyExtend","Minty Spire (QoL Compilation)","Relic Filter Mod","Remilia£®¿Ÿ√◊¿Ú—«£©","Replay The Spire","Shop Mod","StSLib","The Jungle","Wide Potions"],"gold_per_floor":[120,120,120,132,60,88,101,116,116,116,134,145,70,70,70,175,175,192,192,203,203,216,216,216,236,236,236,206,7,18,34,34,34,34],"floor_reached":33,"language":"ZHS","playtime":1352,"items_purged":["LightDefense","Dodge"],"score":299,"play_id":"7c0622fa-dc2c-43a6-aac1-8b33f92370cc","local_time":"20210223232113","is_ascension_mode":false,"campfire_choices":[{"data":"SenseQuarry","floor":10,"key":"SMITH"},{"floor":15,"key":"REST"},{"floor":23,"key":"REST"},{"floor":27,"key":"REST"},{"data":"PreemptiveStrike","floor":32,"key":"SMITH"}],"circlet_count":0,"master_deck":["LightDefense","Pound","Feast","SenseQuarry+1","CrackOfDawn","SilentNight","Mutilate","TieShanKao","PreemptiveStrike+1","Bite","Bite","Bite","Bite","Bite","Brawl+1","GrazeTheGrass+1","ChopItOff+1"],"relics":["PageOfLibrarian","LetterFromLob","Blood Vial","PageOfSingingMachine","SacredBark","Enchiridion","PageOfSpiderBud","InkBottle","Membership Card"],"acts_visited":["Exordium","TheCity"],"potions_floor_usage":[6,16,16,20,22,25,30,33],"damage_taken":[{"damage":0,"enemies":"Small Slimes","floor":1,"turns":4},{"damage":0,"enemies":"Jaw Worm","floor":4,"turns":3},{"damage":16,"enemies":"Lagavulin","floor":6,"turns":4},{"damage":0,"enemies":"Cultist","floor":7,"turns":2},{"damage":0,"enemies":"Large Slime","floor":8,"turns":4},{"damage":7,"enemies":"Blue Slaver","floor":11,"turns":2},{"damage":1,"enemies":"Lots of Slimes","floor":12,"turns":3},{"damage":16,"enemies":"Slime Boss","floor":16,"turns":5},{"damage":29,"enemies":"2 Thieves","floor":18,"turns":3},{"damage":20,"enemies":"Shell Parasite","floor":20,"turns":3},{"damage":14,"enemies":"Cultist and Chosen","floor":22,"turns":4},{"damage":29,"enemies":"Centurion and Healer","floor":25,"turns":4},{"damage":9,"enemies":"Sentry and Sphere","floor":30,"turns":4},{"damage":12,"enemies":"Snecko","floor":31,"turns":3},{"damage":62,"enemies":"KingOfGreed","floor":33,"turns":4}],"seed_played":"-5136980440953081813","potions_obtained":[{"floor":1,"key":"Block Potion"},{"floor":7,"key":"Ancient Potion"},{"floor":12,"key":"Swift Potion"},{"floor":16,"key":"FearPotion"},{"floor":20,"key":"DuplicationPotion"},{"floor":22,"key":"SkillPotion"},{"floor":25,"key":"FearPotion"},{"floor":28,"key":"LifebloodPotion"},{"floor":28,"key":"Fire Potion"}],"is_trial":false,"path_per_floor":["M","?","?","M","$","E","M","M","T","R","M","M","$","M","R","B",null,"M","?","M","?","M","R","T","M","T","R","?","$","M","M","R","B"],"character_chosen":"Librarian","items_purchased":["SenseQuarry","Membership Card"],"campfire_rested":3,"item_purchase_floors":[5,29],"current_hp_per_floor":[54,59,44,44,44,36,42,44,44,44,43,48,48,48,69,54,69,46,30,16,16,18,32,32,21,21,35,35,35,46,47,47,0,0],"gold":34,"neow_bonus":"REMOVE_TWO","is_daily":false,"chose_seed":false,"campfire_upgraded":2,"win_rate":0.0,"timestamp":1614093673,"path_taken":["M","?","?","M","?","E","M","M","T","R","?","M","$","M","R","BOSS","M","?","M","?","M","R","?","?","T","R","?","$","M","?","R","BOSS"],"items_purchased_type":["Card","Relic"],"build_version":"2020-12-22","purchased_purges":2,"victory":false,"max_hp_per_floor":[68,73,73,73,73,73,78,218,218,218,218,70,70,70,70,69,69,69,69,69,48,48,48,48,48,48,48,48,48,48,48,48,48,48],"card_choices":[{"not_picked":["Zzzzzap","Leap_lor","SkyClearingCut","EnergyCycle","ChiWen","MultiHit","WillOfThePrescript","HighKick"],"picked":"Pound","floor":1},{"not_picked":["DirtyBlow","Struggle","FleetFootsteps","ExtractFuel","RatsGuideToSurvival","GuardingStance","DestructiveImpact","Guardian_lor"],"picked":"Feast","floor":4},{"not_picked":["FaintMemories","Execute_lor","SpearedSweep","Outburst","QuickAttack","ProselytesBlade","Gamble","AsThePrescriptOrders"],"picked":"CrackOfDawn","floor":6},{"not_picked":["ViolentFlame","Multislash","YourShield","FleetEdge","Parry2","Quickness","Duel_lor","Diversion"],"picked":"SilentNight","floor":7},{"not_picked":["StrongStrike","SinglePointStab","SharpSwipe","Faith","StrikeDown","Overpower","SunsetBlade","EmotionalTurbulence","Reload"],"picked":"SKIP","floor":8},{"not_picked":["BiAn","FleetEdge","TraceOfFumes","EnergyShield","StrongStrike","EmotionalTurbulence","UpbeatPerformance","BlowItUp","EndlessBattle"],"picked":"SKIP","floor":11},{"not_picked":["ClassAndRespect","StructuralAnalysis","EndlessBattle","TendonChords","Parry","Thrust","Reload","FleetEdge"],"picked":"Mutilate","floor":12},{"not_picked":["RipSpace","Deflect_lor"],"picked":"TieShanKao","floor":16},{"not_picked":["SpearedSweep","FaintMemories","BackAttack","Multislash+1","EnergyShield","Tailoring","GuidanceOfTheGears","Thirst"],"picked":"PreemptiveStrike","floor":18},{"not_picked":["HighKick","InhaleSmoke+1","SinglePointStab","HeavyPeaks","SharpNails","GuardingStance","UpbeatPerformance","SmokingPipe","ToOvercomeCrisis"],"picked":"SKIP","floor":20},{"not_picked":["Parry2+1","FrontalAssault","CircusKnives+1","PreparedMind","RushDown+1","ProselytesBlade","ShrineToMusic+1","Eliminate"],"picked":"Brawl+1","floor":22},{"not_picked":["ConcentratedFire","EnergyStrike","SmokingPipe","NightInTheBackstreets+1","IdentifyWeakpoint","YoureTooSlow","UnavoidableGaze","WillBeTasty","FleetEdge"],"picked":"SKIP","floor":25},{"not_picked":["GatherIntel","BayonetCombat","EndlessBattle","EnergyShield","FlowOfTheSword+1","Execute_lor","UpbeatPerformance+1","BladeWhirl"],"picked":"GrazeTheGrass+1","floor":30},{"not_picked":["MindCrush","Zzzzzap","DesperateStruggle","FeatherShield","HiddenBlade","StructuralAnalysis","FrontalAssault","GuidanceOfTheGears+1"],"picked":"ChopItOff+1","floor":31}],"player_experience":56955,"relics_obtained":[{"floor":1,"key":"LetterFromLob"},{"floor":6,"key":"Blood Vial"},{"floor":9,"key":"PageOfSingingMachine"},{"floor":19,"key":"Enchiridion"},{"floor":24,"key":"PageOfSpiderBud"},{"floor":26,"key":"InkBottle"}],"event_choices":[{"damage_healed":0,"gold_gain":0,"player_choice":"Donut","damage_taken":0,"max_hp_gain":5,"max_hp_loss":0,"event_name":"Big Fish","floor":2,"gold_loss":0},{"damage_healed":0,"gold_gain":0,"player_choice":"Entered Light","damage_taken":15,"max_hp_gain":0,"max_hp_loss":0,"event_name":"Shining Light","floor":3,"gold_loss":0,"cards_upgraded":["LightAttack","LightAttack"]},{"damage_healed":0,"gold_gain":0,"player_choice":"Obtained Book","damage_taken":16,"max_hp_gain":0,"max_hp_loss":0,"event_name":"Cursed Tome","floor":19,"gold_loss":0},{"damage_healed":0,"gold_gain":0,"player_choice":"Became a vampire","damage_taken":0,"max_hp_gain":0,"max_hp_loss":21,"event_name":"Vampires","floor":21,"gold_loss":0,"cards_obtained":["Bite","Bite","Bite","Bite","Bite"]},{"damage_healed":0,"gold_gain":0,"player_choice":"Bought 2 Potions","damage_taken":0,"max_hp_gain":0,"max_hp_loss":0,"event_name":"The Woman in Blue","floor":28,"gold_loss":0}],"is_beta":false,"boss_relics":[{"not_picked":["Astrolabe","Replay:Grab Bag"],"picked":"SacredBark"}],"items_purged_floors":[13,29],"is_endless":false,"potions_floor_spawned":[1,7,12,16,20,22,25],"killed_by":"KingOfGreed","ascension_level":0}}