{"host":"fm9e0lfunjlbhzxv","time":1614106662,"event":{"mods":["Alarm Clock","BaseMod","Bestiary","Better Match","Better Skull","Better Third Choice","Colored Map","Colored Powertips","Downfall","Good Game Mod","Key Reminder","Minty Spire (QoL Compilation)","Permanent Neow","Random Character Button","Rare Cards Sparkle","Relic Stats","Spire Arcade","StSLib","slay the spire mod where everything is the same but ironclad has a cowboy hat"],"gold_per_floor":[99,114,141,164,164,157,181,181,181,181,181],"floor_reached":9,"language":"ENG","playtime":412,"items_purged":[],"score":54,"play_id":"0e192617-cb86-4d43-93f1-258851c9513a","local_time":"20210223105742","is_ascension_mode":true,"campfire_choices":[{"floor":1,"key":"RECALL"}],"circlet_count":0,"master_deck":["hexamod:Strike","hexamod:Strike","hexamod:Strike","hexamod:Defend","hexamod:Defend","hexamod:Defend","hexamod:Defend","hexamod:Sear","hexamod:Float","Calculated Gamble","hexamod:SecondSeal","hexamod:RadiantFlame","hexamod:SpectersWail","hexamod:FifthSeal","hexamod:FirstSeal","hexamod:FifthSeal"],"relics":["REME:ComplimentaryCards","Sozu","keyreminder:keyreminder"],"acts_visited":["Exordium"],"potions_floor_usage":[],"damage_taken":[{"damage":1,"enemies":"Jaw Worm","floor":2,"turns":3},{"damage":1,"enemies":"Cultist","floor":3,"turns":4},{"damage":7,"enemies":"2 Louse","floor":4,"turns":3},{"damage":0,"enemies":"downfall:FleeingMerchant","floor":6,"turns":4},{"damage":99,"enemies":"Gremlin Nob","floor":9,"turns":6}],"seed_played":"170667740074438553","potions_obtained":[],"is_trial":false,"path_per_floor":["R","M","M","M","?","$","T","?","E"],"character_chosen":"THE_SPIRIT","items_purchased":[],"campfire_rested":0,"item_purchase_floors":[],"current_hp_per_floor":[70,69,68,61,61,61,61,66,0,0,0],"gold":181,"neow_bonus":"BOSS_RELIC","is_daily":false,"chose_seed":false,"campfire_upgraded":0,"win_rate":0.0,"timestamp":1614106662,"path_taken":["R","M","M","M","?","?","T","?","E"],"items_purchased_type":[],"build_version":"2020-12-22","purchased_purges":0,"victory":false,"max_hp_per_floor":[70,70,70,70,70,70,70,75,75,75,75],"relic_stats":{"Sozu":0,"counters":[5,20],"obtain_stats":[{"Sozu":0,"keyreminder:keyreminder":1,"REME:ComplimentaryCards":0,"hexamod:SpiritBrand":0},{"Sozu":0,"keyreminder:keyreminder":0,"REME:ComplimentaryCards":0,"hexamod:SpiritBrand":0},{"Sozu":0,"keyreminder:keyreminder":0,"REME:ComplimentaryCards":0,"hexamod:SpiritBrand":0}]},"card_choices":[{"not_picked":["hexamod:SpectralAdrenaline","hexamod:FlamesFromBeyond"],"picked":"hexamod:SecondSeal","floor":2},{"not_picked":["hexamod:SpectralSpark","hexamod:HeatMetal"],"picked":"hexamod:RadiantFlame","floor":3},{"not_picked":["hexamod:NightmareGuise","hexamod:SuperheatedStrike"],"picked":"hexamod:SpectersWail","floor":4},{"not_picked":["hexamod:ThirdSeal","hexamod:FourthSeal"],"picked":"hexamod:FirstSeal","floor":6},{"not_picked":["hexamod:SpectralAdrenaline","hexamod:NightmareGuise"],"picked":"hexamod:FifthSeal","floor":6}],"player_experience":588739,"relics_obtained":[],"event_choices":[{"damage_healed":0,"gold_gain":0,"player_choice":"Donut","damage_taken":0,"max_hp_gain":5,"max_hp_loss":0,"event_name":"Big Fish","floor":8,"gold_loss":0}],"is_beta":false,"boss_relics":[],"items_purged_floors":[],"is_endless":false,"potions_floor_spawned":[],"killed_by":"Gremlin Nob","ascension_level":1}}