{"host":"mp4nw1ahnxiisuiw","time":1614097509,"event":{"mods":["BaseMod","Block Reminder","Colored Map","Colored Powertips","Curses Come First","DeckTracker","Dio Mod","Koishi","Marisa????????","Minty Spire (QoL Compilation)","Quick Restart","Rare Cards Sparkle","Relic Sorter","Relic Stats","Remilia??????","Small Relic Pack","StSLib","Td1madao Mod"],"gold_per_floor":[111,111,111,122,122,147,147,177,231,556,567,583,583,583,583,583,583],"floor_reached":16,"language":"ENG","playtime":518,"items_purged":[],"score":133,"play_id":"b7c93b63-adac-45c8-936a-25c1f1fb8d6c","local_time":"20210223172509","is_ascension_mode":false,"campfire_choices":[{"data":"Provocative","floor":7,"key":"SMITH"},{"floor":13,"key":"REST"},{"floor":15,"key":"REST"}],"circlet_count":0,"master_deck":["Strike_C","Strike_C","Strike_C","Strike_C","Defend_C","Defend_C","Defend_C","Defend_C","Knight Kick","Chip","Reflection Mechanism+1","Fire Up","Provocative+1","Black Shadow","Chip Synthesis","Sub Weapons","Break Into"],"relics":["Apod","NeowsBlessing","The Courier","Odd Mushroom","Ancient Tea Set","Old Coin"],"acts_visited":["Exordium"],"potions_floor_usage":[8],"damage_taken":[{"damage":0.0,"enemies":"2 Louse","floor":1.0,"turns":1.0},{"damage":0.0,"enemies":"Small Slimes","floor":4.0,"turns":1.0},{"damage":0.0,"enemies":"Gremlin Nob","floor":6.0,"turns":1.0},{"damage":30,"enemies":"The Mushroom Lair","floor":8,"turns":6},{"damage":16,"enemies":"Lagavulin","floor":10,"turns":5},{"damage":0,"enemies":"Cultist","floor":11,"turns":3},{"damage":12,"enemies":"Blue Slaver","floor":12,"turns":3},{"damage":65,"enemies":"Slime Boss","floor":16,"turns":8}],"seed_played":"5702412517555877004","potions_obtained":[{"floor":1.0,"key":"Fire Potion"},{"floor":10,"key":"DistilledChaos"},{"floor":11,"key":"Fruit Juice"}],"is_trial":false,"path_per_floor":["M","?","?","M","?","E","R","?","T","E","M","M","R","?","R","B"],"character_chosen":"TD1MADAO_CLASS","items_purchased":[],"campfire_rested":2,"item_purchase_floors":[],"current_hp_per_floor":[70,75,75,75,75,75,75,45,45,29,29,17,39,39,61,0,0],"gold":583,"neow_bonus":"THREE_ENEMY_KILL","is_daily":false,"chose_seed":false,"campfire_upgraded":1,"win_rate":0.0,"timestamp":1614097509,"path_taken":["M","?","?","M","?","E","R","?","T","E","M","M","R","?","R","BOSS"],"items_purchased_type":[],"build_version":"2020-12-22","purchased_purges":0,"victory":false,"max_hp_per_floor":[70,75,75,75,75,75,75,75,75,75,75,75,75,75,75,75,75],"relic_stats":{"counters":[8,26],"obtain_stats":[{"NeowsBlessing":0,"The Courier":6,"Apod":0,"Odd Mushroom":8,"Ancient Tea Set":9,"Old Coin":10},{"NeowsBlessing":0,"The Courier":3,"Apod":0,"Odd Mushroom":4,"Ancient Tea Set":4,"Old Coin":5},{"NeowsBlessing":0,"The Courier":3,"Apod":0,"Odd Mushroom":8,"Ancient Tea Set":8,"Old Coin":13}]},"card_choices":[{"not_picked":["Floating Even","Gravity Defend"],"picked":"Reflection Mechanism","floor":1.0},{"not_picked":["Twin Teeth","Judgment"],"picked":"Fire Up","floor":4.0},{"not_picked":["Sudden Beat","White Contract"],"picked":"Provocative","floor":6.0},{"not_picked":["Cursed Blade","White Contract"],"picked":"Black Shadow","floor":8},{"not_picked":["Rupture","Reinforcement Parts"],"picked":"Chip Synthesis","floor":10},{"not_picked":["Floating Even","Transfer Energy"],"picked":"Sub Weapons","floor":11},{"not_picked":["Preloading","Lore"],"picked":"Break Into","floor":12}],"player_experience":107202,"relics_obtained":[{"floor":6.0,"key":"The Courier"},{"floor":8,"key":"Odd Mushroom"},{"floor":9,"key":"Ancient Tea Set"},{"floor":10,"key":"Old Coin"}],"event_choices":[{"damage_healed":0.0,"max_hp_gain":5.0,"max_hp_loss":0.0,"gold_gain":0.0,"event_name":"Big Fish","player_choice":"Donut","floor":2.0,"gold_loss":0.0,"damage_taken":0.0},{"damage_healed":0.0,"max_hp_gain":0.0,"max_hp_loss":0.0,"gold_gain":0.0,"event_name":"Living Wall","player_choice":"Grow","floor":3.0,"gold_loss":0.0,"damage_taken":0.0,"cards_upgraded":["Reflection Mechanism"]},{"damage_healed":0.0,"max_hp_gain":0.0,"max_hp_loss":0.0,"gold_gain":0.0,"event_name":"Golden Wing","player_choice":"Ignored","floor":5.0,"gold_loss":0.0,"damage_taken":0.0},{"damage_healed":0,"gold_gain":0,"player_choice":"Fought Mushrooms","damage_taken":0,"max_hp_gain":0,"max_hp_loss":0,"event_name":"Mushrooms","floor":8,"gold_loss":0},{"damage_healed":0,"gold_gain":0,"player_choice":"Ignored","damage_taken":0,"max_hp_gain":0,"max_hp_loss":0,"event_name":"Liars Game","floor":14,"gold_loss":0}],"is_beta":false,"boss_relics":[],"items_purged_floors":[],"is_endless":false,"potions_floor_spawned":[1,10,11],"killed_by":"Slime Boss","ascension_level":0}}