{"host":"delta","time":1614066382,"event":{"mods":["Act Like it!","BaseMod","Lobotomy","Minty Spire (QoL Compilation)","StSLib","The Hierophant","WarShipGirlsR/战舰少女R mod","残留之物"],"gold_per_floor":[110,110,124,134,146,146,159,159,159,176,193,193,211,243,255,367,379,409,432,444,456,456],"floor_reached":21,"language":"ZHS","playtime":1532,"items_purged":[],"score":244,"play_id":"54842d16-f825-4717-bcc1-baf4a005d1f7","local_time":"20210223154622","is_ascension_mode":true,"campfire_choices":[],"circlet_count":0,"master_deck":["SpecialBullet","SpecialBullet","SpecialBullet","SpecialBullet","SpecialBullet","SpecialBullet","InformationCode","SecurityCode","ExtractionCode","Laetitia_ego","Regret_ego","FieryBird","LifeForTheDareDevil","CrumblingArmor","MHz","Wingbeat","InTheNameOfLoveAndHate","Wellcheers","FrostShard","TrainingCode","PunishingBird","ShedSkin","BeautyBeast","Pleasure","OldLady","FrostShard","BigBird","Spore","Yin","Amita","ControlCode","DaCapo","Mercenary","Pleasure","RedShoes","BearPaw+1","Shame"],"relics":["CogitoBucket","Strawberry","AdjustmentMirror","MawBank","PlaceholderMod:LiveLive","HellTrain","Pear"],"acts_visited":["Exordium","TheCity"],"potions_floor_usage":[],"damage_taken":[{"damage":19.0,"enemies":"Cultist","floor":1.0,"turns":4.0},{"damage":7.0,"enemies":"Jaw Worm","floor":3.0,"turns":2.0},{"damage":12.0,"enemies":"Small Slimes","floor":4.0,"turns":2.0},{"damage":19.0,"enemies":"Blue Slaver","floor":5.0,"turns":3.0},{"damage":2.0,"enemies":"Large Slime","floor":7.0,"turns":4.0},{"damage":19.0,"enemies":"Exordium Thugs","floor":10.0,"turns":8.0},{"damage":0.0,"enemies":"Exordium Wildlife","floor":11.0,"turns":3.0},{"damage":12.0,"enemies":"2 Fungi Beasts","floor":13.0,"turns":2.0},{"damage":34.0,"enemies":"Lagavulin","floor":14.0,"turns":6.0},{"damage":52.0,"enemies":"Hexaghost","floor":16.0,"turns":7.0},{"damage":52.0,"enemies":"Shell Parasite","floor":18.0,"turns":9.0},{"damage":26.0,"enemies":"2 Thieves","floor":19.0,"turns":4.0},{"damage":0,"enemies":"Sentry and Sphere","floor":21,"turns":1}],"seed_played":"7873790526761806164","potions_obtained":[{"floor":1.0,"key":"SpeedPotion"},{"floor":3.0,"key":"SkillPotion"},{"floor":5.0,"key":"DistilledChaos"},{"floor":7.0,"key":"DistilledChaos"}],"is_trial":false,"path_per_floor":["M","$","M","M","M","R","M","R","T","M","M","R","M","E","R","B",null,"M","M","?","M"],"character_chosen":"Angela","items_purchased":[],"campfire_rested":0,"item_purchase_floors":[],"current_hp_per_floor":[59,59,52,40,29,29,35,35,42,37,51,51,56,63,63,20,77,67,77,87,0,0],"gold":456,"neow_bonus":"TRANSFORM_TWO_CARDS","is_daily":false,"chose_seed":false,"campfire_upgraded":0,"win_rate":0.0,"timestamp":1614066382,"path_taken":["M","?","M","M","M","R","M","R","T","M","M","R","?","E","R","BOSS","M","M","?","M"],"items_purchased_type":[],"build_version":"2020-12-18","purchased_purges":0,"victory":false,"max_hp_per_floor":[70,70,70,70,70,70,70,70,77,77,77,77,77,77,77,77,77,77,77,87,87,87],"card_choices":[{"not_picked":["OSAHOGD","GreedKing"],"picked":"FieryBird","floor":1.0},{"not_picked":["BloodyDesire"],"picked":"LifeForTheDareDevil","floor":1.0},{"not_picked":["GreenStem","Regret_ego"],"picked":"SKIP","floor":1.0},{"not_picked":["MeatLantern","HappyTeddy"],"picked":"CrumblingArmor","floor":3.0},{"not_picked":["Tough","Regret_ego"],"picked":"SKIP","floor":3.0},{"not_picked":["Scorched","FairyFestival"],"picked":"MHz","floor":4.0},{"not_picked":["RedEyes"],"picked":"Wingbeat","floor":4.0},{"not_picked":["Tough","CUTE"],"picked":"InTheNameOfLoveAndHate","floor":5.0},{"not_picked":["Murderer","FairyFestival"],"picked":"Wellcheers","floor":5.0},{"not_picked":["BearPaw","Soda"],"picked":"FrostShard","floor":5.0},{"not_picked":["WallGazer","CherryBlossoms"],"picked":"PunishingBird","floor":7.0},{"not_picked":["WristCuter","Lantern"],"picked":"ShedSkin","floor":7.0},{"not_picked":["MeatLantern","Scorched"],"picked":"BeautyBeast","floor":10.0},{"not_picked":["Lantern","RedEyes"],"picked":"Pleasure","floor":10.0},{"not_picked":["Funeral","ShyLook"],"picked":"OldLady","floor":11.0},{"not_picked":["Spore","FeatherOfHonor"],"picked":"FrostShard","floor":11.0},{"not_picked":["Bloodbath","WallGazer"],"picked":"BigBird","floor":13.0},{"not_picked":["RedEyes","Harmony"],"picked":"Spore","floor":13.0},{"not_picked":["Woodsman","MeatLantern"],"picked":"Yin","floor":14.0},{"not_picked":["CUTE","CherryBlossom"],"picked":"Amita","floor":14.0},{"not_picked":["Adoration","Justitia"],"picked":"DaCapo","floor":16.0},{"not_picked":["CherryBlossoms","ShyLook"],"picked":"Mercenary","floor":18.0},{"not_picked":["CUTE","Lantern"],"picked":"Pleasure","floor":18.0},{"not_picked":["Funeral","UniverseFragment"],"picked":"RedShoes","floor":19.0},{"not_picked":["GrinderMk4","ShedSkin+1"],"picked":"BearPaw+1","floor":19.0}],"player_experience":348728,"relics_obtained":[{"floor":9.0,"key":"Strawberry"},{"floor":14.0,"key":"MawBank"}],"event_choices":[{"damage_healed":0,"gold_gain":0,"player_choice":"Stole Relic","damage_taken":0,"relics_obtained":["Pear"],"max_hp_gain":0,"max_hp_loss":0,"event_name":"Addict","floor":20,"gold_loss":0,"cards_obtained":["Shame"]}],"is_beta":true,"boss_relics":[{"not_picked":["Calling Bell","Velvet Choker"],"picked":"PlaceholderMod:LiveLive"}],"items_purged_floors":[],"is_endless":false,"potions_floor_spawned":[1,3,5,7,13,16,19],"killed_by":"Sentry and Sphere","ascension_level":1}}