{"host":"e8hwgc5hwysw32tq","time":1614064338,"event":{"mods":["BaseMod","Downfall","Googly Eyes","Minty Spire (QoL Compilation)","StSLib","Together in Spire"],"gold_per_floor":[110,110,130,148,162,162,190,190,190,173,208,224,256,276,276,376,376,387,387,14,14,14,49,49,45,45,56,67,87,113,13,13,110,110,121,121,141,141,159,188,201,236,236,42,42,42,53,153,153,153,153,153,3,38,38,38],"floor_reached":55,"language":"ENG","playtime":3815,"items_purged":["Clumsy","Corpse Explosion","Clumsy","Survivor"],"score":514,"play_id":"3bd1c457-c302-4d74-a903-5de42ac823bc","local_time":"20210222231218","is_ascension_mode":false,"campfire_choices":[{"data":"Burst","floor":6.0,"key":"SMITH"},{"data":"Leg Sweep","floor":8.0,"key":"SMITH"},{"floor":15.0,"key":"REST"},{"data":"Night Terror","floor":24.0,"key":"SMITH"},{"data":"Setup","floor":32.0,"key":"SMITH"},{"data":"Riddle With Holes","floor":45.0,"key":"SMITH"},{"data":"Distraction","floor":49,"key":"SMITH"},{"data":"Phantasmal Killer","floor":52,"key":"SMITH"}],"circlet_count":0,"master_deck":["Neutralize","Burst+1","Backflip","Prepared","Distraction+1","Outmaneuver","Setup+1","Leg Sweep+1","Die Die Die","Terror","Riddle With Holes+1","Night Terror+1","Acrobatics","Storm of Steel","Quick Slash","Leg Sweep","All Out Attack","Backstab","Endless Agony","Corpse Explosion","Dash","Dash+1","Skewer+1","Tools of the Trade","Madness","Madness","Phantasmal Killer+1","Predator+1","Bullet Time"],"relics":["Ring of the Snake","Incense Burner","Shuriken","StoneCalendar","Pandora\u0027s Box","Molten Egg 2","White Beast Statue","Eternal Feather","InkBottle","Cursed Key","Bottled Lightning","Pantograph","Ginger","Letter Opener"],"acts_visited":["TheEnding"],"potions_floor_usage":[47,47,54,54,55],"damage_taken":[{"damage":0.0,"enemies":"Jaw Worm","floor":1.0,"turns":2.0},{"damage":0.0,"enemies":"Cultist","floor":3.0,"turns":3.0},{"damage":0.0,"enemies":"Small Slimes","floor":4.0,"turns":2.0},{"damage":5.0,"enemies":"Blue Slaver","floor":5.0,"turns":3.0},{"damage":18.0,"enemies":"Gremlin Nob","floor":7.0,"turns":3.0},{"damage":7.0,"enemies":"Exordium Thugs","floor":10.0,"turns":7.0},{"damage":14.0,"enemies":"3 Sentries","floor":11.0,"turns":6.0},{"damage":9.0,"enemies":"Large Slime","floor":12.0,"turns":4.0},{"damage":1.0,"enemies":"Gremlin Nob","floor":13.0,"turns":2.0},{"damage":0.0,"enemies":"Red Slaver","floor":14.0,"turns":1.0},{"damage":26.0,"enemies":"Hexaghost","floor":16.0,"turns":6.0},{"damage":2.0,"enemies":"Spheric Guardian","floor":18.0,"turns":4.0},{"damage":10.0,"enemies":"Gremlin Leader","floor":23.0,"turns":2.0},{"damage":5.0,"enemies":"2 Thieves","floor":25.0,"turns":2.0},{"damage":0.0,"enemies":"3 Cultists","floor":27.0,"turns":1.0},{"damage":0.0,"enemies":"Snecko","floor":28.0,"turns":2.0},{"damage":0.0,"enemies":"Sentry and Sphere","floor":29.0,"turns":3.0},{"damage":3.0,"enemies":"Slavers","floor":30.0,"turns":4.0},{"damage":15.0,"enemies":"Collector","floor":33.0,"turns":6.0},{"damage":4.0,"enemies":"3 Shapes","floor":35.0,"turns":1.0},{"damage":0.0,"enemies":"3 Darklings","floor":37.0,"turns":2.0},{"damage":0.0,"enemies":"Spire Growth","floor":39.0,"turns":2.0},{"damage":0.0,"enemies":"Giant Head","floor":40.0,"turns":3.0},{"damage":0.0,"enemies":"Jaw Worm Horde","floor":41.0,"turns":1.0},{"damage":3.0,"enemies":"Nemesis","floor":42.0,"turns":4.0},{"damage":0,"enemies":"4 Shapes","floor":47,"turns":2},{"damage":0,"enemies":"Time Eater","floor":50,"turns":5},{"damage":8,"enemies":"Shield and Spear","floor":54,"turns":4},{"damage":92,"enemies":"The Heart","floor":55,"turns":3}],"seed_played":"7531266916530286374","potions_obtained":[{"floor":4.0,"key":"champ:CounterPotion"},{"floor":11.0,"key":"BlessingOfTheForge"},{"floor":12.0,"key":"champ:CounterPotion"},{"floor":14.0,"key":"GamblersBrew"},{"floor":16.0,"key":"Guardian:BlockOnCardUsePotion"},{"floor":25.0,"key":"Guardian:BlockOnCardUsePotion"},{"floor":27.0,"key":"Guardian:BlockOnCardUsePotion"},{"floor":29.0,"key":"Regen Potion"},{"floor":30.0,"key":"Guardian:BlockOnCardUsePotion"},{"floor":37.0,"key":"SkillPotion"},{"floor":47,"key":"Guardian:BlockOnCardUsePotion"},{"floor":54,"key":"SkillPotion"}],"is_trial":false,"path_per_floor":["M","?","M","M","M","R","E","R","T","M","E","M","E","M","R","B",null,"M","?","$","?","?","E","R","M","T","M","M","M","E","$","R","B",null,"M","$","M","?","M","E","M","E","T","$","R","T","M","?","R","B",null,"R","$","E","B"],"character_chosen":"THE_SILENT","items_purchased":["Molten Egg 2","Dash+1","Predator+1"],"campfire_rested":1,"item_purchase_floors":[20,20,44],"current_hp_per_floor":[70,70,70,70,65,65,47,47,47,40,26,17,16,16,37,11,70,68,55,55,55,55,45,45,40,40,40,40,40,42,42,54,39,75,71,71,71,62,62,62,62,59,59,59,74,74,74,74,75,75,75,75,75,67,0,0],"gold":38,"neow_bonus":"THREE_RARE_CARDS","is_daily":false,"chose_seed":false,"campfire_upgraded":7,"win_rate":0.0,"timestamp":1614064338,"path_taken":["M","?","?","?","M","R","E","R","T","?","E","M","E","M","R","BOSS","M","?","$","?","?","E","R","M","T","M","M","M","E","$","R","BOSS","M","$","M","?","M","E","M","E","T","$","R","?","M","?","R","BOSS","R","$","E","BOSS"],"items_purchased_type":["Relic","Card","Card"],"build_version":"2020-12-22","purchased_purges":4,"victory":false,"max_hp_per_floor":[70,70,70,70,70,70,70,70,70,70,70,70,70,70,70,70,70,70,75,75,75,75,75,75,75,75,75,75,75,75,75,75,75,75,75,75,75,75,75,75,75,75,75,75,75,75,75,75,75,75,75,75,75,75,75,75],"card_choices":[{"not_picked":["Corpse Explosion","Adrenaline"],"picked":"Burst","floor":0.0},{"not_picked":["Expertise","Flying Knee"],"picked":"Backflip","floor":1.0},{"not_picked":["Prepared","Choke"],"picked":"Distraction","floor":3.0},{"not_picked":["Deflect","Cloak And Dagger"],"picked":"Outmaneuver","floor":4.0},{"not_picked":["Deflect","Footwork"],"picked":"Setup","floor":5.0},{"not_picked":["Deadly Poison","Deflect"],"picked":"Leg Sweep","floor":7.0},{"not_picked":["PiercingWail","Acrobatics"],"picked":"Die Die Die","floor":10.0},{"not_picked":["Tactician","PiercingWail"],"picked":"Terror","floor":11.0},{"not_picked":["Calculated Gamble","Dagger Spray"],"picked":"Riddle With Holes","floor":12.0},{"not_picked":["Slice","Deadly Poison","Corpse Explosion"],"picked":"SKIP","floor":13.0},{"not_picked":["Outmaneuver","Deflect","Bane"],"picked":"SKIP","floor":14.0},{"not_picked":["Corpse Explosion","Tools of the Trade"],"picked":"Night Terror","floor":16.0},{"not_picked":["Flying Knee","Quick Slash"],"picked":"Dash","floor":18.0},{"not_picked":["Blade Dance","Sucker Punch+1"],"picked":"Skewer+1","floor":23.0},{"not_picked":["Dodge and Roll","Sucker Punch+1","Dagger Throw+1"],"picked":"SKIP","floor":25.0},{"not_picked":["Dodge and Roll","Caltrops","Dagger Throw+1"],"picked":"SKIP","floor":27.0},{"not_picked":["Dodge and Roll","Caltrops","Dagger Throw+1"],"picked":"SKIP","floor":28.0},{"not_picked":["Finisher+1","Bane+1","Grand Finale+1"],"picked":"SKIP","floor":29.0},{"not_picked":["Dodge and Roll","Caltrops","Dagger Throw+1"],"picked":"SKIP","floor":30.0},{"not_picked":["Corpse Explosion","Night Terror"],"picked":"Tools of the Trade","floor":33.0},{"not_picked":["Dodge and Roll","Sucker Punch+1","Dagger Throw+1"],"picked":"SKIP","floor":35.0},{"not_picked":["Deflect+1","Cloak And Dagger","Grand Finale+1"],"picked":"SKIP","floor":37.0},{"not_picked":["Dagger Throw+1","Acrobatics+1","Choke+1"],"picked":"SKIP","floor":39.0},{"not_picked":["Escape Plan","Caltrops+1","Flying Knee+1"],"picked":"SKIP","floor":40.0},{"not_picked":["Slice+1","Catalyst","Acrobatics+1"],"picked":"SKIP","floor":41.0},{"not_picked":["Tactician+1","PiercingWail+1"],"picked":"Phantasmal Killer","floor":42.0},{"not_picked":["Dodge and Roll","Sucker Punch+1","Dagger Throw+1"],"picked":"SKIP","floor":47},{"not_picked":["Backflip+1","Grand Finale+1"],"picked":"Bullet Time","floor":54}],"player_experience":474958,"relics_obtained":[{"floor":7.0,"key":"Incense Burner"},{"floor":11.0,"key":"Shuriken"},{"floor":13.0,"key":"StoneCalendar"},{"floor":23.0,"key":"White Beast Statue"},{"floor":26.0,"key":"Eternal Feather"},{"floor":30.0,"key":"InkBottle"},{"floor":40.0,"key":"Bottled Lightning"},{"floor":42.0,"key":"Pantograph"},{"floor":43.0,"key":"Ginger"},{"floor":54,"key":"Letter Opener"}],"event_choices":[{"damage_healed":0.0,"max_hp_gain":0.0,"max_hp_loss":0.0,"gold_gain":0.0,"cards_transformed":["Defend_G"],"event_name":"Transmorgrifier","player_choice":"Transformed","floor":2.0,"gold_loss":0.0,"damage_taken":0.0,"cards_obtained":["Prepared"]},{"damage_healed":0.0,"max_hp_gain":5.0,"max_hp_loss":0.0,"gold_gain":0.0,"event_name":"Forgotten Altar","player_choice":"Shed Blood","floor":19.0,"gold_loss":0.0,"damage_taken":18.0},{"damage_healed":0.0,"max_hp_gain":0.0,"max_hp_loss":0.0,"gold_gain":0.0,"event_name":"Vampires","player_choice":"Ignored","floor":22.0,"gold_loss":0.0,"damage_taken":0.0},{"damage_healed":0.0,"max_hp_gain":0.0,"max_hp_loss":0.0,"gold_gain":0.0,"event_name":"Winding Halls","player_choice":"Embrace Madness","floor":38.0,"gold_loss":0.0,"damage_taken":9.0,"cards_obtained":["Madness","Madness"]},{"damage_healed":0,"gold_gain":100,"player_choice":"Pray","damage_taken":0,"max_hp_gain":0,"max_hp_loss":0,"event_name":"Golden Shrine","floor":48,"gold_loss":0}],"is_beta":false,"boss_relics":[{"not_picked":["Coffee Dripper","SlaversCollar"],"picked":"Pandora\u0027s Box"},{"not_picked":["Fusion Hammer","Black Star"],"picked":"Cursed Key"}],"items_purged_floors":[20,31,44,53],"is_endless":false,"potions_floor_spawned":[4,11,12,14,16,25,27,28,29,30,33,35,37,39,40,41,42,47,54],"killed_by":"The Heart","ascension_level":0}}