{"host":"f0gpob8hq9vgebej","time":1614065526,"event":{"mods":["AchievementEnabler","BaseMod","Minty Spire (QoL Compilation)","Quick Restart","SuperFastMode"],"gold_per_floor":[110,128,138,149,165,165,165,165,240,240,254,274,288,308,308,381,381,397,407,418,418,418],"floor_reached":21,"language":"KOR","playtime":707,"items_purged":[],"score":331,"play_id":"a88c80f8-5c4c-4716-8536-bf912a5c97b6","local_time":"20210223163206","is_ascension_mode":true,"campfire_choices":[{"data":"Choke","floor":6,"key":"SMITH"},{"data":"Neutralize","floor":8,"key":"SMITH"},{"data":"Accuracy","floor":15,"key":"SMITH"}],"circlet_count":0,"master_deck":["AscendersBane","Strike_G","Strike_G","Strike_G","Strike_G","Strike_G","Defend_G","Defend_G","Defend_G","Defend_G","Defend_G","Survivor","Neutralize+1","Terror","Backstab","Accuracy+1","PiercingWail","Choke+1","Blade Dance","Glass Knife","Dagger Spray","Cloak And Dagger","Bullet Time","Footwork","PiercingWail"],"relics":["Ring of the Snake","Omamori","Letter Opener","Calling Bell","PreservedInsect","Blue Candle","Du-Vu Doll"],"acts_visited":["Exordium","TheCity"],"potions_floor_usage":[5,16,16,20],"damage_taken":[{"damage":7,"enemies":"Small Slimes","floor":1,"turns":5},{"damage":0,"enemies":"2 Louse","floor":2,"turns":2},{"damage":4,"enemies":"Jaw Worm","floor":3,"turns":4},{"damage":1,"enemies":"2 Fungi Beasts","floor":4,"turns":5},{"damage":0,"enemies":"Gremlin Gang","floor":5,"turns":4},{"damage":0,"enemies":"Large Slime","floor":11,"turns":5},{"damage":2,"enemies":"Blue Slaver","floor":12,"turns":3},{"damage":8,"enemies":"Exordium Thugs","floor":13,"turns":3},{"damage":12,"enemies":"Large Slime","floor":14,"turns":4},{"damage":9,"enemies":"Slime Boss","floor":16,"turns":8},{"damage":24,"enemies":"Shell Parasite","floor":18,"turns":4},{"damage":11,"enemies":"3 Byrds","floor":19,"turns":6},{"damage":24,"enemies":"Cultist and Chosen","floor":20,"turns":9},{"damage":0,"enemies":"Cultist and Chosen","floor":21,"turns":1}],"seed_played":"-3024641029455120759","potions_obtained":[{"floor":1,"key":"SteroidPotion"},{"floor":3,"key":"LiquidBronze"},{"floor":5,"key":"Poison Potion"},{"floor":13,"key":"Regen Potion"},{"floor":14,"key":"Strength Potion"},{"floor":19,"key":"LiquidMemories"},{"floor":20,"key":"Weak Potion"}],"is_trial":false,"path_per_floor":["M","M","M","M","M","R","?","R","T","?","M","M","M","M","R","B",null,"M","M","M","?"],"character_chosen":"THE_SILENT","items_purchased":[],"campfire_rested":0,"item_purchase_floors":[],"current_hp_per_floor":[52,52,48,47,47,47,52,52,52,52,52,50,42,30,30,36,62,38,27,3,3,3],"gold":418,"neow_bonus":"RANDOM_COMMON_RELIC","is_daily":false,"chose_seed":false,"campfire_upgraded":3,"win_rate":0.0,"timestamp":1614065526,"path_taken":["M","M","M","M","M","R","?","R","T","?","M","M","M","M","R","BOSS","M","M","M","?"],"items_purchased_type":[],"build_version":"2020-12-22","purchased_purges":0,"victory":false,"max_hp_per_floor":[66,66,66,66,66,66,71,71,71,71,71,71,71,71,71,71,71,71,71,71,71,71],"card_choices":[{"not_picked":["Deadly Poison","Cloak And Dagger"],"picked":"Terror","floor":1},{"not_picked":["Deflect","Poisoned Stab"],"picked":"Backstab","floor":2},{"not_picked":["Skewer","Acrobatics"],"picked":"Accuracy","floor":3},{"not_picked":["Concentrate","Finisher"],"picked":"PiercingWail","floor":4},{"not_picked":["Acrobatics","Backflip"],"picked":"Choke","floor":5},{"not_picked":["Poisoned Stab","Setup"],"picked":"Blade Dance","floor":11},{"not_picked":["Distraction","Backflip"],"picked":"Glass Knife","floor":12},{"not_picked":["Deadly Poison","Endless Agony"],"picked":"Dagger Spray","floor":13},{"not_picked":["Slice","Flying Knee"],"picked":"Cloak And Dagger","floor":14},{"not_picked":["Doppelganger","Unload"],"picked":"Bullet Time","floor":16},{"not_picked":["Blade Dance","Underhanded Strike"],"picked":"Footwork","floor":18},{"not_picked":["Cloak And Dagger","Flying Knee+1"],"picked":"PiercingWail","floor":19},{"not_picked":["Dagger Throw","Crippling Poison","PiercingWail"],"picked":"SKIP","floor":20}],"player_experience":395283,"relics_obtained":[{"floor":9,"key":"Letter Opener"},{"floor":17,"key":"PreservedInsect"},{"floor":17,"key":"Blue Candle"},{"floor":17,"key":"Du-Vu Doll"}],"event_choices":[{"damage_healed":0,"gold_gain":0,"player_choice":"Donut","damage_taken":0,"max_hp_gain":5,"max_hp_loss":0,"event_name":"Big Fish","floor":7,"gold_loss":0},{"damage_healed":0,"gold_gain":0,"player_choice":"Ignored","damage_taken":0,"max_hp_gain":0,"max_hp_loss":0,"event_name":"Liars Game","floor":10,"gold_loss":0}],"is_beta":false,"boss_relics":[{"not_picked":["Ectoplasm","SlaversCollar"],"picked":"Calling Bell"}],"items_purged_floors":[],"is_endless":false,"potions_floor_spawned":[1,3,5,13,14,19,20],"killed_by":"Cultist and Chosen","ascension_level":17}}