{"host":"ty9fb48q9oru32qm","time":1614096854,"event":{"mods":["2.2 Compatiblity","AchievementEnabler","Act Like it!","Astrologer","BaseMod","Beaked The Cultist","Better Synergies","Block Reminder","Colored Powertips","Conspire","DeckTracker","Downfall","Friendly Minions","GifTheSpireLib","Hermit","Hubris","Infinite Spire","Jorbs\u0027s Wanderer Trilogy","Marisa????????","Minty Spire (QoL Compilation)","Permanent Neow","Quick Restart","Random Character Button","Reliquary","Replay The Spire","Somnambulant","StSLib","Stuff the Spire","The Cursed","The Marked","The Runesmith","TheVacant"],"gold_per_floor":[112,131,131,149,159,159,172,205,232,232,247,260,260,260],"floor_reached":13,"language":"ENG","playtime":873,"items_purged":[],"score":139,"play_id":"c7170961-5b0b-4f81-914f-1ccfdceac6c6","local_time":"20210223171414","is_ascension_mode":false,"campfire_choices":[{"data":"Chaos","floor":6,"key":"SMITH"}],"circlet_count":0,"master_deck":["conspire:GhostlyStrike","conspire:GhostlyStrike","conspire:GhostlyStrike","conspire:GhostlyStrike","conspire:GhostlyDefend","conspire:GhostlyDefend","conspire:GhostlyDefend","conspire:GhostlyDefend","Zap+1","Dualcast","Hologram","Chaos+1","Streamline","Redo","Tempest","Self Repair","StuffTheSpire:ShieldGenerator"],"relics":["Cracked Core","Vajra","reliquary:Knoch"],"acts_visited":["Exordium"],"potions_floor_usage":[13],"damage_taken":[{"damage":7,"enemies":"infinitespire:Voidling","floor":1,"turns":3},{"damage":0,"enemies":"conspire:RoseBush","floor":2,"turns":2},{"damage":1,"enemies":"Cultist","floor":4,"turns":3},{"damage":5,"enemies":"Looter","floor":5,"turns":3},{"damage":8,"enemies":"2 Fungi Beasts","floor":7,"turns":3},{"damage":18,"enemies":"Lagavulin","floor":8,"turns":5},{"damage":19,"enemies":"Gremlin Gang","floor":11,"turns":4},{"damage":5,"enemies":"Looter","floor":12,"turns":3},{"damage":2,"enemies":"Gremlin Nob","floor":13,"turns":3}],"seed_played":"-6700556708365081994","potions_obtained":[{"floor":4,"key":"CultistPotion"},{"floor":5,"key":"sneckomod:MuddlingPotion"},{"floor":11,"key":"Energy Potion"}],"is_trial":false,"path_per_floor":["M","M","?","M","M","R","M","E","T","?","M","M","E"],"character_chosen":"DEFECT","items_purchased":[],"campfire_rested":0,"item_purchase_floors":[],"current_hp_per_floor":[72,72,65,64,59,59,51,33,33,33,14,16,14,14],"gold":260,"neow_bonus":"RANDOM_EVENT","is_daily":false,"chose_seed":false,"campfire_upgraded":1,"win_rate":0.0,"timestamp":1614096854,"path_taken":["M","?","?","M","?","R","M","E","T","?","M","M","E"],"items_purchased_type":[],"build_version":"2020-12-22","purchased_purges":0,"victory":false,"max_hp_per_floor":[75,75,75,75,75,75,75,75,75,75,75,75,75,75],"card_choices":[{"not_picked":["Stack","StuffTheSpire:LoadUp"],"picked":"Hologram","floor":1},{"not_picked":["Hologram","Stack"],"picked":"Chaos","floor":2},{"not_picked":["Panic Button","BasicCrystalCard"],"picked":"Streamline","floor":4},{"not_picked":["Hologram","StuffTheSpire:Purify"],"picked":"Redo","floor":5},{"not_picked":["BasicCrystalCard","ReplayTheSpireMod:Dual Polarity","Barrage"],"picked":"SKIP","floor":7},{"not_picked":["Biased Cognition","Lockon"],"picked":"Tempest","floor":8},{"not_picked":["Fusion","Leap"],"picked":"Self Repair","floor":11},{"not_picked":["Rebound","Time Bomb"],"picked":"StuffTheSpire:ShieldGenerator","floor":12}],"player_experience":341630,"relics_obtained":[{"floor":8,"key":"Vajra"},{"floor":9,"key":"reliquary:Knoch"}],"event_choices":[{"damage_healed":0,"gold_gain":0,"player_choice":"Damaged","damage_taken":7,"max_hp_gain":0,"max_hp_loss":0,"event_name":"Wheel of Change","floor":3,"gold_loss":0},{"damage_healed":0,"gold_gain":0,"player_choice":"Agree","damage_taken":0,"max_hp_gain":0,"max_hp_loss":0,"event_name":"conspire:LoneGhost","floor":10,"gold_loss":0}],"is_beta":false,"boss_relics":[],"items_purged_floors":[],"is_endless":false,"potions_floor_spawned":[4,5,11],"killed_by":"Gremlin Nob","ascension_level":0}}