{"host":"pletss163z7s8pvv","time":1614057454,"event":{"mods":["AchievementEnabler","Act Like it!","AlwaysNeverKeys","BaseMod","Better Altar","Better Match","Better Note","Better Sensory Stone","Better Skull","Better Third Choice","BetterRewards","Bossed Relics","CapriCore","ChefMod","Colored Map","Colored Powertips","Conspire","Dio Mod","Displayed Cursed Tome","Energized Spire","Evolution","Gensokyo","GifTheSpireLib","Hallownest","Hermit","Ironclad Rager","Jedi Mod","Marisa????????","Marked Mod","Minty Spire (QoL Compilation)","Reliquary","Replay The Spire","Retaliation","Ruina","Somnambulant","Spicy Shops","StS++","StSLib","The Administrix","The Alterego","The Animator","The Blue Laboratory","The Bug Knight","The Construct","The Cursed","The Disciple","The Forsaken","The Hierophant","The Necromancer","The Saiyan","The Vixen","The Wild Card","TheVacant","Transform Curses"],"gold_per_floor":[114,10,23,33,56,56,68,80,80,111,111,125,230,240,240,345,345,355,367,2,15,34,34,34,54,54,72,106,106,138,22,22,120,120,130,149,159,19,39,39,55,75,121,121,136,201,201,217,217,217,217,217,11,11,11],"floor_reached":56,"language":"ENG","playtime":2257,"items_purged":["Regret","CommonCold","Hallownest:curseDreamersLament"],"score":1322,"play_id":"ac7cf83f-6d6a-4086-a9f8-531d88b60baa","local_time":"20210222231734","is_ascension_mode":false,"campfire_choices":[{"floor":6,"key":"RECALL"},{"data":"dioMod:SadisticLaugh","floor":11,"key":"SMITH"},{"data":"dioMod:DominatingPresence","floor":23,"key":"SMITH"},{"data":"dioMod:SecretPlan","floor":32,"key":"SMITH"},{"floor":40,"key":"REST"},{"data":"dioMod:KonoDioDa","floor":44,"key":"SMITH"},{"floor":47,"key":"REST"},{"data":"1","floor":49,"key":"LIFT"},{"data":"dioMod:DominatingPresence","floor":52,"key":"SMITH"}],"circlet_count":0,"master_deck":["dioMod:LaserVision","dioMod:LaserVision","dioMod:LaserVision+1","dioMod:Strike","Bite","dioMod:Defend+1","dioMod:Defend","dioMod:Defend","dioMod:Defend+1","dioMod:DominatingPresence+1","dioMod:Muda","dioMod:Hiss","dioMod:BloodTransfusion","dioMod:SecretPlan+1","dioMod:CautiousMuda","dioMod:GoodbyeJojo","dioMod:DoubleTime+1","dioMod:SadisticLaugh+1","dioMod:StreetSign","dioMod:Hiss","dioMod:Donut","dioMod:GoodbyeJojo+1","dioMod:DaggerToss","Parasite","dioMod:BloodSplash+1","dioMod:CautiousMuda+1","dioMod:VengefulMuda+1","dioMod:TripleThreat+1","dioMod:LaserVision+1","dioMod:SevenPageMuda","dioMod:TripleThreat+1","dioMod:KonoDioDa+1","Gensokyo:AllTheWorldsEvil","Gensokyo:AllTheWorldsEvil","dioMod:LaserVision+1","dioMod:Muda+1","dioMod:Muda+1","dioMod:DominatingPresence+1","dioMod:ComboFever","dioMod:Freeze+1","dioMod:BloodShield+1","dioMod:DoubleTime","dioMod:BloodShield+1","dioMod:Hiss+1","dioMod:Refresh","dioMod:Regeneration+1","dioMod:DaggerToss+1","Panache","dioMod:ComboFever"],"relics":["dioMod:VampireBlood","EVO:Axolotl","Thread and Needle","ReplayTheSpireMod:CursedCoin","Membership Card","Blue Candle","reliquary:Sod","War Paint","theForsaken:HumbleEgg","jedi:kaleidoscope","ReplayTheSpireMod:TigerMarble","StSpp:PetrifiedCaterpillar","Replay:Kaleidoscope","Anchor","Cauldron","Vajra","Replay:Ancient Bell","Pen Nib","Replay:WaspNest","Ginger","Mirror","conspire:TopHat","Girya","jedi:ominousloannote","reliquary:Buckler","jedi:firstaidkit","Replay:Accelerometer"],"acts_visited":["Exordium","Hallownest:Greenpath","Hallownest:CityofTears","TheEnding"],"potions_floor_usage":[10,33,33,46,54,55,55,55],"damage_taken":[{"damage":2,"enemies":"2_ Uuma","floor":1,"turns":3},{"damage":4,"enemies":"Hallownest:monsterHuskWarrior","floor":3,"turns":4},{"damage":0,"enemies":"Hallownest:2_Baldur","floor":4,"turns":2},{"damage":12,"enemies":"Hallownest:MossCreep_and_Mosskin","floor":7,"turns":4},{"damage":12,"enemies":"Hallownest:Guard_and_Warrior","floor":8,"turns":6},{"damage":14,"enemies":"Hallownest:eliteCrystalGuardian","floor":10,"turns":5},{"damage":2,"enemies":"Hallownest:monsterMossCharger","floor":12,"turns":3},{"damage":4,"enemies":"Hallownest:Wandering_and_Horned","floor":14,"turns":3},{"damage":13,"enemies":"Hallownest:BossFalseKnight","floor":16,"turns":6},{"damage":32,"enemies":"Hallownest:Flukemon_and_Top","floor":18,"turns":8},{"damage":9,"enemies":"Hallownest:2_Mistakes","floor":19,"turns":8},{"damage":2,"enemies":"Hallownest:Master_and_Novice","floor":21,"turns":2},{"damage":14,"enemies":"Hallownest:3_Mistakes","floor":22,"turns":5},{"damage":13,"enemies":"Hallownest:2_Flukemon","floor":25,"turns":4},{"damage":2,"enemies":"Hallownest:2_Husk_Sentries","floor":27,"turns":4},{"damage":38,"enemies":"Hallownest:eliteWatcherKnight","floor":28,"turns":10},{"damage":3,"enemies":"Hallownest:Nosk","floor":30,"turns":3},{"damage":36,"enemies":"Hallownest:BossMantisLord","floor":33,"turns":5},{"damage":34,"enemies":"Hallownest:3_Siblings","floor":35,"turns":4},{"damage":1,"enemies":"Hallownest:2_Littles","floor":36,"turns":2},{"damage":32,"enemies":"Hallownest:Slobbering_and_Violent","floor":37,"turns":4},{"damage":7,"enemies":"Hallownest:2_Wing_and_1_Kings","floor":39,"turns":3},{"damage":4,"enemies":"Hallownest:monsterPrimalAspid","floor":41,"turns":2},{"damage":1,"enemies":"Hallownest:Xero_Hu_Marmu","floor":42,"turns":2},{"damage":8,"enemies":"Hallownest:2_Wing_and_1_Kings","floor":45,"turns":4},{"damage":52,"enemies":"Hallownest:2_Primals","floor":46,"turns":3},{"damage":2,"enemies":"Hallownest:2_Wandering_and_1_Horned","floor":48,"turns":3},{"damage":72,"enemies":"Hallownest:BossHollowKnight","floor":50,"turns":5},{"damage":30,"enemies":"Shield and Spear","floor":54,"turns":5},{"damage":92,"enemies":"The Heart","floor":55,"turns":7}],"seed_played":"4511311837158487064","potions_obtained":[{"floor":7,"key":"AttackPotion"},{"floor":8,"key":"blueLaboratory:FruitPunch"},{"floor":12,"key":"blueLaboratory:RememoryPotion"},{"floor":14,"key":"Weak Potion"},{"floor":31,"key":"LiquidBronze"},{"floor":31,"key":"jedi:tentaclejuice"},{"floor":33,"key":"Strength Potion"},{"floor":35,"key":"blueLaboratory:BubblePotion"},{"floor":54,"key":"Ancient Potion"}],"is_trial":false,"path_per_floor":["M","$","M","M","T","R","M","M","T","E","R","M","?","M","R_BF","B",null,"M","M","$","M","M","R","?","M","T","M","E","?","E","$","R","B",null,"M","M","M","$","M","R","M","M","T","R","M","?","R","M","R","B",null,"R","$","E","B",null],"character_chosen":"THE_DEFAULT","items_purchased":["ReplayTheSpireMod:CursedCoin","Membership Card","dioMod:Muda","dioMod:Hiss","dioMod:BloodTransfusion","dioMod:SecretPlan","theForsaken:HumbleEgg","jedi:kaleidoscope","ReplayTheSpireMod:TigerMarble","dioMod:BloodSplash+1","Cauldron","Vajra","Mirror","dioMod:DominatingPresence","dioMod:ComboFever","jedi:ominousloannote","dioMod:Regeneration","dioMod:DaggerToss+1","reliquary:Buckler","conspire:TimeTravelPotion","jedi:firstaidkit","Panache"],"campfire_rested":2,"item_purchase_floors":[2,2,2,2,2,2,20,20,20,20,31,31,38,38,38,53,53,53,53,53,53,53],"current_hp_per_floor":[75,75,75,75,75,75,75,75,75,77,77,77,53,57,77,77,77,58,67,67,71,66,66,66,61,61,69,47,77,77,77,77,49,77,61,60,49,49,51,74,77,77,77,77,73,29,52,59,59,5,77,77,77,66,9],"gold":11,"neow_bonus":"ONE_RARE_RELIC","is_daily":false,"chose_seed":false,"campfire_upgraded":5,"win_rate":0.0,"timestamp":1614057454,"path_taken":["M","$","?","?","?","R","M","?","T","E","R","M","?","M","R_BF","BOSS","M","M","$","M","?","R","?","M","T","M","E","?","E","?","R","BOSS","M","M","M","$","M","R","M","M","T","R","M","?","R","M","R","BOSS","R","$","E","BOSS"],"items_purchased_type":["Relic","Relic","Card","Card","Card","Card","Relic","Relic","Relic","Card","Relic","Relic","Relic","Card","Card","Relic","Card","Card","Relic","Potion","Relic","Card"],"build_version":"2020-12-22","purchased_purges":3,"victory":true,"max_hp_per_floor":[75,75,75,75,75,75,75,75,75,77,77,77,77,77,77,77,77,77,77,77,77,77,77,77,77,77,77,77,77,77,77,77,77,77,77,77,77,77,77,77,77,77,77,77,77,77,77,77,77,77,77,77,77,77,77],"card_choices":[{"not_picked":["dioMod:Hiss","dioMod:BlendIn"],"picked":"dioMod:DominatingPresence","floor":1},{"not_picked":["dioMod:SecretPlan","dioMod:Pluck"],"picked":"dioMod:CautiousMuda","floor":3},{"not_picked":["dioMod:CautiousMuda","dioMod:Diversion"],"picked":"dioMod:GoodbyeJojo","floor":4},{"not_picked":["dioMod:Minions","dioMod:Hiss"],"picked":"dioMod:DoubleTime","floor":7},{"not_picked":["dioMod:WRYYY","dioMod:Hiss"],"picked":"dioMod:SadisticLaugh","floor":8},{"not_picked":["dioMod:HeavyLifting","dioMod:BlendIn"],"picked":"dioMod:StreetSign","floor":10},{"not_picked":["dioMod:BloodTransfusion","dioMod:DarkRebirth"],"picked":"dioMod:Hiss","floor":12},{"not_picked":["dioMod:DaggerSpree","dioMod:GoodbyeJojo"],"picked":"dioMod:Donut","floor":14},{"not_picked":["dioMod:Regeneration","dioMod:KonoDioDa"],"picked":"dioMod:PathToHeaven","floor":16},{"not_picked":["dioMod:DoubleTime","dioMod:DaggerToss+1"],"picked":"dioMod:GoodbyeJojo+1","floor":18},{"not_picked":["dioMod:Diversion","dioMod:SecretPlan"],"picked":"dioMod:DaggerToss","floor":19},{"not_picked":["dioMod:GoodbyeJojo","dioMod:HeavyLifting+1"],"picked":"dioMod:CautiousMuda+1","floor":21},{"not_picked":["dioMod:WRYYY","dioMod:FlyAway+1"],"picked":"dioMod:VengefulMuda+1","floor":22},{"not_picked":["dioMod:FlyAway+1","dioMod:CautiousMuda+1"],"picked":"dioMod:TripleThreat+1","floor":25},{"not_picked":["dioMod:BloodShield+1","dioMod:TripleThreat+1"],"picked":"dioMod:LaserVision+1","floor":27},{"not_picked":["dioMod:DaggerSpree","dioMod:Roundabout+1"],"picked":"dioMod:SevenPageMuda","floor":28},{"not_picked":["dioMod:VengefulMuda+1","dioMod:BloodShield+1"],"picked":"dioMod:TripleThreat+1","floor":30},{"not_picked":["dioMod:Regeneration","dioMod:PathToHeaven"],"picked":"dioMod:KonoDioDa","floor":33},{"not_picked":["Sickly","SwitchThreat"],"picked":"Gensokyo:AllTheWorldsEvil","floor":34},{"not_picked":["Injury","Looming Evil"],"picked":"Gensokyo:AllTheWorldsEvil","floor":34},{"not_picked":["Hallucinations","Wraith"],"picked":"Hallownest:curseDreamersLament","floor":34},{"not_picked":["dioMod:HeavyLifting+1","dioMod:SlashThroughTime+1"],"picked":"dioMod:LaserVision+1","floor":35},{"not_picked":["dioMod:Hiss+1","dioMod:CutDeep"],"picked":"dioMod:Muda+1","floor":36},{"not_picked":["dioMod:Hiss+1","dioMod:SecretPlan+1"],"picked":"dioMod:Muda+1","floor":37},{"not_picked":["dioMod:SevenPageMuda","dioMod:FlyAway+1"],"picked":"dioMod:Freeze+1","floor":39},{"not_picked":["dioMod:Diversion","dioMod:DisarmingVoice"],"picked":"dioMod:BloodShield+1","floor":41},{"not_picked":["dioMod:TripleThreat+1","dioMod:CautiousMuda+1"],"picked":"dioMod:DoubleTime","floor":42},{"not_picked":["dioMod:SecretPlan+1","dioMod:Freeze"],"picked":"dioMod:BloodShield+1","floor":45},{"not_picked":["dioMod:GoodbyeJojo+1","dioMod:Pluck+1"],"picked":"dioMod:Hiss+1","floor":46},{"not_picked":["dioMod:Muda+1","dioMod:BloodShield+1"],"picked":"dioMod:Refresh","floor":48},{"not_picked":["dioMod:BlendIn+1","dioMod:HeavyLifting+1"],"picked":"dioMod:ComboFever","floor":54}],"player_experience":547278,"relics_obtained":[{"floor":9,"key":"Blue Candle"},{"floor":10,"key":"reliquary:Sod"},{"floor":26,"key":"StSpp:PetrifiedCaterpillar"},{"floor":28,"key":"Replay:Kaleidoscope"},{"floor":30,"key":"Anchor"},{"floor":43,"key":"conspire:TopHat"},{"floor":46,"key":"Girya"},{"floor":54,"key":"Replay:Accelerometer"}],"event_choices":[{"damage_healed":0,"gold_gain":105,"player_choice":"RE GO ","damage_taken":27,"relics_obtained":["War Paint"],"max_hp_gain":0,"max_hp_loss":0,"event_name":"betterSkull:BetterSkull","floor":13,"gold_loss":0,"cards_upgraded":[]},{"damage_healed":0,"gold_gain":0,"player_choice":"Leave","damage_taken":0,"max_hp_gain":0,"max_hp_loss":0,"event_name":"conspire:Investor","floor":24,"gold_loss":0}],"is_beta":false,"boss_relics":[{"not_picked":["Sozu","Runic Pyramid","Kintsugi"]},{"not_picked":["construct:WeddingRing","Pandora\u0027s Box"],"picked":"Replay:Ancient Bell"},{"not_picked":["CeramicFish","reliquary:SharkskinSheath"],"picked":"Pen Nib"},{"not_picked":["Meat on the Bone","Molten Egg 2"],"picked":"Replay:WaspNest"},{"not_picked":["Replay:PocketPolymizer","Torii"],"picked":"Ginger"}],"items_purged_floors":[2,20,53],"is_endless":false,"potions_floor_spawned":[7,8,12,14,19,22,30,33,35,39,42,54],"ascension_level":0}}