{"host":"ul0c1243uydmw2e7","time":1614116027,"event":{"mods":["BaseMod","Better Match","Better Sensory Stone","Better Silent Start","Better Third Choice","Better Vampires","Block Reminder","Bossed Relics","Minty Spire (QoL Compilation)","StSLib","Virulent Crown"],"gold_per_floor":[113,113,129,99,15,35,62,75,75,90,15,15,29,39,39,117,117,135,168,179,179,179,214,229,229,256,285,285,160,160,188,188,262,262,281,281,291,115,131,166,166,184,184,184,204,219,229,11,11,11,11,11,11,11,11,11],"floor_reached":55,"language":"ENG","playtime":2455,"items_purged":["Strike_R","Strike_R"],"score":1868,"play_id":"2d54cc89-38ab-437e-81ed-8752291a94c8","local_time":"20210223163347","is_ascension_mode":true,"campfire_choices":[{"data":"Inflame","floor":12.0,"key":"SMITH"},{"data":"Combust","floor":15.0,"key":"SMITH"},{"data":"Limit Break","floor":25.0,"key":"SMITH"},{"data":"Disarm","floor":28.0,"key":"SMITH"},{"data":"Shockwave","floor":30.0,"key":"SMITH"},{"data":"Whirlwind","floor":32.0,"key":"SMITH"},{"floor":41,"key":"RECALL"},{"data":"True Grit","floor":44,"key":"SMITH"},{"floor":49,"key":"REST"},{"floor":53,"key":"REST"}],"circlet_count":0,"master_deck":["AscendersBane","Strike_R+1","Strike_R","Strike_R+1","Defend_R","Defend_R","Defend_R","Defend_R","Bash","Twin Strike","Inflame+1","True Grit+1","Sword Boomerang","Shrug It Off","Shockwave+1","Carnage","Combust+1","Shrug It Off","Limit Break+1","Iron Wave+1","Disarm+1","Whirlwind+1","Headbutt","Metallicize","Shrug It Off","Regret","Shrug It Off","Evolve"],"relics":["Astrolabe","CaptainsWheel","Self Forming Clay","Velvet Choker","Red Mask","Meat on the Bone","Blue Candle","Strawberry","Singing Bowl","Red Skull","Cursed Key","Orichalcum","Oddly Smooth Stone"],"acts_visited":["Exordium","TheCity","TheBeyond","TheEnding"],"potions_floor_usage":[42,46,50],"damage_taken":[{"damage":1.0,"enemies":"2 Louse","floor":1.0,"turns":3.0},{"damage":0.0,"enemies":"Small Slimes","floor":3.0,"turns":2.0},{"damage":0.0,"enemies":"Cultist","floor":6.0,"turns":2.0},{"damage":8.0,"enemies":"Gremlin Nob","floor":7.0,"turns":3.0},{"damage":20.0,"enemies":"Exordium Thugs","floor":8.0,"turns":4.0},{"damage":8.0,"enemies":"3 Louse","floor":10.0,"turns":3.0},{"damage":0.0,"enemies":"Looter","floor":13.0,"turns":2.0},{"damage":2.0,"enemies":"Lots of Slimes","floor":14.0,"turns":3.0},{"damage":22.0,"enemies":"Slime Boss","floor":16.0,"turns":8.0},{"damage":3.0,"enemies":"Spheric Guardian","floor":18.0,"turns":4.0},{"damage":13.0,"enemies":"Masked Bandits","floor":19.0,"turns":5.0},{"damage":6.0,"enemies":"Shell Parasite","floor":20.0,"turns":3.0},{"damage":9.0,"enemies":"Slavers","floor":23.0,"turns":6.0},{"damage":12.0,"enemies":"Snake Plant","floor":24.0,"turns":4.0},{"damage":11.0,"enemies":"Gremlin Leader","floor":27.0,"turns":6.0},{"damage":13.0,"enemies":"Slavers","floor":31.0,"turns":5.0},{"damage":25.0,"enemies":"Collector","floor":33.0,"turns":6.0},{"damage":9.0,"enemies":"Orb Walker","floor":35.0,"turns":2.0},{"damage":13.0,"enemies":"3 Darklings","floor":37.0,"turns":4.0},{"damage":13.0,"enemies":"4 Shapes","floor":39.0,"turns":3.0},{"damage":48,"enemies":"Giant Head","floor":40,"turns":7},{"damage":4,"enemies":"Sphere and 2 Shapes","floor":42,"turns":4},{"damage":5,"enemies":"Transient","floor":45,"turns":6},{"damage":11,"enemies":"3 Darklings","floor":46,"turns":3},{"damage":20,"enemies":"Sphere and 2 Shapes","floor":47,"turns":7},{"damage":57,"enemies":"Donu and Deca","floor":50,"turns":11},{"damage":36,"enemies":"Awakened One","floor":51,"turns":11},{"damage":107,"enemies":"Shield and Spear","floor":55,"turns":6}],"seed_played":"-5511160118342639433","potions_obtained":[{"floor":1.0,"key":"DistilledChaos"},{"floor":4.0,"key":"FairyPotion"},{"floor":4.0,"key":"Energy Potion"},{"floor":13.0,"key":"DuplicationPotion"},{"floor":14.0,"key":"Block Potion"},{"floor":18.0,"key":"Energy Potion"},{"floor":20.0,"key":"ColorlessPotion"},{"floor":24.0,"key":"Block Potion"},{"floor":37.0,"key":"EntropicBrew"},{"floor":40,"key":"Fire Potion"},{"floor":42,"key":"AttackPotion"}],"is_trial":false,"path_per_floor":["M","?","M","?","$","M","E","M","T","M","$","R","M","M","R","B",null,"M","?","M","?","?","E","M","R","T","E","R","$","R","E","R","B",null,"M","?","M","$","M","E","R","M","T","R","M","M","M","$","R","B","B",null,"R","$","E"],"character_chosen":"IRONCLAD","items_purchased":["True Grit","Sword Boomerang","Combust","Headbutt","Metallicize","Oddly Smooth Stone","Block Potion"],"campfire_rested":2,"item_purchase_floors":[5,5,11,29,38,48,48],"current_hp_per_floor":[67,44,44,44,44,44,36,16,16,8,8,8,8,6,6,19,61,58,45,39,39,39,42,42,42,49,52,52,52,52,53,53,40,75,68,98,87,87,74,40,40,50,50,50,57,60,52,52,83,38,14,83,106,106,0,0],"gold":11,"neow_bonus":"BOSS_RELIC","is_daily":false,"chose_seed":false,"campfire_upgraded":7,"win_rate":0.0,"timestamp":1614116027,"path_taken":["M","?","M","?","$","M","E","M","T","M","$","R","M","?","R","BOSS","M","?","M","?","?","E","?","R","T","E","R","?","R","E","R","BOSS","M","?","M","$","?","E","R","M","T","R","M","M","M","$","R","BOSS","BOSS","R","$","E"],"items_purchased_type":["Card","Card","Card","Card","Card","Relic","Potion"],"build_version":"2020-12-22","purchased_purges":2,"victory":false,"max_hp_per_floor":[75,75,75,75,75,75,75,75,75,75,75,75,75,75,75,75,75,75,75,75,75,75,75,75,75,82,84,84,84,84,86,86,86,86,88,98,100,100,100,102,102,104,104,104,104,106,106,106,106,106,106,106,106,106,106,106],"card_choices":[{"not_picked":["Flex","Armaments"],"picked":"Twin Strike","floor":1.0},{"not_picked":["Searing Blow","Blood for Blood"],"picked":"Inflame","floor":3.0},{"not_picked":["Blood for Blood","True Grit","Dropkick"],"picked":"SKIP","floor":6.0},{"not_picked":["Reckless Charge","Hemokinesis"],"picked":"Shrug It Off","floor":7.0},{"not_picked":["Headbutt","Thunderclap"],"picked":"Shockwave","floor":8.0},{"not_picked":["Evolve","Headbutt"],"picked":"Carnage","floor":10.0},{"not_picked":["Burning Pact","Headbutt","Iron Wave"],"picked":"SKIP","floor":13.0},{"not_picked":["Fiend Fire","Clothesline"],"picked":"Shrug It Off","floor":14.0},{"not_picked":["Impervious","Barricade"],"picked":"Limit Break","floor":16.0},{"not_picked":["Flex+1","Fire Breathing"],"picked":"Iron Wave+1","floor":18.0},{"not_picked":["Shrug It Off","Pommel Strike"],"picked":"Disarm","floor":19.0},{"not_picked":["Seeing Red","Heavy Blade+1","Body Slam"],"picked":"SKIP","floor":20.0},{"not_picked":["Uppercut","Flex"],"picked":"Whirlwind","floor":23.0},{"not_picked":["Heavy Blade","Havoc","Dropkick"],"picked":"SKIP","floor":24.0},{"not_picked":["Burning Pact","Rampage","Flex"],"picked":"Singing Bowl","floor":27.0},{"not_picked":["Body Slam","Sword Boomerang","Warcry"],"picked":"Singing Bowl","floor":31.0},{"not_picked":["Juggernaut","Limit Break"],"picked":"Offering","floor":33.0},{"not_picked":["Headbutt","Evolve","Dropkick"],"picked":"Singing Bowl","floor":35.0},{"not_picked":["Clash","Seeing Red","Iron Wave+1"],"picked":"Singing Bowl","floor":37.0},{"not_picked":["Dropkick","Havoc"],"picked":"Shrug It Off","floor":39.0},{"not_picked":["Bludgeon","Searing Blow","Feed"],"picked":"Singing Bowl","floor":40},{"not_picked":["Dropkick","Headbutt","Armaments"],"picked":"Singing Bowl","floor":42},{"not_picked":["Flex","Evolve+1"],"picked":"Shrug It Off","floor":45},{"not_picked":["Warcry+1","Flex","Intimidate"],"picked":"Singing Bowl","floor":46},{"not_picked":["Power Through","Armaments"],"picked":"Evolve","floor":47}],"player_experience":399095,"relics_obtained":[{"floor":7.0,"key":"CaptainsWheel"},{"floor":9.0,"key":"Self Forming Clay"},{"floor":19.0,"key":"Red Mask"},{"floor":23.0,"key":"Blue Candle"},{"floor":26.0,"key":"Strawberry"},{"floor":27.0,"key":"Singing Bowl"},{"floor":31.0,"key":"Red Skull"},{"floor":40,"key":"Orichalcum"}],"event_choices":[{"damage_healed":67.0,"max_hp_gain":0.0,"max_hp_loss":75.0,"gold_gain":0.0,"event_name":"betterThird:BetterShining","player_choice":"Upgrade","floor":2.0,"gold_loss":0.0,"damage_taken":23.0,"cards_upgraded":["Strike_R","Strike_R"]},{"damage_healed":0.0,"max_hp_gain":0.0,"max_hp_loss":0.0,"gold_gain":0.0,"event_name":"The Woman in Blue","player_choice":"Bought 2 Potions","floor":4.0,"gold_loss":0.0,"damage_taken":0.0},{"damage_healed":0.0,"max_hp_gain":0.0,"max_hp_loss":0.0,"gold_gain":0.0,"event_name":"Masked Bandits","player_choice":"Fought Bandits","floor":19.0,"gold_loss":0.0,"damage_taken":0.0},{"damage_healed":0.0,"max_hp_gain":0.0,"max_hp_loss":0.0,"gold_gain":0.0,"event_name":"The Mausoleum","player_choice":"Opened","floor":21.0,"gold_loss":0.0,"damage_taken":0.0,"relics_obtained":["Meat on the Bone"],"cards_obtained":["Writhe"]},{"cards_removed":["Writhe"],"damage_healed":0.0,"max_hp_gain":0.0,"max_hp_loss":0.0,"gold_gain":0.0,"event_name":"Fountain of Cleansing","player_choice":"Removed Curses","floor":22.0,"gold_loss":0.0,"damage_taken":0.0},{"cards_removed":["Offering"],"damage_healed":20.0,"max_hp_gain":10.0,"max_hp_loss":0.0,"gold_gain":0.0,"event_name":"Bonfire Elementals","player_choice":"Offered Rare","floor":36.0,"gold_loss":0.0,"damage_taken":0.0}],"is_beta":false,"boss_relics":[{"not_picked":["Tiny House","Fusion Hammer"],"picked":"Velvet Choker"},{"not_picked":["Pandora\u0027s Box","Calling Bell"],"picked":"Cursed Key"}],"items_purged_floors":[29,38],"is_endless":false,"potions_floor_spawned":[1,13,14,18,20,24,37,40,42],"killed_by":"Shield and Spear","ascension_level":20}}