{"host":"50qwps766cbz6ukm","time":1614070111,"event":{"mods":["BaseMod","Colored Map","Colored Powertips","DeckTracker","Highlight Path","Minty Spire (QoL Compilation)","Quick Restart","Remove Card Discount Mod","StSLib","SuperFastMode","Synergy Search"],"gold_per_floor":[360,379,276,84,84,113,113,148,148,148,182,182,193,204,204,305,305,320,177,190,208,208,208,208,228,228,228,228,247,247,274,274,374,374,384,429,443,443,443,443,38,38,92,104,135,145,195,213,213,213],"floor_reached":51,"language":"ENG","playtime":1379,"items_purged":["Pain","Strike_P","Strike_P","Strike_P","Defend_P","Defend_P","Defend_P","Strike_P","Defend_P","Writhe"],"score":1229,"play_id":"c36bcc73-3b82-4880-8977-ef61153d840b","local_time":"20210223104831","is_ascension_mode":true,"campfire_choices":[{"data":"Eruption","floor":7,"key":"SMITH"},{"data":"1","floor":10,"key":"LIFT"},{"floor":15,"key":"REST"},{"data":"2","floor":23,"key":"LIFT"},{"data":"Vigilance","floor":30,"key":"SMITH"},{"floor":32,"key":"REST"},{"data":"3","floor":40,"key":"LIFT"},{"data":"Devotion","floor":42,"key":"SMITH"},{"data":"Wallop","floor":49,"key":"SMITH"}],"circlet_count":0,"master_deck":["Eruption+1","Vigilance+1","Wallop+1","FlurryOfBlows","Dramatic Entrance","Adaptation","Consecrate","Devotion+1","Brilliance","Brilliance"],"relics":["PureWater","Juzu Bracelet","Question Card","Girya","TeardropLocket","Ancient Tea Set","Ornamental Fan","Pandora\u0027s Box","Potion Belt","StoneCalendar","The Courier","SacredBark","Gambling Chip","Membership Card","Akabeko","Mummified Hand","Nunchaku","Unceasing Top","Lizard Tail"],"acts_visited":["Exordium","TheCity","TheBeyond"],"potions_floor_usage":[8,31,33,33,36,47,50,50,50,50],"damage_taken":[{"damage":14,"enemies":"Cultist","floor":1,"turns":5},{"damage":7,"enemies":"2 Louse","floor":2,"turns":3},{"damage":12,"enemies":"Lagavulin","floor":6,"turns":4},{"damage":2,"enemies":"3 Sentries","floor":8,"turns":3},{"damage":0,"enemies":"Lagavulin","floor":11,"turns":4},{"damage":0,"enemies":"Jaw Worm","floor":13,"turns":1},{"damage":0,"enemies":"2 Fungi Beasts","floor":14,"turns":1},{"damage":0,"enemies":"Hexaghost","floor":16,"turns":5},{"damage":0,"enemies":"Spheric Guardian","floor":18,"turns":1},{"damage":8,"enemies":"Chosen","floor":20,"turns":3},{"damage":15,"enemies":"Centurion and Healer","floor":21,"turns":3},{"damage":18,"enemies":"Sentry and Sphere","floor":25,"turns":3},{"damage":0,"enemies":"Chosen and Byrds","floor":29,"turns":3},{"damage":22,"enemies":"Slavers","floor":31,"turns":3},{"damage":0,"enemies":"Automaton","floor":33,"turns":6},{"damage":1,"enemies":"Orb Walker","floor":35,"turns":3},{"damage":0,"enemies":"2 Orb Walkers","floor":36,"turns":1},{"damage":21,"enemies":"3 Darklings","floor":37,"turns":3},{"damage":13,"enemies":"Transient","floor":44,"turns":5},{"damage":0,"enemies":"Reptomancer","floor":45,"turns":3},{"damage":0,"enemies":"Maw","floor":46,"turns":4},{"damage":0,"enemies":"Mind Bloom Boss Battle","floor":47,"turns":4},{"damage":0,"enemies":"4 Shapes","floor":48,"turns":1},{"damage":18,"enemies":"Donu and Deca","floor":50,"turns":5}],"seed_played":"373785936897197756","potions_obtained":[{"floor":2,"key":"Energy Potion"},{"floor":5,"key":"Dexterity Potion"},{"floor":5,"key":"GamblersBrew"},{"floor":13,"key":"Fire Potion"},{"floor":16,"key":"LiquidBronze"},{"floor":20,"key":"DuplicationPotion"},{"floor":21,"key":"Dexterity Potion"},{"floor":31,"key":"ColorlessPotion"},{"floor":33,"key":"SteroidPotion"},{"floor":44,"key":"ColorlessPotion"},{"floor":45,"key":"Block Potion"},{"floor":46,"key":"Regen Potion"},{"floor":47,"key":"Energy Potion"}],"is_trial":false,"path_per_floor":["M","M","$","$","?","E","R","E","T","R","E","?","M","M","R","B",null,"M","$","M","M","?","R","?","M","T","?","$","M","R","E","R","B",null,"M","?","M","?","?","R","$","R","T","M","E","M","?","M","R","B",null],"character_chosen":"WATCHER","items_purchased":["Dramatic Entrance","Juzu Bracelet","Adaptation","Potion Belt","Membership Card","Akabeko","Brilliance","Brilliance","Mummified Hand"],"campfire_rested":2,"item_purchase_floors":[3,4,4,19,41,41,41,41,41],"current_hp_per_floor":[51,44,44,44,44,32,32,30,30,30,30,12,12,12,33,33,62,62,62,54,39,39,39,63,45,45,38,38,38,38,16,37,37,63,62,62,41,41,59,59,59,59,59,46,46,46,65,65,65,47],"gold":213,"neow_bonus":"TWO_FIFTY_GOLD","is_daily":false,"chose_seed":false,"campfire_upgraded":4,"win_rate":0.0,"timestamp":1614070111,"path_taken":["M","M","?","$","?","E","R","E","T","R","E","?","M","M","R","BOSS","M","$","M","M","?","R","?","M","T","?","$","M","R","E","R","BOSS","M","?","M","?","?","R","$","R","T","M","E","M","?","M","R","BOSS"],"items_purchased_type":["Card","Relic","Card","Relic","Relic","Relic","Card","Card","Relic"],"build_version":"2020-12-22","purchased_purges":10,"victory":true,"max_hp_per_floor":[72,72,72,72,72,72,72,72,72,72,72,72,72,72,72,72,72,72,72,72,72,72,72,72,72,72,72,72,72,72,72,72,72,72,72,72,72,72,72,72,72,72,72,72,72,72,72,72,72,72],"card_choices":[{"not_picked":["Perseverance","Halt"],"picked":"Wallop","floor":1},{"not_picked":["Halt","ThirdEye"],"picked":"FlurryOfBlows","floor":2},{"not_picked":["BowlingBash","EmptyBody","Crescendo"],"picked":"SKIP","floor":6},{"not_picked":["CarveReality","ReachHeaven","CutThroughFate","PathToVictory"],"picked":"SKIP","floor":8},{"not_picked":["Prostrate","ThirdEye","BowlingBash"],"picked":"Consecrate","floor":11},{"not_picked":["FlurryOfBlows","Evaluate","Prostrate","Crescendo"],"picked":"SKIP","floor":13},{"not_picked":["Evaluate","Study","FlurryOfBlows","EmptyMind"],"picked":"SKIP","floor":14},{"not_picked":["Wish","Scrawl","Judgement"],"picked":"Devotion","floor":16},{"not_picked":["JustLucky+1","EmptyFist","PathToVictory","DeceiveReality"],"picked":"SKIP","floor":18},{"not_picked":["FollowUp","Evaluate","CutThroughFate","PathToVictory"],"picked":"SKIP","floor":20},{"not_picked":["ThirdEye+1","CutThroughFate","Conclude","ConjureBlade"],"picked":"SKIP","floor":21},{"not_picked":["EmptyMind+1","BowlingBash","FlurryOfBlows","LikeWater"],"picked":"SKIP","floor":25},{"not_picked":["FlyingSleeves","FollowUp","EmptyMind","ClearTheMind+1"],"picked":"SKIP","floor":29},{"not_picked":["InnerPeace","Alpha","DevaForm","Establishment"],"picked":"SKIP","floor":31},{"not_picked":["Evaluate","Indignation+1","Prostrate+1","ClearTheMind"],"picked":"SKIP","floor":35},{"not_picked":["CarveReality+1","SashWhip+1","EmptyFist","Fasting2+1"],"picked":"SKIP","floor":37},{"not_picked":["Protect","JustLucky","ThirdEye+1","Collect+1"],"picked":"SKIP","floor":44},{"not_picked":["CrushJoints","InnerPeace","EmptyBody+1","Alpha"],"picked":"SKIP","floor":45},{"not_picked":["ThirdEye+1","BowlingBash","Prostrate+1","Nirvana"],"picked":"SKIP","floor":46},{"not_picked":["ForeignInfluence+1","FearNoEvil+1","Weave","FollowUp+1"],"picked":"SKIP","floor":48}],"player_experience":601843,"relics_obtained":[{"floor":6,"key":"Question Card"},{"floor":8,"key":"Girya"},{"floor":9,"key":"TeardropLocket"},{"floor":11,"key":"Ancient Tea Set"},{"floor":26,"key":"StoneCalendar"},{"floor":31,"key":"The Courier"},{"floor":36,"key":"Gambling Chip"},{"floor":43,"key":"Nunchaku"},{"floor":45,"key":"Unceasing Top"},{"floor":47,"key":"Lizard Tail"}],"event_choices":[{"damage_healed":0,"gold_gain":0,"player_choice":"Got Potions","damage_taken":0,"max_hp_gain":0,"max_hp_loss":0,"event_name":"Lab","floor":5,"gold_loss":0},{"damage_healed":0,"gold_gain":0,"player_choice":"Success","damage_taken":18,"relics_obtained":["Ornamental Fan"],"max_hp_gain":0,"max_hp_loss":0,"event_name":"Scrap Ooze","floor":12,"gold_loss":0},{"damage_healed":0,"gold_gain":0,"player_choice":"Ignored","damage_taken":0,"max_hp_gain":0,"max_hp_loss":0,"event_name":"Vampires","floor":22,"gold_loss":0},{"damage_healed":24,"gold_gain":0,"player_choice":"Heal","damage_taken":0,"max_hp_gain":0,"max_hp_loss":0,"event_name":"The Library","floor":24,"gold_loss":0},{"damage_healed":0,"gold_gain":0,"player_choice":"Damaged","damage_taken":7,"max_hp_gain":0,"max_hp_loss":0,"event_name":"Wheel of Change","floor":27,"gold_loss":0},{"damage_healed":0,"gold_gain":0,"player_choice":"Fight","damage_taken":0,"max_hp_gain":0,"max_hp_loss":0,"event_name":"Mysterious Sphere","floor":36,"gold_loss":0},{"damage_healed":0,"gold_gain":0,"player_choice":"Ignored","damage_taken":0,"max_hp_gain":0,"max_hp_loss":0,"event_name":"Tomb of Lord Red Mask","floor":38,"gold_loss":0},{"damage_healed":18,"gold_gain":0,"player_choice":"Writhe","damage_taken":0,"max_hp_gain":0,"max_hp_loss":0,"event_name":"Winding Halls","floor":39,"gold_loss":0,"cards_obtained":["Writhe"]},{"damage_healed":0,"gold_gain":0,"player_choice":"Fight","damage_taken":0,"max_hp_gain":0,"max_hp_loss":0,"event_name":"MindBloom","floor":47,"gold_loss":0}],"is_beta":false,"boss_relics":[{"not_picked":["Astrolabe","Empty Cage"],"picked":"Pandora\u0027s Box"},{"not_picked":["HolyWater","Fusion Hammer"],"picked":"SacredBark"}],"items_purged_floors":[3,3,3,3,3,3,3,3,3,41],"is_endless":false,"potions_floor_spawned":[2,13,16,20,21,31,33,44,45,46,47],"ascension_level":9}}