{"host":"f7jml7vkwn3tj7tu","time":1614061842,"event":{"mods":["BaseMod","Block Reminder","Minty Spire (QoL Compilation)","Relic Stats","Slay-I"],"gold_per_floor":[114,128,154,169,189,220,68,68,68,68,85,85,104,132,132,235,235,253,270,125,137,151,151,151],"floor_reached":23,"language":"ENG","playtime":1310,"items_purged":["Strike_G"],"score":236,"play_id":"c3fdef6f-1bb5-4ba3-9988-b0381348336e","local_time":"20210223013042","is_ascension_mode":true,"campfire_choices":[{"floor":8,"key":"REST"},{"data":"1","floor":10,"key":"LIFT"},{"data":"2","floor":12,"key":"LIFT"},{"floor":15,"key":"REST"}],"circlet_count":0,"master_deck":["Strike_G","Strike_G","Defend_G","Defend_G","Defend_G","Defend_G","Defend_G","Survivor","Neutralize+1","Backflip","Corpse Explosion","Poisoned Stab","Bane","Noxious Fumes","Bane","Footwork","Riddle With Holes","Envenom","Blade Dance","Catalyst","Backflip+1"],"relics":["Ring of the Snake","Akabeko","Girya","Bag of Preparation","Gremlin Horn","Empty Cage","Vajra"],"acts_visited":["Exordium","TheCity"],"potions_floor_usage":[16,19,23,23,23],"damage_taken":[{"damage":0,"enemies":"Cultist","floor":1,"turns":3},{"damage":3,"enemies":"Jaw Worm","floor":2,"turns":5},{"damage":0,"enemies":"2 Louse","floor":4,"turns":2},{"damage":0,"enemies":"Large Slime","floor":5,"turns":5},{"damage":46,"enemies":"Lagavulin","floor":6,"turns":8},{"damage":0,"enemies":"Blue Slaver","floor":11,"turns":3},{"damage":4,"enemies":"Exordium Thugs","floor":13,"turns":3},{"damage":10,"enemies":"3 Sentries","floor":14,"turns":6},{"damage":23,"enemies":"Hexaghost","floor":16,"turns":9},{"damage":0,"enemies":"3 Byrds","floor":18,"turns":2},{"damage":2,"enemies":"Shell Parasite","floor":19,"turns":3},{"damage":18,"enemies":"Cultist and Chosen","floor":21,"turns":5},{"damage":28,"enemies":"Snake Plant","floor":22,"turns":5},{"damage":33,"enemies":"Book of Stabbing","floor":23,"turns":6}],"seed_played":"7475702283725224541","potions_obtained":[{"floor":1,"key":"DistilledChaos"},{"floor":6,"key":"BlessingOfTheForge"},{"floor":11,"key":"Ancient Potion"},{"floor":16,"key":"GhostInAJar"},{"floor":18,"key":"Energy Potion"},{"floor":21,"key":"GamblersBrew"}],"is_trial":false,"path_per_floor":["M","M","T","M","M","E","$","R","T","R","M","R","M","E","R","B",null,"M","M","$","M","M","E"],"character_chosen":"THE_SILENT","items_purchased":["Noxious Fumes","Vajra"],"campfire_rested":2,"item_purchase_floors":[7,20],"current_hp_per_floor":[70,67,67,67,67,21,21,42,42,42,42,42,38,28,49,26,70,70,68,68,50,22,0,0],"gold":151,"neow_bonus":"UPGRADE_CARD","is_daily":false,"chose_seed":false,"campfire_upgraded":0,"win_rate":0.0,"timestamp":1614061842,"path_taken":["M","M","?","M","M","E","$","R","T","R","M","R","M","E","R","BOSS","M","M","$","M","M","E"],"items_purchased_type":["Card","Relic"],"build_version":"2020-12-22","purchased_purges":1,"victory":false,"max_hp_per_floor":[70,70,70,70,70,70,70,70,70,70,70,70,70,70,70,70,70,70,70,70,70,70,70,70],"relic_stats":{"Gremlin Horn":[1,1],"counters":[14,65],"Bag of Preparation":[18],"obtain_stats":[{"Girya":6,"Gremlin Horn":14,"Vajra":20,"Bag of Preparation":9,"Empty Cage":17,"Akabeko":3,"Ring of the Snake":0},{"Girya":5,"Gremlin Horn":8,"Vajra":11,"Bag of Preparation":5,"Empty Cage":9,"Akabeko":2,"Ring of the Snake":0},{"Girya":23,"Gremlin Horn":35,"Vajra":49,"Bag of Preparation":23,"Empty Cage":44,"Akabeko":8,"Ring of the Snake":0}],"Ring of the Snake":[28]},"card_choices":[{"not_picked":["Expertise","Bane"],"picked":"Backflip","floor":1},{"not_picked":["Deflect","Concentrate","Sucker Punch"],"picked":"SKIP","floor":2},{"not_picked":["Caltrops","Acrobatics"],"picked":"Corpse Explosion","floor":4},{"not_picked":["PiercingWail","Dagger Spray"],"picked":"Poisoned Stab","floor":5},{"not_picked":["Escape Plan","Outmaneuver"],"picked":"Bane","floor":6},{"not_picked":["Prepared","Poisoned Stab"],"picked":"Bane","floor":11},{"not_picked":["Backflip","Calculated Gamble"],"picked":"Footwork","floor":13},{"not_picked":["Footwork","Well Laid Plans"],"picked":"Riddle With Holes","floor":14},{"not_picked":["Grand Finale","Burst"],"picked":"Envenom","floor":16},{"not_picked":["Deflect","Accuracy"],"picked":"Blade Dance","floor":18},{"not_picked":["Deadly Poison","Distraction"],"picked":"Catalyst","floor":19},{"not_picked":["Dodge and Roll","Bane"],"picked":"Backflip+1","floor":21},{"not_picked":["Dagger Spray","Predator","Underhanded Strike+1"],"picked":"SKIP","floor":22}],"player_experience":611759,"relics_obtained":[{"floor":3,"key":"Akabeko"},{"floor":6,"key":"Girya"},{"floor":9,"key":"Bag of Preparation"},{"floor":14,"key":"Gremlin Horn"}],"event_choices":[],"is_beta":false,"boss_relics":[{"not_picked":["Philosopher\u0027s Stone","Cursed Key"],"picked":"Empty Cage"}],"items_purged_floors":[7],"is_endless":false,"potions_floor_spawned":[1,6,11,16,18,21,22],"killed_by":"Book of Stabbing","ascension_level":3}}