{"host":"h7xtspmc2x3i8s2i","time":1614070183,"event":{"mods":["2.2 Compatiblity","AchievementEnabler","Act Like it!","AlwaysNeverKeys","Aspiration","Astrologer","BaseMod","Bestiary","Better Altar","Better Match","Better Note","Better Sensory Stone","Better Skull","Better Third Choice","Better Vampires","Better-Laid Plans","Colored Map","Colored Powertips","Conjunction","Curses Come First","Defuse TimeMaze Blight","Dio Mod","Disable Question Mark Monsters","Dota2Spire","Downfall","EXCEPTION","Emptier Cage","Energized Spire","Evolution","Friendly Minions","GifTheSpireLib","Gold Saver","Gremlin Skip","Halation","Hubris","Hyrulean Relics","Jedi Mod","Key Reminder","Marked Mod","Minty Spire (QoL Compilation)","Permanent Neow","Potion Indicator Mod","Quick Restart","Random Character Button","Random Character Mod","Rare Cards Sparkle","Relic Filter","Relic Stats","Reliquary","Replay The Spire","SacredBarkPlus","Shop Mod","Smile Girya","Somnambulant","Spicy Shops","Spikes Relics","Spire Birthday Party","StSLib","Steal the Spire","Stuff the Spire","SuperFastMode","The Awakened One except there are too many feathers","The Blue Laboratory","The Cursed","The Death Knight","The Edgeheg","The Problem Sleuth","The Runesmith","The Wild Card","Trackpad","Transform Curses","Uncapped","Unceasing Turn Reminder","Virulent Crown","Wide Potions","everything is the same but u backflip on backflip","slay the spire mod where everything is the same but ironclad has a cowboy hat"],"gold_per_floor":[475,494,494,511,17,68,121,29,55,55,73,73,73,105,118,216,216,16,30,46,46,56,56,107,142,142,162,62,87,103,103,122,217,217,217,233,243,259,109,120,120,151,169,95,124,124,135,164,174,174,174,200,86,86,86,86],"floor_reached":57,"language":"ENG","playtime":3160,"items_purged":["jedi:cleanse+1"],"score":1697,"play_id":"42ec8b00-695b-4f15-a690-672da31ce249","local_time":"20210223034943","is_ascension_mode":true,"campfire_choices":[{"floor":1,"key":"RECALL"},{"floor":18,"key":"DIG"},{"data":"Magnetism","floor":28,"key":"SMITH"},{"data":"theWildCard:TheArcanaUnleashed","floor":35,"key":"SMITH"},{"floor":54,"key":"DIG"}],"circlet_count":0,"master_deck":["theWildCard:BasicStrike","theWildCard:BasicStrike","theWildCard:BasicDefend","theWildCard:BasicDefend","theWildCard:BasicDefend","theWildCard:BasicDefend","theWildCard:CallToAdventure","theWildCard:Arsene+1","theWildCard:Providence+1","theWildCard:SacrificialStroke","theWildCard:Providence","Magnetism+1","theWildCard:ArchaicAssault","theWildCard:IdentityTheft","theWildCard:TheArcanaUnleashed+1","theWildCard:ArcaneArts","theWildCard:MagicMettle","theWildCard:CryOfAgony","theWildCard:ArchaicAssault","theWildCard:TheGreatSeal+1","theWildCard:Desolation+1","theWildCard:Providence+1","theWildCard:Providence+1","theWildCard:Salvation+1","theWildCard:Salvation","theWildCard:ArchaicAssault","theWildCard:Unburden"],"relics":["theWildCard:VelvetContract","EVO:Axolotl","Dota2Spire:MagicBottle","trackpad:PetRock","halation:LostSnail","RetroEgg","White Beast Statue","hubris:Icosahedron","Shovel","Snecko Heart","downfall:HeartBlessingRed","downfall:HeartBlessingGreen","Blue Candle","MiniBlackHole","downfall:HeartBlessingBlue","Akabeko","LugNut","aspiration:SecretTechniqueScroll","hubris:DeckOfHolding","hubris:CuriousFeather","MerchantsRug","halation:TwoAmDonut","Replay:Mystery Machine","StuffTheSpire:Experiment12","reliquary:Stiletto","Cauldron","jedi:archwizardhat"],"acts_visited":["Exordium","TheCity","TheBeyond","TheEnding"],"potions_floor_usage":[15,16,16,20,25,25,29,30,30,32,33,33,33,38,38,43,43,45,50,50,50,50,55,55,55,55,55,55,55,55,55,55],"damage_taken":[{"damage":0,"enemies":"2 Louse","floor":2,"turns":3},{"damage":0,"enemies":"Cultist","floor":4,"turns":3},{"damage":0,"enemies":"downfall:FleeingMerchant","floor":5,"turns":4},{"damage":14,"enemies":"3 Sentries","floor":6,"turns":7},{"damage":2,"enemies":"downfall:FleeingMerchant","floor":8,"turns":4},{"damage":21,"enemies":"Lagavulin","floor":9,"turns":6},{"damage":0,"enemies":"Jaw Worm","floor":11,"turns":1},{"damage":0,"enemies":"Gremlin Nob","floor":14,"turns":2},{"damage":2,"enemies":"2 Fungi Beasts","floor":15,"turns":3},{"damage":0,"enemies":"IC_STATUS_ARCHETYPE","floor":16,"turns":5},{"damage":0,"enemies":"downfall:LooterAlt2","floor":19,"turns":1},{"damage":0,"enemies":"3 Byrds","floor":20,"turns":1},{"damage":1,"enemies":"Snecko","floor":22,"turns":3},{"damage":0,"enemies":"Slavers","floor":25,"turns":1},{"damage":0,"enemies":"Cultist and Chosen","floor":27,"turns":3},{"damage":0,"enemies":"Book of Stabbing","floor":29,"turns":2},{"damage":6,"enemies":"Snake Plant","floor":30,"turns":2},{"damage":0,"enemies":"3 Cultists","floor":32,"turns":2},{"damage":15,"enemies":"SI_MIRROR_ARCHETYPE","floor":33,"turns":5},{"damage":0,"enemies":"3 Darklings","floor":36,"turns":2},{"damage":25,"enemies":"3 Shapes","floor":37,"turns":2},{"damage":0,"enemies":"3 Darklings","floor":38,"turns":2},{"damage":10,"enemies":"Transient","floor":40,"turns":5},{"damage":0,"enemies":"R_Hoarder","floor":42,"turns":3},{"damage":27,"enemies":"Sphere and 2 Shapes","floor":43,"turns":2},{"damage":0,"enemies":"downfall:FleeingMerchant","floor":44,"turns":2},{"damage":5,"enemies":"Reptomancer","floor":45,"turns":6},{"damage":0,"enemies":"Jaw Worm Horde","floor":47,"turns":3},{"damage":2,"enemies":"R_Hoarder","floor":48,"turns":4},{"damage":0,"enemies":"Transient","floor":49,"turns":5},{"damage":22,"enemies":"WA_ARCHETYPE_DIVINITY","floor":50,"turns":4},{"damage":0,"enemies":"downfall:CharBossMerchant","floor":52,"turns":4},{"damage":2,"enemies":"downfall:NeowBoss","floor":55,"turns":10},{"damage":20,"enemies":"downfall:NeowBossFinal","floor":56,"turns":6}],"seed_played":"2169594065985877173","potions_obtained":[{"floor":6,"key":"blueLaboratory:PhilterOfMotion"},{"floor":9,"key":"Reflective Coating"},{"floor":11,"key":"Cursed Concoction"},{"floor":14,"key":"PowerPotion"},{"floor":15,"key":"blueLaboratory:BubblePotion"},{"floor":16,"key":"blueLaboratory:BubblePotion"},{"floor":19,"key":"Adrenaline Potion"},{"floor":20,"key":"blueLaboratory:StoneskinPotion"},{"floor":22,"key":"blueLaboratory:RememoryPotion"},{"floor":25,"key":"blueLaboratory:PolymorphPotion"},{"floor":27,"key":"Adrenaline Potion"},{"floor":29,"key":"blueLaboratory:BubblePotion"},{"floor":30,"key":"blueLaboratory:BottleOfVodka"},{"floor":32,"key":"EntropicBrew"},{"floor":33,"key":"hexamod:SoulburnPotion"},{"floor":36,"key":"jedi:StrikingPotion"},{"floor":37,"key":"ColorlessPotion"},{"floor":38,"key":"jedi:holywater"},{"floor":40,"key":"jedi:StrikingPotion"},{"floor":42,"key":"AttackPotion"},{"floor":43,"key":"AttackPotion"},{"floor":44,"key":"SteroidPotion"},{"floor":45,"key":"blueLaboratory:LouseDecoction"},{"floor":47,"key":"Fire Potion"},{"floor":49,"key":"ColorlessPotion"},{"floor":52,"key":"PowerPotion"},{"floor":53,"key":"sneckomod:MuddlingPotion"},{"floor":53,"key":"Dota2Spire:HealingSalve"},{"floor":53,"key":"jedi:tentaclejuice"},{"floor":53,"key":"Guardian:BlockOnCardUsePotion"}],"is_trial":false,"path_per_floor":["R_BF","M","?","M","$","E","T","$","E","?","M","?","?","E","M","B",null,"R_BF","M","M","?","M","?","T","E","?","M","R","E","M","T","M","B",null,"R","M","M","M","?","M","T","E","M","$","E","?","M","E","M","B",null,"E","$","R","B","B",null],"character_chosen":"THE_WILD_CARD","items_purchased":["halation:TrafficLight","Magnetism","halation:LostSnail","MerchantsRug","Guide Book","halation:TwoAmDonut","Cauldron"],"campfire_rested":0,"item_purchase_floors":[5,5,8,44,44,44,53],"current_hp_per_floor":[60,60,60,60,60,50,50,60,40,34,34,34,34,35,34,38,60,60,60,60,60,60,55,55,56,56,58,68,70,64,64,66,70,70,70,70,46,46,80,74,74,75,48,53,51,51,56,55,60,42,80,80,80,80,80,63],"gold":86,"neow_bonus":"REMOVE_CARD","is_daily":false,"chose_seed":false,"campfire_upgraded":2,"win_rate":0.0,"timestamp":1614070183,"path_taken":["R_BF","M","?","?","$","E","T","$","E","?","M","?","?","E","M","BOSS","R_BF","M","M","?","M","?","T","E","?","?","R","E","M","?","M","BOSS","R","M","M","M","?","M","T","E","?","$","E","?","?","E","M","BOSS","E","$","R","BOSS","BOSS"],"items_purchased_type":["Relic","Card","Relic","Relic","Relic","Relic","Relic"],"build_version":"2020-12-22","purchased_purges":1,"victory":true,"max_hp_per_floor":[60,60,60,60,60,60,60,60,60,60,60,60,60,60,60,60,60,60,60,60,60,60,60,60,60,60,60,70,70,70,70,70,70,70,70,70,70,70,80,80,80,80,80,80,80,80,80,80,80,80,80,80,80,80,80,80],"relic_stats":{"Shovel":2,"counters":[34,118],"Blue Candle":[6],"obtain_stats":[{"Snecko Heart":17,"RetroEgg":9,"halation:TrafficLight":5,"trackpad:PetRock":7,"downfall:HeartBlessingGreen":18,"EVO:Axolotl":0,"Replay:Mystery Machine":45,"jedi:archwizardhat":54,"Dota2Spire:MagicBottle":6,"StuffTheSpire:Experiment12":48,"hubris:Icosahedron":12,"Shovel":14,"downfall:HeartBlessingBlue":28,"MiniBlackHole":25,"hubris:DeckOfHolding":41,"hubris:CuriousFeather":42,"LugNut":31,"Potion Belt":18,"MerchantsRug":44,"downfall:HeartBlessingRed":18,"Blue Candle":23,"Guide Book":44,"aspiration:SecretTechniqueScroll":34,"White Beast Statue":10,"Akabeko":29,"keyreminder:keyreminder":1,"theWildCard:VelvetContract":0,"Cauldron":53,"reliquary:Stiletto":52,"halation:TwoAmDonut":44,"halation:LostSnail":8},{"Snecko Heart":10,"RetroEgg":6,"halation:TrafficLight":3,"trackpad:PetRock":4,"downfall:HeartBlessingGreen":10,"EVO:Axolotl":0,"Replay:Mystery Machine":27,"jedi:archwizardhat":32,"Dota2Spire:MagicBottle":4,"StuffTheSpire:Experiment12":29,"hubris:Icosahedron":7,"Shovel":8,"downfall:HeartBlessingBlue":15,"MiniBlackHole":14,"hubris:DeckOfHolding":23,"hubris:CuriousFeather":24,"LugNut":17,"Potion Belt":10,"MerchantsRug":26,"downfall:HeartBlessingRed":10,"Blue Candle":13,"Guide Book":26,"aspiration:SecretTechniqueScroll":19,"White Beast Statue":6,"Akabeko":16,"keyreminder:keyreminder":0,"theWildCard:VelvetContract":0,"Cauldron":32,"reliquary:Stiletto":32,"halation:TwoAmDonut":26,"halation:LostSnail":5},{"Snecko Heart":38,"RetroEgg":27,"halation:TrafficLight":10,"trackpad:PetRock":17,"downfall:HeartBlessingGreen":38,"EVO:Axolotl":0,"Replay:Mystery Machine":82,"jedi:archwizardhat":102,"Dota2Spire:MagicBottle":17,"StuffTheSpire:Experiment12":89,"hubris:Icosahedron":28,"Shovel":30,"downfall:HeartBlessingBlue":47,"MiniBlackHole":44,"hubris:DeckOfHolding":69,"hubris:CuriousFeather":72,"LugNut":51,"Potion Belt":38,"MerchantsRug":76,"downfall:HeartBlessingRed":38,"Blue Candle":43,"Guide Book":76,"aspiration:SecretTechniqueScroll":58,"White Beast Statue":27,"Akabeko":49,"keyreminder:keyreminder":0,"theWildCard:VelvetContract":0,"Cauldron":102,"reliquary:Stiletto":102,"halation:TwoAmDonut":76,"halation:LostSnail":21}]},"card_choices":[{"not_picked":["theWildCard:StingingStrike","theWildCard:Attunement"],"picked":"theWildCard:Providence","floor":2},{"not_picked":["theWildCard:StingingStrike","theWildCard:UnendingRitual"],"picked":"theWildCard:SacrificialStroke","floor":4},{"not_picked":["theWildCard:StingingStrike","theWildCard:StalwartBlade"],"picked":"theWildCard:Providence","floor":5},{"not_picked":["theWildCard:Odin","theWildCard:Safeguard","theWildCard:Metatron"],"picked":"SKIP","floor":6},{"not_picked":["theWildCard:EnergizedStroke","theWildCard:Deicide","theWildCard:Alice"],"picked":"SKIP","floor":8},{"not_picked":["theWildCard:ArcaneArts","theWildCard:Loki"],"picked":"theWildCard:ArchaicAssault","floor":9},{"not_picked":["theWildCard:Polydeuces","theWildCard:MasterPlan"],"picked":"theWildCard:IdentityTheft","floor":11},{"not_picked":["Survey Options","Sadistic Nature"],"picked":"jedi:cleanse","floor":13},{"not_picked":["theWildCard:Proficiency","theWildCard:Alice","theWildCard:Polydeuces"],"picked":"SKIP","floor":14},{"not_picked":["theWildCard:PaleRider","theWildCard:Sakuya","theWildCard:SacrificialStroke"],"picked":"SKIP","floor":15},{"not_picked":["theWildCard:TheUniverse","theWildCard:Lucifer"],"picked":"theWildCard:TheArcanaUnleashed","floor":16},{"not_picked":["theWildCard:StingingStrike","theWildCard:EnergizedStroke+1","theWildCard:ArcanaArtistry"],"picked":"SKIP","floor":19},{"not_picked":["theWildCard:EnergizedStroke","theWildCard:Polydeuces"],"picked":"theWildCard:ArcaneArts","floor":20},{"not_picked":["theWildCard:BladeOfGenerations","theWildCard:ArcaneArts"],"picked":"theWildCard:MagicMettle","floor":22},{"not_picked":["theWildCard:FinalHour","theWildCard:StalwartBlade"],"picked":"theWildCard:CryOfAgony","floor":25},{"not_picked":["theWildCard:ManOfManyFaces","theWildCard:SacrificialStroke","theWildCard:CryOfAgony+1"],"picked":"SKIP","floor":27},{"not_picked":["theWildCard:EnergizedStroke","theWildCard:Impatience+1"],"picked":"theWildCard:TheGreatSeal+1","floor":29},{"not_picked":["theWildCard:Odin+1","theWildCard:SacrificialStroke","theWildCard:UnendingRitual+1"],"picked":"SKIP","floor":30},{"not_picked":["theWildCard:ManOfManyFaces+1","theWildCard:SeveringSlash+1","theWildCard:UnderLockAndKey"],"picked":"SKIP","floor":32},{"not_picked":["theWildCard:Overwhelm","theWildCard:ChangingDestiny"],"picked":"theWildCard:Desolation","floor":33},{"not_picked":["theWildCard:Michael","theWildCard:Scathach","theWildCard:ArcaneArts"],"picked":"SKIP","floor":36},{"not_picked":["theWildCard:EnergizedStroke+1","theWildCard:StingingStrike"],"picked":"theWildCard:Providence+1","floor":37},{"not_picked":["theWildCard:Polydeuces+1","theWildCard:Michael+1"],"picked":"theWildCard:Providence+1","floor":38},{"not_picked":["theWildCard:LadyLuck","theWildCard:ManOfManyFaces"],"picked":"theWildCard:Salvation+1","floor":40},{"not_picked":["theWildCard:Michael+1","theWildCard:Scathach+1","theWildCard:Sakuya"],"picked":"SKIP","floor":42},{"not_picked":["theWildCard:SeveringSlash","theWildCard:Attunement"],"picked":"theWildCard:Salvation","floor":43},{"not_picked":["theWildCard:Caesar","theWildCard:Sakuya","theWildCard:SeveringSlash"],"picked":"SKIP","floor":44},{"not_picked":["theWildCard:ArcanaArtistry+1","theWildCard:Sakuya","theWildCard:IdentityTheft"],"picked":"SKIP","floor":45},{"not_picked":["theWildCard:StingingStrike","theWildCard:ManOfManyFaces","theWildCard:SeveringSlash"],"picked":"SKIP","floor":47},{"not_picked":["theWildCard:SeveringSlash","theWildCard:Sakuya","theWildCard:ArcaneArts"],"picked":"SKIP","floor":48},{"not_picked":["theWildCard:StingingStrike+1","theWildCard:MagicalMight+1"],"picked":"theWildCard:ArchaicAssault","floor":49},{"not_picked":["theWildCard:FinalHour","theWildCard:Proficiency+1"],"picked":"theWildCard:Unburden","floor":52}],"player_experience":421228,"relics_obtained":[{"floor":6,"key":"Dota2Spire:MagicBottle"},{"floor":7,"key":"trackpad:PetRock"},{"floor":9,"key":"RetroEgg"},{"floor":14,"key":"Shovel"},{"floor":18,"key":"Potion Belt"},{"floor":25,"key":"MiniBlackHole"},{"floor":29,"key":"Akabeko"},{"floor":31,"key":"LugNut"},{"floor":41,"key":"hubris:DeckOfHolding"},{"floor":42,"key":"hubris:CuriousFeather"},{"floor":45,"key":"Replay:Mystery Machine"},{"floor":48,"key":"StuffTheSpire:Experiment12"},{"floor":52,"key":"reliquary:Stiletto"},{"floor":54,"key":"jedi:archwizardhat"}],"event_choices":[{"damage_healed":0,"gold_gain":0,"player_choice":"Forge","damage_taken":0,"max_hp_gain":0,"max_hp_loss":0,"event_name":"Accursed Blacksmith","floor":3,"gold_loss":0,"cards_upgraded":["theWildCard:Arsene"]},{"damage_healed":0,"gold_gain":1,"player_choice":"1","damage_taken":0,"max_hp_gain":0,"max_hp_loss":0,"event_name":"betterStone:BetterStone","floor":13,"gold_loss":0},{"damage_healed":0,"gold_gain":0,"player_choice":"Ignored","damage_taken":0,"max_hp_gain":0,"max_hp_loss":0,"event_name":"Ghosts","floor":21,"gold_loss":0},{"cards_removed":["theWildCard:BasicStrike"],"damage_healed":0,"gold_gain":0,"player_choice":"Card Removal","damage_taken":0,"max_hp_gain":0,"max_hp_loss":0,"event_name":"Wheel of Change","floor":46,"gold_loss":0}],"is_beta":false,"boss_relics":[{"not_picked":["Pandora\u0027s Box","Honey Jar"],"picked":"Snecko Heart"},{"not_picked":["hubris:GrandSneckoEye","hubris:BlackHole"],"picked":"aspiration:SecretTechniqueScroll"}],"items_purged_floors":[44],"is_endless":false,"potions_floor_spawned":[6,9,11,14,15,16,19,20,22,25,27,29,30,32,33,36,37,38,40,42,43,44,45,47,48,49,52],"ascension_level":2}}