{"host":"k7udt7atmcuzf6l0","time":1614084437,"event":{"mods":["Act Like it!","BaseMod","Colored Map","Colored Powertips","Highlight Path","Minty Spire (QoL Compilation)","Quick Restart","Rare Cards Sparkle","Relic Stats","StSLib","UnlockEverythingMod"],"gold_per_floor":[314,329,15,28,45,45,63,63,144,144,159,171,190,215,215,318,318,328,427,202,202,213,243,243,260,260,260,53,71,85,95,95,196,196,215,17,64,114,132,167,167,19,44,44,61,61,61,61,61,61],"floor_reached":51,"language":"ZHS","playtime":2634,"items_purged":["Strike_R"],"score":824,"play_id":"b9875fd7-6d19-4e03-a70c-36f4ab715990","local_time":"20210223204717","is_ascension_mode":false,"campfire_choices":[{"data":"Anger","floor":6.0,"key":"SMITH"},{"data":"Body Slam","floor":8.0,"key":"SMITH"},{"data":"Clash","floor":10.0,"key":"SMITH"},{"data":"Bash","floor":15.0,"key":"SMITH"},{"data":"Defend_R","floor":24.0,"key":"SMITH"},{"data":"Defend_R","floor":27.0,"key":"SMITH"},{"data":"Defend_R","floor":32.0,"key":"SMITH"},{"data":"Berserk","floor":41.0,"key":"SMITH"},{"data":"Defend_R","floor":46,"key":"SMITH"},{"floor":49,"key":"REST"}],"circlet_count":0,"master_deck":["Strike_R","Defend_R+1","Defend_R+1","Defend_R+1","Defend_R+1","Bash+1","Anger+1","Clash+1","Rage+1","Sentinel+1","Body Slam+1","Shockwave+1","Warcry+1","Offering+1","Dual Wield+1","Exhume+1","Seeing Red+1","Havoc+1","Spot Weakness+1","Intimidate+1","Berserk+1","Infernal Blade+1","Armaments+1","Body Slam+1","Double Tap+1","Madness+1","Madness+1","Flex+1","Trip+1"],"relics":["Burning Blood","Old Coin","Toxic Egg 2","Meat on the Bone","CaptainsWheel","Empty Cage","HandDrill","Toy Ornithopter","Singing Bowl","Vajra","SacredBark","Brimstone","Dead Branch","Bird Faced Urn","Akabeko","Medical Kit","PreservedInsect"],"acts_visited":["Exordium","TheCity","TheBeyond"],"potions_floor_usage":[],"damage_taken":[{"damage":5.0,"enemies":"Cultist","floor":1.0,"turns":4.0},{"damage":0.0,"enemies":"Small Slimes","floor":2.0,"turns":2.0},{"damage":2.0,"enemies":"Jaw Worm","floor":4.0,"turns":3.0},{"damage":0.0,"enemies":"3 Louse","floor":5.0,"turns":3.0},{"damage":0.0,"enemies":"Blue Slaver","floor":7.0,"turns":3.0},{"damage":0.0,"enemies":"2 Fungi Beasts","floor":11.0,"turns":3.0},{"damage":5.0,"enemies":"Large Slime","floor":12.0,"turns":5.0},{"damage":1.0,"enemies":"Gremlin Gang","floor":13.0,"turns":5.0},{"damage":21.0,"enemies":"3 Sentries","floor":14.0,"turns":10.0},{"damage":0.0,"enemies":"Slime Boss","floor":16.0,"turns":5.0},{"damage":11.0,"enemies":"3 Byrds","floor":18.0,"turns":6.0},{"damage":11.0,"enemies":"Spheric Guardian","floor":22.0,"turns":3.0},{"damage":9.0,"enemies":"Gremlin Leader","floor":23.0,"turns":5.0},{"damage":12.0,"enemies":"Snecko","floor":25.0,"turns":2.0},{"damage":9.0,"enemies":"Snake Plant","floor":29.0,"turns":2.0},{"damage":12.0,"enemies":"Centurion and Healer","floor":30.0,"turns":1.0},{"damage":16.0,"enemies":"3 Cultists","floor":31.0,"turns":4.0},{"damage":19.0,"enemies":"Collector","floor":33.0,"turns":4.0},{"damage":12.0,"enemies":"Orb Walker","floor":35.0,"turns":3.0},{"damage":19.0,"enemies":"2 Orb Walkers","floor":37.0,"turns":4.0},{"damage":33.0,"enemies":"Mind Bloom Boss Battle","floor":38.0,"turns":4.0},{"damage":6.0,"enemies":"3 Shapes","floor":39.0,"turns":2.0},{"damage":12.0,"enemies":"Reptomancer","floor":40.0,"turns":2.0},{"damage":7,"enemies":"Maw","floor":45,"turns":6},{"damage":26,"enemies":"Donu and Deca","floor":50,"turns":4}],"seed_played":"6903109527377002928","potions_obtained":[{"floor":5.0,"key":"EntropicBrew"},{"floor":12.0,"key":"ColorlessPotion"},{"floor":14.0,"key":"Strength Potion"},{"floor":16.0,"key":"PowerPotion"},{"floor":25.0,"key":"Strength Potion"},{"floor":29.0,"key":"Explosive Potion"},{"floor":33.0,"key":"FearPotion"},{"floor":38.0,"key":"PowerPotion"}],"is_trial":false,"path_per_floor":["M","M","$","M","M","R","M","R","T","R","M","M","M","E","R","B",null,"M","?","$","?","M","E","R","M","T","R","$","M","M","M","R","B",null,"M","$","?","?","M","E","R","$","T","?","M","R","?","?","R","B",null],"character_chosen":"IRONCLAD","items_purchased":["Toxic Egg 2","HandDrill","Exhume+1","Vajra","Havoc+1","Brimstone","Armaments+1","Medical Kit"],"campfire_rested":1,"item_purchase_floors":[3,20,20,28,28,36,36,42],"current_hp_per_floor":[80,80,80,80,80,80,80,80,80,80,80,80,80,65,65,71,80,75,75,75,75,70,67,67,61,61,61,61,63,62,59,59,51,82,76,76,68,55,59,64,64,64,64,53,62,62,62,62,86,68],"gold":61,"neow_bonus":"ONE_RARE_RELIC","is_daily":false,"chose_seed":false,"campfire_upgraded":9,"win_rate":0.0,"timestamp":1614084437,"path_taken":["M","M","$","?","M","R","M","R","T","R","M","M","M","E","R","BOSS","M","?","$","?","M","E","R","M","T","R","$","M","M","M","R","BOSS","M","$","?","?","M","E","R","$","T","?","M","R","?","?","R","BOSS"],"items_purchased_type":["Relic","Relic","Card","Relic","Card","Relic","Card","Relic"],"build_version":"2020-12-22","purchased_purges":1,"victory":true,"max_hp_per_floor":[80,80,80,80,80,80,80,80,80,80,80,80,80,80,80,80,80,80,80,80,80,80,80,80,80,80,80,80,80,80,82,82,82,82,82,82,82,84,84,86,86,86,86,86,86,86,86,86,86,86],"relic_stats":{"Singing Bowl":6,"counters":[25,95],"Dead Branch":[51],"Bird Faced Urn":[20],"PreservedInsect":0,"HandDrill":[10],"Medical Kit":[2],"obtain_stats":[{"Singing Bowl":26,"SacredBark":34,"Dead Branch":37,"Vajra":28,"PreservedInsect":43,"Empty Cage":17,"Medical Kit":42,"Burning Blood":0,"Akabeko":40,"Old Coin":0,"CaptainsWheel":14,"Brimstone":36,"Bird Faced Urn":38,"HandDrill":20,"Toxic Egg 2":3,"Toy Ornithopter":23,"Meat on the Bone":9},{"Singing Bowl":14,"SacredBark":18,"Dead Branch":20,"Vajra":14,"PreservedInsect":23,"Empty Cage":10,"Medical Kit":23,"Burning Blood":0,"Akabeko":23,"Old Coin":0,"CaptainsWheel":9,"Brimstone":19,"Bird Faced Urn":21,"HandDrill":11,"Toxic Egg 2":2,"Toy Ornithopter":13,"Meat on the Bone":5},{"Singing Bowl":59,"SacredBark":70,"Dead Branch":77,"Vajra":59,"PreservedInsect":85,"Empty Cage":43,"Medical Kit":85,"Burning Blood":0,"Akabeko":85,"Old Coin":0,"CaptainsWheel":38,"Brimstone":73,"Bird Faced Urn":81,"HandDrill":49,"Toxic Egg 2":6,"Toy Ornithopter":57,"Meat on the Bone":15}],"Burning Blood":115,"Toy Ornithopter":30,"Meat on the Bone":12},"card_choices":[{"not_picked":["Warcry","Perfected Strike"],"picked":"Anger","floor":1.0},{"not_picked":["Havoc","Entrench"],"picked":"Clash","floor":2.0},{"not_picked":["Twin Strike","Feed"],"picked":"Rage+1","floor":4.0},{"not_picked":["Flex+1","Iron Wave"],"picked":"Sentinel+1","floor":5.0},{"not_picked":["True Grit+1","Cleave"],"picked":"Body Slam","floor":7.0},{"not_picked":["Warcry+1","Thunderclap"],"picked":"Shockwave+1","floor":11.0},{"not_picked":["Hemokinesis","Wild Strike","Thunderclap"],"picked":"SKIP","floor":12.0},{"not_picked":["Fire Breathing","Body Slam","Headbutt"],"picked":"SKIP","floor":13.0},{"not_picked":["Iron Wave","True Grit+1"],"picked":"Warcry+1","floor":14.0},{"not_picked":["Exhume+1","Bludgeon"],"picked":"Offering+1","floor":16.0},{"not_picked":["Inflame","Flex+1"],"picked":"Dual Wield+1","floor":18.0},{"not_picked":["Wild Strike+1","Twin Strike","Headbutt"],"picked":"SKIP","floor":22.0},{"not_picked":["Juggernaut","Iron Wave","Rampage"],"picked":"SKIP","floor":23.0},{"not_picked":["Sever Soul","Wild Strike","Heavy Blade+1"],"picked":"SKIP","floor":25.0},{"not_picked":["Clash","Sever Soul"],"picked":"Spot Weakness+1","floor":29.0},{"not_picked":["Thunderclap","Anger+1"],"picked":"Intimidate+1","floor":30.0},{"not_picked":["Bludgeon","Flame Barrier+1","Armaments+1"],"picked":"Singing Bowl","floor":31.0},{"not_picked":["Corruption","Barricade"],"picked":"Berserk","floor":33.0},{"not_picked":["Metallicize+1","Headbutt"],"picked":"Infernal Blade+1","floor":35.0},{"not_picked":["Iron Wave","Warcry+1"],"picked":"Body Slam+1","floor":37.0},{"not_picked":["Anger+1","Power Through+1","True Grit+1"],"picked":"Singing Bowl","floor":38.0},{"not_picked":["Battle Trance+1","Perfected Strike"],"picked":"Double Tap+1","floor":39.0},{"not_picked":["Inflame","Body Slam","Evolve"],"picked":"Singing Bowl","floor":40.0},{"not_picked":["Clothesline+1","Clash+1"],"picked":"Flex+1","floor":45},{"not_picked":["Deep Breath+1","Thinking Ahead+1"],"picked":"Trip+1","floor":47}],"player_experience":153739,"relics_obtained":[{"floor":9.0,"key":"Meat on the Bone"},{"floor":14.0,"key":"CaptainsWheel"},{"floor":23.0,"key":"Toy Ornithopter"},{"floor":26.0,"key":"Singing Bowl"},{"floor":37.0,"key":"Dead Branch"},{"floor":38.0,"key":"Bird Faced Urn"},{"floor":40.0,"key":"Akabeko"},{"floor":43,"key":"PreservedInsect"}],"event_choices":[{"damage_healed":0.0,"max_hp_gain":0.0,"max_hp_loss":0.0,"gold_gain":99.0,"event_name":"Nest","player_choice":"Stole From Cult","floor":19.0,"gold_loss":0.0,"damage_taken":0.0},{"damage_healed":0.0,"max_hp_gain":0.0,"max_hp_loss":0.0,"gold_gain":0.0,"event_name":"The Library","player_choice":"Read","floor":21.0,"gold_loss":0.0,"damage_taken":0.0,"cards_obtained":["Seeing Red"]},{"damage_healed":0.0,"max_hp_gain":0.0,"max_hp_loss":0.0,"gold_gain":0.0,"event_name":"Mysterious Sphere","player_choice":"Fight","floor":37.0,"gold_loss":0.0,"damage_taken":0.0},{"damage_healed":0.0,"max_hp_gain":0.0,"max_hp_loss":0.0,"gold_gain":0.0,"event_name":"MindBloom","player_choice":"Fight","floor":38.0,"gold_loss":0.0,"damage_taken":0.0},{"damage_healed":0,"gold_gain":0,"player_choice":"Embrace Madness","damage_taken":11,"max_hp_gain":0,"max_hp_loss":0,"event_name":"Winding Halls","floor":44,"gold_loss":0,"cards_obtained":["Madness","Madness"]},{"damage_healed":0,"gold_gain":0,"player_choice":"Memory 1","damage_taken":0,"max_hp_gain":0,"max_hp_loss":0,"event_name":"SensoryStone","floor":47,"gold_loss":0},{"cards_removed":["Strike_R"],"damage_healed":0,"gold_gain":0,"player_choice":"Removed Attack","damage_taken":0,"max_hp_gain":0,"max_hp_loss":0,"event_name":"Falling","floor":48,"gold_loss":0}],"is_beta":false,"boss_relics":[{"not_picked":["Tiny House","Calling Bell"],"picked":"Empty Cage"},{"not_picked":["Astrolabe","Cursed Key"],"picked":"SacredBark"}],"items_purged_floors":[3],"is_endless":false,"potions_floor_spawned":[5,12,14,16,25,29,33,38],"ascension_level":0}}