{"host":"j4g6ia6asvpyu2b0","time":1614091791,"event":{"mods":["BaseMod","Colored Map","Infinite Spire","Minty Spire (QoL Compilation)","Permanent Neow","Quick Restart","Relic Stats","StSLib","Unceasing Turn Reminder"],"gold_per_floor":[110,110,110,130,140,140,174,189,215,215,250,259,281,320,320,428,428,448,93,122,122,20,20,41,81,81,81,115,115,40,139,139,246,246,269,269,278,297,297,297,324,364,364,398,427,450,475,516,516,516,516,516,104,144,148],"floor_reached":56,"language":"ENG","playtime":1959,"items_purged":["Pain","Strike_G","Strike_G"],"score":1497,"play_id":"a7b32fec-0100-48f5-aeed-e779d5342a36","local_time":"20210223074951","is_ascension_mode":true,"campfire_choices":[{"data":"Neutralize","floor":6.0,"key":"SMITH"},{"data":"Bouncing Flask","floor":10.0,"key":"SMITH"},{"data":"Malaise","floor":15.0,"key":"SMITH"},{"data":"Well Laid Plans","floor":23,"key":"SMITH"},{"data":"Doppelganger","floor":27,"key":"SMITH"},{"data":"Crippling Poison","floor":32,"key":"SMITH"},{"data":"Adrenaline","floor":40,"key":"SMITH"},{"floor":49,"key":"RECALL"},{"data":"Burst","floor":52,"key":"SMITH"}],"circlet_count":0,"master_deck":["Strike_G","Strike_G","Defend_G","Defend_G","Defend_G","Defend_G","Defend_G","Survivor","Neutralize+1","Dagger Throw","Flying Knee","Backflip","Malaise+1","Bouncing Flask+1","Quick Slash","PiercingWail","Calculated Gamble","Doppelganger+1","Well Laid Plans+1","Deadly Poison","Crippling Poison+1","Blur","Caltrops","Blur","Escape Plan+1","Dodge and Roll+1","Adrenaline+1","Backflip","Discovery","Flying Knee+1","Blade Dance+1","Dagger Throw+1","Bouncing Flask","PiercingWail+1","Deadly Poison","Burst+1","Backflip","Footwork","Enlightenment","Chrysalis","Dodge and Roll","Expertise+1"],"relics":["infinitespire:DarkRift","StoneCalendar","infinitespire:Cubic Diamond","infinitespire:Lucky Rock","Snake Skull","CeramicFish","WarpedTongs","Omamori","Philosopher\u0027s Stone","Membership Card","Eternal Feather","Coffee Dripper","infinitespire:Eraser","PreservedInsect","Bottled Lightning","Pear","Runic Dome","Oddly Smooth Stone","Kunai","Centennial Puzzle","HandDrill","infinitespire:Midas Blood","StrikeDummy"],"acts_visited":["Exordium","TheCity","TheBeyond","TheEnding"],"potions_floor_usage":[24,55,55,55],"damage_taken":[{"damage":1.0,"enemies":"2 Louse","floor":1.0,"turns":3.0},{"damage":4.0,"enemies":"Small Slimes","floor":4.0,"turns":3.0},{"damage":0.0,"enemies":"Cultist","floor":5.0,"turns":3.0},{"damage":13.0,"enemies":"Gremlin Nob","floor":7.0,"turns":4.0},{"damage":0.0,"enemies":"Looter","floor":8.0,"turns":3.0},{"damage":28.0,"enemies":"3 Sentries","floor":11.0,"turns":7.0},{"damage":5.0,"enemies":"2 Fungi Beasts","floor":13.0,"turns":2.0},{"damage":4.0,"enemies":"Lagavulin","floor":14.0,"turns":4.0},{"damage":4,"enemies":"The Guardian","floor":16,"turns":7},{"damage":9,"enemies":"3 Byrds","floor":18,"turns":6},{"damage":5,"enemies":"2 Thieves","floor":20,"turns":4},{"damage":8,"enemies":"Snake Plant","floor":24,"turns":3},{"damage":3,"enemies":"Book of Stabbing","floor":25,"turns":6},{"damage":4,"enemies":"Nightmare","floor":28,"turns":5},{"damage":10,"enemies":"Champ","floor":33,"turns":9},{"damage":0,"enemies":"3 Shapes","floor":35,"turns":5},{"damage":6,"enemies":"3 Darklings","floor":38,"turns":4},{"damage":7,"enemies":"4 Shapes","floor":41,"turns":4},{"damage":0,"enemies":"Nemesis","floor":42,"turns":2},{"damage":21,"enemies":"Reptomancer","floor":44,"turns":4},{"damage":2,"enemies":"Spire Growth","floor":45,"turns":4},{"damage":4,"enemies":"Maw","floor":46,"turns":5},{"damage":21,"enemies":"3 Darklings","floor":47,"turns":4},{"damage":0,"enemies":"Nightmare","floor":48,"turns":2},{"damage":11,"enemies":"Donu and Deca","floor":50,"turns":8},{"damage":8,"enemies":"Shield and Spear","floor":54,"turns":5},{"damage":32,"enemies":"The Heart","floor":55,"turns":8}],"seed_played":"-6067194450298129067","potions_obtained":[{"floor":7.0,"key":"SmokeBomb"},{"floor":8.0,"key":"BlessingOfTheForge"},{"floor":14.0,"key":"SpeedPotion"},{"floor":18,"key":"Energy Potion"},{"floor":20,"key":"GhostInAJar"},{"floor":28,"key":"SkillPotion"},{"floor":54,"key":"BlessingOfTheForge"}],"is_trial":false,"path_per_floor":["M","?","?","M","M","R","E","M","T","R","E","?","M","E","R","B",null,"M","$","M","AVR","$","R","M","E","T","R","NM","?","?","?","R","B",null,"M","?","?","M","?","R","M","E","T","E","M","M","M","NM","R","B",null,"R","$","E","B",null],"character_chosen":"THE_SILENT","items_purchased":["Membership Card","Well Laid Plans","Eternal Feather","Deadly Poison","Blur","Caltrops","Footwork","Enlightenment","Chrysalis","Dodge and Roll","HandDrill","infinitespire:Midas Blood"],"campfire_rested":0,"item_purchase_floors":[19,19,19,19,22,22,53,53,53,53,53,53],"current_hp_per_floor":[69,69,69,65,65,65,52,52,52,52,24,24,19,15,15,11,70,61,61,56,56,56,70,62,59,59,70,66,76,76,76,80,70,80,80,80,80,74,74,80,80,80,80,59,57,53,32,32,53,42,80,80,80,72,40],"gold":148,"neow_bonus":"ONE_RARE_RELIC","is_daily":false,"chose_seed":false,"campfire_upgraded":8,"win_rate":0.0,"timestamp":1614091791,"path_taken":["M","?","?","M","M","R","E","M","T","R","E","?","M","E","R","BOSS","M","$","M","AVR","?","R","M","E","T","R","NM","?","?","?","R","BOSS","M","?","?","M","?","R","M","E","T","E","?","M","M","NM","R","BOSS","R","$","E","BOSS"],"items_purchased_type":["Relic","Card","Relic","Card","Card","Card","Card","Card","Card","Card","Relic","Relic"],"build_version":"2020-12-22","purchased_purges":3,"victory":true,"max_hp_per_floor":[70,70,70,70,70,70,70,70,70,70,70,70,70,70,70,70,70,70,70,70,70,70,70,70,70,70,70,70,80,80,80,80,80,80,80,80,80,80,80,80,80,80,80,80,80,80,80,80,80,80,80,80,80,80,80],"relic_stats":{"Centennial Puzzle":[9],"counters":[27,124],"CeramicFish":270,"StoneCalendar":[225],"Eternal Feather":56,"Snake Skull":[193],"PreservedInsect":311,"HandDrill":[0],"Kunai":[9],"obtain_stats":[{"Pear":29,"CeramicFish":11,"Oddly Smooth Stone":42,"StoneCalendar":0,"Eternal Feather":19,"infinitespire:Cubic Diamond":2,"Snake Skull":9,"PreservedInsect":26,"Omamori":14,"infinitespire:Lucky Rock":7,"WarpedTongs":12,"Runic Dome":34,"infinitespire:DarkRift":2,"Centennial Puzzle":48,"Philosopher\u0027s Stone":17,"Coffee Dripper":21,"HandDrill":53,"Membership Card":19,"Bottled Lightning":28,"Kunai":44,"infinitespire:Eraser":25,"StrikeDummy":54,"Ring of the Snake":0,"infinitespire:Midas Blood":53},{"Pear":14,"CeramicFish":6,"Oddly Smooth Stone":19,"StoneCalendar":0,"Eternal Feather":10,"infinitespire:Cubic Diamond":1,"Snake Skull":5,"PreservedInsect":13,"Omamori":8,"infinitespire:Lucky Rock":4,"WarpedTongs":6,"Runic Dome":15,"infinitespire:DarkRift":1,"Centennial Puzzle":24,"Philosopher\u0027s Stone":9,"Coffee Dripper":11,"HandDrill":25,"Membership Card":10,"Bottled Lightning":14,"Kunai":20,"infinitespire:Eraser":13,"StrikeDummy":26,"Ring of the Snake":0,"infinitespire:Midas Blood":25},{"Pear":60,"CeramicFish":23,"Oddly Smooth Stone":84,"StoneCalendar":0,"Eternal Feather":42,"infinitespire:Cubic Diamond":3,"Snake Skull":16,"PreservedInsect":55,"Omamori":29,"infinitespire:Lucky Rock":13,"WarpedTongs":23,"Runic Dome":69,"infinitespire:DarkRift":3,"Centennial Puzzle":103,"Philosopher\u0027s Stone":36,"Coffee Dripper":46,"HandDrill":111,"Membership Card":42,"Bottled Lightning":60,"Kunai":88,"infinitespire:Eraser":55,"StrikeDummy":116,"Ring of the Snake":0,"infinitespire:Midas Blood":111}],"WarpedTongs":[101]},"card_choices":[{"not_picked":["Heel Hook","Slice"],"picked":"Dagger Throw","floor":1.0},{"not_picked":["Dodge and Roll","Flechettes"],"picked":"Flying Knee","floor":4.0},{"not_picked":["PiercingWail","Underhanded Strike"],"picked":"Backflip","floor":5.0},{"not_picked":["Escape Plan","Dagger Throw"],"picked":"Malaise","floor":7.0},{"not_picked":["Poisoned Stab","Flying Knee"],"picked":"Bouncing Flask","floor":8.0},{"not_picked":["Deflect","Underhanded Strike"],"picked":"Quick Slash","floor":11.0},{"not_picked":["Prepared","Reflex"],"picked":"PiercingWail","floor":13.0},{"not_picked":["Underhanded Strike","Storm of Steel"],"picked":"Calculated Gamble","floor":14.0},{"not_picked":["Glass Knife","Die Die Die"],"picked":"Doppelganger","floor":16},{"not_picked":["Dodge and Roll","Dagger Throw"],"picked":"Infinite Blades","floor":18},{"not_picked":["Sucker Punch","Dodge and Roll+1"],"picked":"Crippling Poison","floor":20},{"not_picked":["Die Die Die","Reflex"],"picked":"Blur","floor":24},{"not_picked":["Dagger Throw","Slice"],"picked":"Escape Plan+1","floor":25},{"not_picked":["Finisher","Sucker Punch"],"picked":"Dodge and Roll+1","floor":28},{"not_picked":["Bullet Time","Glass Knife"],"picked":"Adrenaline","floor":33},{"not_picked":["Masterful Stab","Flying Knee"],"picked":"Backflip","floor":35},{"not_picked":["Madness","Blind"],"picked":"Discovery","floor":37},{"not_picked":["Concentrate","Dagger Throw+1"],"picked":"Flying Knee+1","floor":38},{"not_picked":["Prepared+1","Dagger Throw"],"picked":"Blade Dance+1","floor":41},{"not_picked":["Setup","Escape Plan"],"picked":"Dagger Throw+1","floor":42},{"not_picked":["Die Die Die","Eviscerate"],"picked":"Bouncing Flask","floor":44},{"not_picked":["Tactician","Sucker Punch+1"],"picked":"PiercingWail+1","floor":45},{"not_picked":["Expertise","Slice+1"],"picked":"Deadly Poison","floor":46},{"not_picked":["Prepared+1","Predator"],"picked":"Burst","floor":47},{"not_picked":["Prepared","Expertise"],"picked":"Backflip","floor":48},{"not_picked":["Poisoned Stab","Quick Slash+1"],"picked":"Expertise+1","floor":54}],"player_experience":1266816,"relics_obtained":[{"floor":7.0,"key":"infinitespire:Lucky Rock"},{"floor":9.0,"key":"Snake Skull"},{"floor":11.0,"key":"CeramicFish"},{"floor":14.0,"key":"Omamori"},{"floor":25,"key":"infinitespire:Eraser"},{"floor":26,"key":"PreservedInsect"},{"floor":28,"key":"Bottled Lightning"},{"floor":42,"key":"Oddly Smooth Stone"},{"floor":44,"key":"Kunai"},{"floor":48,"key":"Centennial Puzzle"},{"floor":54,"key":"StrikeDummy"}],"event_choices":[{"damage_healed":0.0,"max_hp_gain":0.0,"max_hp_loss":0.0,"gold_gain":0.0,"event_name":"Accursed Blacksmith","player_choice":"Rummage","floor":12.0,"gold_loss":0.0,"damage_taken":0.0,"relics_obtained":["WarpedTongs"],"cards_obtained":["Pain"]},{"damage_healed":0,"gold_gain":0,"player_choice":"Opened","damage_taken":0,"relics_obtained":["Pear"],"max_hp_gain":0,"max_hp_loss":0,"event_name":"The Mausoleum","floor":29,"gold_loss":0,"cards_obtained":["Writhe"]},{"cards_removed":["Strike_G"],"damage_healed":0,"gold_gain":0,"player_choice":"Gave Gold","damage_taken":0,"max_hp_gain":0,"max_hp_loss":0,"event_name":"Beggar","floor":30,"gold_loss":75},{"damage_healed":0,"gold_gain":99,"player_choice":"Stole From Cult","damage_taken":0,"max_hp_gain":0,"max_hp_loss":0,"event_name":"Nest","floor":31,"gold_loss":0},{"cards_removed":["Infinite Blades"],"damage_healed":0,"gold_gain":0,"player_choice":"Removed Power","damage_taken":0,"max_hp_gain":0,"max_hp_loss":0,"event_name":"Falling","floor":36,"gold_loss":0},{"damage_healed":0,"gold_gain":0,"player_choice":"Memory 1","damage_taken":0,"max_hp_gain":0,"max_hp_loss":0,"event_name":"SensoryStone","floor":37,"gold_loss":0},{"damage_healed":0,"gold_gain":0,"player_choice":"Ignored","damage_taken":0,"max_hp_gain":0,"max_hp_loss":0,"event_name":"SecretPortal","floor":39,"gold_loss":0}],"is_beta":false,"boss_relics":[{"not_picked":["WristBlade","Ectoplasm"],"picked":"Philosopher\u0027s Stone"},{"not_picked":["HoveringKite","Empty Cage"],"picked":"Runic Dome"}],"items_purged_floors":[19,22,53],"is_endless":false,"potions_floor_spawned":[7,8,14,18,20,28,35,44,48,54],"ascension_level":2}}