{"host":"at5b10nm0iti0w4x","time":1614038453,"event":{"mods":["2.2 Compatiblity","AchievementEnabler","BaseMod","Bestiary","Block Reminder","Colored Map","Colored Powertips","Highlight Path","Keyboard Shortcuts","Minty Spire (QoL Compilation)","Quick Restart","Relic Stats","Slay the Relics Exporter","StSLib","SuperFastMode","Unknown Chances"],"gold_per_floor":[115,133,83,100,114,149,149,163,163,19,31,96,115,78,78,175,225,209,209,209,209,209,48,61,81,106,21,53,67,67,87,87,190,190,190],"floor_reached":34,"language":"ENG","playtime":1198,"items_purged":[],"score":424,"play_id":"ecc02446-48e8-47cb-86f7-f20b3e29048a","local_time":"20210222190053","is_ascension_mode":false,"campfire_choices":[{"data":"Spot Weakness","floor":15,"key":"SMITH"},{"floor":30,"key":"REST"},{"floor":32,"key":"REST"}],"circlet_count":0,"master_deck":["Strike_R+1","Strike_R+1","Strike_R+1","Defend_R+1","Defend_R+1","Defend_R+1","Defend_R+1","Bash","Reaper","Shrug It Off","Spot Weakness+1","Disarm","Sword Boomerang","Metallicize","Headbutt","Combust","Battle Trance","Inflame","Exhume+1","Cleave","Armaments+1","Rupture","Brutality","Rupture","Feed","Heavy Blade","Armaments+1","Hemokinesis","Seeing Red","Offering"],"relics":["Burning Blood","Prayer Wheel","Lantern","Sling","War Paint","Tiny House","Bottled Flame","Bag of Preparation","White Beast Statue","Gremlin Horn","Fusion Hammer"],"acts_visited":["Exordium","TheCity","TheBeyond"],"potions_floor_usage":[25,25],"damage_taken":[{"damage":14,"enemies":"2 Louse","floor":1,"turns":3},{"damage":5,"enemies":"Small Slimes","floor":2,"turns":4},{"damage":1,"enemies":"Jaw Worm","floor":4,"turns":5},{"damage":2,"enemies":"Looter","floor":5,"turns":5},{"damage":28,"enemies":"Gremlin Nob","floor":6,"turns":5},{"damage":13,"enemies":"Exordium Wildlife","floor":8,"turns":5},{"damage":6,"enemies":"Blue Slaver","floor":11,"turns":4},{"damage":30,"enemies":"Lagavulin Event","floor":12,"turns":6},{"damage":9,"enemies":"Large Slime","floor":13,"turns":6},{"damage":54,"enemies":"Slime Boss","floor":16,"turns":9},{"damage":21,"enemies":"2 Thieves","floor":18,"turns":5},{"damage":31,"enemies":"Spheric Guardian","floor":24,"turns":6},{"damage":28,"enemies":"Centurion and Healer","floor":25,"turns":8},{"damage":27,"enemies":"Gremlin Leader","floor":28,"turns":5},{"damage":31,"enemies":"3 Cultists","floor":29,"turns":5},{"damage":33,"enemies":"Chosen and Byrds","floor":31,"turns":8},{"damage":72,"enemies":"Automaton","floor":33,"turns":8}],"seed_played":"1913079035805925757","potions_obtained":[{"floor":4,"key":"Weak Potion"},{"floor":6,"key":"LiquidMemories"},{"floor":8,"key":"DistilledChaos"},{"floor":11,"key":"Dexterity Potion"},{"floor":24,"key":"FairyPotion"},{"floor":28,"key":"Energy Potion"},{"floor":29,"key":"Ancient Potion"}],"is_trial":false,"path_per_floor":["M","M","?","M","M","E","?","M","T","$","M","?","M","$","R","B",null,"M","?","?","T","?","$","M","M","T","?","E","M","R","M","R","B",null],"character_chosen":"IRONCLAD","items_purchased":["Sling","Inflame","Rupture","Feed"],"campfire_rested":2,"item_purchase_floors":[10,14,23,23],"current_hp_per_floor":[77,80,80,80,80,58,58,65,65,65,66,50,55,55,55,25,85,79,79,79,79,79,79,54,61,61,61,40,21,48,21,48,12,95,95],"gold":190,"neow_bonus":"ONE_RANDOM_RARE_CARD","is_daily":false,"chose_seed":false,"campfire_upgraded":1,"win_rate":0.0,"timestamp":1614038453,"path_taken":["M","M","?","M","M","E","?","M","T","$","M","?","M","?","R","BOSS","M","?","?","?","?","$","M","?","T","?","E","M","R","M","R","BOSS"],"items_purchased_type":["Relic","Card","Card","Card"],"build_version":"2020-12-22","purchased_purges":0,"victory":false,"max_hp_per_floor":[80,80,80,80,80,80,80,80,80,80,80,80,80,80,80,80,85,85,85,85,85,85,85,85,85,85,85,85,91,91,91,91,95,95,95],"relic_stats":{"Gremlin Horn":[5,5],"counters":[17,97],"Prayer Wheel":8,"Bag of Preparation":[8],"War Paint":["Defend_R","Defend_R"],"obtain_stats":[{"Lantern":9,"Bottled Flame":21,"Tiny House":17,"Gremlin Horn":28,"Prayer Wheel":6,"Fusion Hammer":34,"Bag of Preparation":26,"War Paint":12,"Sling":10,"Burning Blood":0,"White Beast Statue":27},{"Lantern":6,"Bottled Flame":11,"Tiny House":10,"Gremlin Horn":14,"Prayer Wheel":5,"Fusion Hammer":17,"Bag of Preparation":13,"War Paint":7,"Sling":6,"Burning Blood":0,"White Beast Statue":13},{"Lantern":27,"Bottled Flame":57,"Tiny House":52,"Gremlin Horn":76,"Prayer Wheel":22,"Fusion Hammer":97,"Bag of Preparation":71,"War Paint":31,"Sling":27,"Burning Blood":0,"White Beast Statue":71}],"Burning Blood":90},"card_choices":[{"not_picked":["True Grit","Flex"],"picked":"Shrug It Off","floor":1},{"not_picked":["True Grit","Flex"],"picked":"Spot Weakness","floor":2},{"not_picked":["Wild Strike","Clothesline"],"picked":"Disarm","floor":4},{"not_picked":["Disarm","Barricade","Anger"],"picked":"SKIP","floor":5},{"not_picked":["Warcry","Dark Embrace"],"picked":"Sword Boomerang","floor":6},{"not_picked":["Body Slam","Iron Wave","Dark Embrace"],"picked":"SKIP","floor":8},{"not_picked":["Armaments","Body Slam","Flex"],"picked":"SKIP","floor":8},{"not_picked":["Hemokinesis","Shrug It Off"],"picked":"Headbutt","floor":11},{"not_picked":["Bloodletting","Pummel"],"picked":"Combust","floor":11},{"not_picked":["Armaments","Pommel Strike"],"picked":"Battle Trance","floor":12},{"not_picked":["Sever Soul","Sword Boomerang","Dropkick"],"picked":"SKIP","floor":13},{"not_picked":["Sentinel","Entrench","Burning Pact"],"picked":"SKIP","floor":13},{"not_picked":["Bludgeon","Berserk"],"picked":"Exhume","floor":16},{"not_picked":["Clothesline","Shrug It Off"],"picked":"Cleave","floor":17},{"not_picked":["Evolve","Clash"],"picked":"Armaments+1","floor":18},{"not_picked":["Armaments","Flame Barrier"],"picked":"Rupture","floor":18},{"not_picked":["Anger","Thunderclap"],"picked":"Heavy Blade","floor":24},{"not_picked":["Clash","Rage","True Grit"],"picked":"SKIP","floor":24},{"not_picked":["Fire Breathing+1","Seeing Red"],"picked":"Armaments+1","floor":25},{"not_picked":["Thunderclap","Havoc","Armaments"],"picked":"SKIP","floor":25},{"not_picked":["Body Slam+1","Cleave"],"picked":"Hemokinesis","floor":28},{"not_picked":["Whirlwind","Wild Strike"],"picked":"Seeing Red","floor":29},{"not_picked":["Power Through","True Grit","Uppercut+1"],"picked":"SKIP","floor":29},{"not_picked":["Clothesline+1","Perfected Strike","Infernal Blade"],"picked":"SKIP","floor":31},{"not_picked":["Flex+1","Dark Embrace+1","Brutality"],"picked":"SKIP","floor":31},{"not_picked":["Double Tap","Bludgeon"],"picked":"Offering","floor":33}],"player_experience":116748,"relics_obtained":[{"floor":6,"key":"Prayer Wheel"},{"floor":9,"key":"Lantern"},{"floor":21,"key":"Bottled Flame"},{"floor":26,"key":"Bag of Preparation"},{"floor":28,"key":"Gremlin Horn"}],"event_choices":[{"cards_removed":["Strike_R"],"damage_healed":0,"gold_gain":0,"player_choice":"Card Removal","damage_taken":0,"max_hp_gain":0,"max_hp_loss":0,"event_name":"The Cleric","floor":3,"gold_loss":50},{"damage_healed":0,"gold_gain":0,"cards_transformed":["Strike_R"],"player_choice":"Change","damage_taken":0,"max_hp_gain":0,"max_hp_loss":0,"event_name":"Living Wall","floor":7,"gold_loss":0,"cards_obtained":["Metallicize"]},{"damage_healed":0,"gold_gain":0,"player_choice":"Searched \u00272\u0027 times","damage_taken":0,"relics_obtained":["War Paint"],"max_hp_gain":0,"max_hp_loss":0,"event_name":"Dead Adventurer","floor":12,"gold_loss":0},{"damage_healed":0,"gold_gain":0,"player_choice":"Simplicity","damage_taken":0,"max_hp_gain":0,"max_hp_loss":0,"event_name":"Back to Basics","floor":19,"gold_loss":0,"cards_upgraded":["Strike_R","Strike_R","Strike_R","Defend_R","Defend_R"]},{"damage_healed":0,"gold_gain":0,"player_choice":"Ignored","damage_taken":0,"max_hp_gain":0,"max_hp_loss":0,"event_name":"Ghosts","floor":20,"gold_loss":0},{"damage_healed":0,"gold_gain":0,"player_choice":"Read","damage_taken":0,"max_hp_gain":0,"max_hp_loss":0,"event_name":"The Library","floor":22,"gold_loss":0,"cards_obtained":["Brutality"]},{"damage_healed":0,"gold_gain":0,"player_choice":"Obtained Relic","damage_taken":0,"relics_obtained":["White Beast Statue"],"max_hp_gain":0,"max_hp_loss":0,"event_name":"Addict","floor":27,"gold_loss":85}],"is_beta":false,"boss_relics":[{"not_picked":["Black Blood","Coffee Dripper"],"picked":"Tiny House"},{"not_picked":["Snecko Eye","Runic Dome"],"picked":"Fusion Hammer"}],"items_purged_floors":[],"is_endless":false,"potions_floor_spawned":[4,6,8,11,18,24,28,29,31,33],"ascension_level":0}}