{"host":"d54lcqy5t45er8jx","time":1614077481,"event":{"mods":["2.2 Compatiblity","AchievementEnabler","BaseMod","CapriCore","Colored Powertips","DeckTracker","Defuse TimeMaze Blight","Hermit","Highlight Path","Hubris","Infinite Spire","Marisa£¨Ùöéë¡¡Øª×âÞÞ£©","Minty Spire (QoL Compilation)","Permanent Neow","Quick Restart","Rare Cards Sparkle","Relic Stats","Remilia£¨?Ú·×é?£©","StSLib","The Animator","The Cursed","The Immortal","The Servant 0.9.4","WarShipGirlsR/??á´Ò³R mod","Yakumo Yukari mod"],"gold_per_floor":[109,126,201,201,201,234,234,234],"floor_reached":7,"language":"ENG","playtime":325,"items_purged":[],"score":148,"play_id":"815b4420-6b93-4483-9897-eb4efbfeba4a","local_time":"20210223195121","daily_mods":["Draft","Heirloom","Flight","DeadlyEvents","Cursed Run","Elite Swarm"],"is_ascension_mode":true,"campfire_choices":[],"circlet_count":0,"master_deck":["AscendersBane","hubris:Hubris","MiserableFate","Ultimatum","EndlessAdversity","ReincarnationDial","BlasphemousPunishment","Stigmanizer","BlasphemousPunishment","Septette","DiffusionOfMisfortune","HunterOfTheNight","NightDance","VampireKiss","UnderTheZenith","EmergencyRegeneration","SuperhumanBloodyKnife","CharismaGuard","TransientEternity","ChaoticDestiny"],"relics":["Cursed Key","Darkstone Periapt","Du-Vu Doll","infinitespire:Golems Mask","hubris:Icosahedron","Bag of Preparation"],"acts_visited":["Exordium"],"potions_floor_usage":[],"damage_taken":[{"damage":6,"enemies":"Small Slimes","floor":1,"turns":2},{"damage":10,"enemies":"Jaw Worm","floor":2,"turns":1},{"damage":1,"enemies":"Gremlin Nob","floor":6,"turns":3},{"damage":32,"enemies":"Lagavulin","floor":7,"turns":3}],"seed_played":"-4631991191050642406","potions_obtained":[{"floor":6,"key":"BlessingOfTheForge"}],"is_trial":true,"path_per_floor":["M","M","?","?","?","E","E"],"character_chosen":"REMILIA","items_purchased":[],"campfire_rested":0,"item_purchase_floors":[],"current_hp_per_floor":[60,50,39,39,39,38,38,38],"gold":234,"neow_bonus":"","is_daily":false,"chose_seed":false,"campfire_upgraded":0,"win_rate":0.0,"timestamp":1614077481,"path_taken":["M","M","?","?","?","E","E"],"items_purchased_type":[],"build_version":"2020-12-22","purchased_purges":0,"victory":false,"max_hp_per_floor":[70,70,70,70,70,70,70,70],"relic_stats":{"Darkstone Periapt":0,"counters":[4,9],"Bag of Preparation":[2],"Cursed Key":0,"obtain_stats":[{"Darkstone Periapt":0,"Du-Vu Doll":0,"hubris:Icosahedron":4,"infinitespire:Golems Mask":0,"Bag of Preparation":6,"Cursed Key":0},{"Darkstone Periapt":0,"Du-Vu Doll":0,"hubris:Icosahedron":2,"infinitespire:Golems Mask":0,"Bag of Preparation":3,"Cursed Key":0},{"Darkstone Periapt":0,"Du-Vu Doll":0,"hubris:Icosahedron":3,"infinitespire:Golems Mask":0,"Bag of Preparation":6,"Cursed Key":0}]},"card_choices":[{"not_picked":["ScarletDevil","RedRainbow"],"picked":"MiserableFate","floor":0},{"not_picked":["StarOfDavid","UnderTheZenith"],"picked":"Ultimatum","floor":0},{"not_picked":["RedRainbow","ScarletDevil"],"picked":"EndlessAdversity","floor":0},{"not_picked":["FitfulNightmare","EndlessAdversity"],"picked":"ReincarnationDial","floor":0},{"not_picked":["EndlessAdversity","UnderTheZenith"],"picked":"BlasphemousPunishment","floor":0},{"not_picked":["ScarletNetherworld","ScarletImprint"],"picked":"BlasphemousPunishment","floor":0},{"not_picked":["MastersStateliness","ScarletDevil"],"picked":"Stigmanizer","floor":0},{"not_picked":["ScarletImprint","ScarletGensokyo"],"picked":"BlasphemousPunishment","floor":0},{"not_picked":["FavorOfDestiny","RedRainbow"],"picked":"Septette","floor":0},{"not_picked":["BombardNight","ScarletDevil"],"picked":"DiffusionOfMisfortune","floor":0},{"not_picked":["ScarletImprint","BombardNight"],"picked":"HunterOfTheNight","floor":0},{"not_picked":["ScarletImprint","BloodHunter"],"picked":"NightDance","floor":0},{"not_picked":["SuperhumanBloodyKnife","MastersStateliness"],"picked":"VampireKiss","floor":0},{"not_picked":["ChainGang","BloodHunter"],"picked":"UnderTheZenith","floor":0},{"not_picked":["MastersStateliness","Stigmanizer"],"picked":"EmergencyRegeneration","floor":0},{"not_picked":["ScarletImprint","BombardNight"],"picked":"SuperhumanBloodyKnife","floor":1},{"not_picked":["BombardNight","AfternoonTea"],"picked":"CharismaGuard","floor":2},{"not_picked":["HunterOfTheNight","UnstableMagic","LeisurelyOfLord"],"picked":"SKIP","floor":2},{"not_picked":["ScarletMeister","BloodyCatastrophe"],"picked":"TransientEternity","floor":6},{"not_picked":["ScarletMeister","KillingBlow"],"picked":"ChaoticDestiny","floor":6}],"player_experience":1099929,"relics_obtained":[{"floor":6,"key":"Bag of Preparation"}],"event_choices":[{"damage_healed":0,"gold_gain":75,"player_choice":"Gather Gold","damage_taken":11,"max_hp_gain":0,"max_hp_loss":0,"event_name":"World of Goop","floor":3,"gold_loss":0},{"cards_removed":["BlasphemousPunishment"],"damage_healed":0,"gold_gain":0,"player_choice":"Purged","damage_taken":0,"max_hp_gain":0,"max_hp_loss":0,"event_name":"Purifier","floor":5,"gold_loss":0}],"is_beta":false,"boss_relics":[],"items_purged_floors":[],"is_endless":false,"potions_floor_spawned":[6],"killed_by":"Lagavulin","ascension_level":20}}