{"host":"0r455zfix56tawas","time":1614111775,"event":{"mods":["AlwaysNeverKeys","BaseMod","Colored Powertips","Downfall","Highlight Path","Minty Spire (QoL Compilation)","Permanent Neow","StSLib","The Necromancer","The Servant 0.9.4"],"gold_per_floor":[99,119,119,136,311,3,83,83,100,100,100,100,100],"floor_reached":11,"language":"ENG","playtime":353,"items_purged":[],"score":61,"play_id":"c18d0908-2fbe-40bc-ac2b-e4a795a69691","local_time":"20210223212255","is_ascension_mode":false,"campfire_choices":[{"data":"champ:Taunt","floor":1,"key":"SMITH"},{"data":"Apotheosis","floor":8,"key":"SMITH"},{"data":"champ:ArenaPreparation","floor":10,"key":"SMITH"}],"circlet_count":0,"master_deck":["champ:Strike","champ:Strike","champ:Strike","champ:Strike","champ:Defend","champ:Defend","champ:Defend","champ:Defend","champ:Execute","champ:Taunt+1","champ:MurderStrike","champ:Lariat","champ:BringItOn","Doubt","Apotheosis+1","champ:AdrenalArmor","champ:EnGarde","champ:ArenaPreparation+1"],"relics":["champ:ChampionCrown","Letter Opener"],"acts_visited":["Exordium"],"potions_floor_usage":[],"damage_taken":[{"damage":6,"enemies":"Small Slimes","floor":2,"turns":5},{"damage":52,"enemies":"Jaw Worm","floor":4,"turns":7},{"damage":10,"enemies":"downfall:FleeingMerchant","floor":6,"turns":4},{"damage":25,"enemies":"Cultist","floor":9,"turns":4},{"damage":75,"enemies":"Gremlin Nob","floor":11,"turns":3}],"seed_played":"8857823938877969276","potions_obtained":[{"floor":4,"key":"BlessingOfTheForge"},{"floor":9,"key":"FearPotion"}],"is_trial":false,"path_per_floor":["R","M","?","M","?","$","T","R","M","R","E"],"character_chosen":"THE_CHAMP","items_purchased":["Apotheosis","champ:AdrenalArmor","champ:EnGarde"],"campfire_rested":0,"item_purchase_floors":[6,6,6],"current_hp_per_floor":[81,80,80,68,68,68,68,68,68,68,0,0,0],"gold":100,"neow_bonus":"THREE_RARE_CARDS","is_daily":false,"chose_seed":false,"campfire_upgraded":3,"win_rate":0.0,"timestamp":1614111775,"path_taken":["R","M","?","M","?","?","T","R","?","R","E"],"items_purchased_type":["Card","Card","Card"],"build_version":"2020-12-22","purchased_purges":0,"victory":false,"max_hp_per_floor":[81,81,81,81,81,81,81,81,81,81,81,81,81],"card_choices":[{"not_picked":["champ:Devastate","champ:HeavySlash"],"picked":"champ:MurderStrike","floor":0},{"not_picked":["champ:GutPunch","champ:PerfectedStrike"],"picked":"champ:Lariat","floor":2},{"not_picked":["champ:FocusedDefense","champ:GladiatorStyle"],"picked":"champ:BringItOn","floor":4},{"not_picked":["champ:PerfectedStrike","champ:SetATrap","champ:SkillfulDodge"],"picked":"SKIP","floor":6},{"not_picked":["champ:Shatter","champ:Backstep"],"picked":"champ:ArenaPreparation","floor":9}],"player_experience":1023982,"relics_obtained":[{"floor":7,"key":"Letter Opener"}],"event_choices":[],"is_beta":false,"boss_relics":[],"items_purged_floors":[],"is_endless":false,"potions_floor_spawned":[2,4,9],"killed_by":"Gremlin Nob","ascension_level":0}}