{"host":"my4gslufyvqsq7r2","time":1614051875,"event":{"mods":["BaseMod","Colored Powertips","Hermit","Hubris","Infinite Spire","Minty Spire (QoL Compilation)","Rare Cards Sparkle","Relic Stats","Reliquary","Replay The Spire","Robot Space Explorer","StSLib"],"gold_per_floor":[113,130,130,55,72,72,84,101,125,125,125,136,136,136,136,240,240,250,264,264,278,132,132,149,182,261,261,273,283,283,283],"floor_reached":30,"language":"ENG","playtime":1882,"items_purged":["hermit:Defend_Hermit"],"score":294,"play_id":"c7a6e6e8-bbe5-4511-b6bf-f3e8ec35f1ba","local_time":"20210222224435","is_ascension_mode":false,"campfire_choices":[{"data":"hermit:CalledShot","floor":6,"key":"SMITH"},{"data":"hermit:Dive","floor":10,"key":"SMITH"},{"data":"hermit:TakeAim","floor":13,"key":"SMITH"},{"data":"hermit:Strike_Hermit","floor":15,"key":"PURGE"},{"floor":23,"key":"REST"},{"floor":27,"key":"REST"}],"circlet_count":0,"master_deck":["hermit:Strike_Hermit","hermit:Strike_Hermit","hermit:Defend_Hermit","hermit:Defend_Hermit","hermit:Defend_Hermit","hermit:Snapshot","hermit:Covet","hermit:CalledShot+1","hermit:Headshot","hermit:TakeAim+1","hermit:WideOpen","hermit:Dive+1","hermit:Ricochet","hermit:BlackWind","hermit:Feint","hermit:Glare","hermit:ItchyTrigger","ReplayTheSpireMod:Private Reserves","hermit:Vantage","hermit:CalledShot","hermit:Combo","hermit:GhostlyPresence","hermit:Dissolve"],"relics":["hermit:Momento","NeowsBlessing","Oddly Smooth Stone","reliquary:TuningFork","SlaversCollar","Meat on the Bone","infinitespire:Satchel","White Beast Statue"],"acts_visited":["Exordium","TheCity"],"potions_floor_usage":[16,18,21,25,29,30],"damage_taken":[{"damage":0,"enemies":"Jaw Worm","floor":1,"turns":1},{"damage":0,"enemies":"Small Slimes","floor":2,"turns":1},{"damage":0,"enemies":"Cultist","floor":5,"turns":1},{"damage":0,"enemies":"Blue Slaver","floor":7,"turns":3},{"damage":0,"enemies":"Exordium Wildlife","floor":8,"turns":3},{"damage":4,"enemies":"Looter","floor":12,"turns":3},{"damage":0,"enemies":"Slime Boss","floor":16,"turns":11},{"damage":26,"enemies":"3 Byrds","floor":18,"turns":6},{"damage":4,"enemies":"Chosen","floor":19,"turns":4},{"damage":12,"enemies":"Snake Plant","floor":21,"turns":5},{"damage":22,"enemies":"Shelled Parasite and Fungi","floor":24,"turns":5},{"damage":35,"enemies":"Slavers","floor":25,"turns":5},{"damage":27,"enemies":"3 Cultists","floor":28,"turns":7},{"damage":28,"enemies":"Snake Plant","floor":29,"turns":5},{"damage":13,"enemies":"Chosen and Byrds","floor":30,"turns":4}],"seed_played":"7213945872590567645","potions_obtained":[{"floor":1,"key":"LifebloodPotion"},{"floor":7,"key":"Strength Potion"},{"floor":18,"key":"Languid Potion"},{"floor":21,"key":"DuplicationPotion"},{"floor":28,"key":"Elixir"},{"floor":29,"key":"FearPotion"}],"is_trial":false,"path_per_floor":["M","M","?","$","M","R","M","M","T","R","?","M","R","?","R","B",null,"M","M","?","M","$","R","M","E","T","R","M","M","M"],"character_chosen":"HERMIT","items_purchased":["ReplayTheSpireMod:Private Reserves","hermit:Vantage"],"campfire_rested":2,"item_purchase_floors":[22,22],"current_hp_per_floor":[75,75,68,68,68,68,68,68,68,68,68,64,64,64,64,64,75,49,45,45,45,45,67,45,22,22,44,29,13,0,0],"gold":283,"neow_bonus":"THREE_ENEMY_KILL","is_daily":false,"chose_seed":false,"campfire_upgraded":3,"win_rate":0.0,"timestamp":1614051875,"path_taken":["M","M","?","$","M","R","M","M","T","R","?","M","R","?","R","BOSS","M","M","?","M","$","R","M","E","T","R","?","M","M"],"items_purchased_type":["Card","Card"],"build_version":"2020-12-22","purchased_purges":1,"victory":false,"max_hp_per_floor":[75,75,75,75,75,75,75,75,75,75,75,75,75,75,75,75,75,75,75,75,75,75,75,75,75,75,75,75,75,75,75],"relic_stats":{"counters":[15,64],"obtain_stats":[{"SlaversCollar":17,"NeowsBlessing":0,"Oddly Smooth Stone":3,"infinitespire:Satchel":25,"reliquary:TuningFork":9,"hermit:Momento":0,"White Beast Statue":26,"Meat on the Bone":20},{"SlaversCollar":7,"NeowsBlessing":0,"Oddly Smooth Stone":2,"infinitespire:Satchel":12,"reliquary:TuningFork":5,"hermit:Momento":0,"White Beast Statue":12,"Meat on the Bone":9},{"SlaversCollar":23,"NeowsBlessing":0,"Oddly Smooth Stone":2,"infinitespire:Satchel":48,"reliquary:TuningFork":9,"hermit:Momento":0,"White Beast Statue":48,"Meat on the Bone":33}],"Meat on the Bone":48},"card_choices":[{"not_picked":["hermit:LowProfile","hermit:Glare"],"picked":"hermit:CalledShot","floor":1},{"not_picked":["hermit:EyeOfTheStorm","hermit:WideOpen"],"picked":"hermit:Headshot","floor":2},{"not_picked":["hermit:PistolWhip","hermit:ItchyTrigger"],"picked":"hermit:TakeAim","floor":5},{"not_picked":["hermit:Dissolve","hermit:Roulette"],"picked":"hermit:WideOpen","floor":7},{"not_picked":["hermit:ItchyTrigger","hermit:Snipe"],"picked":"hermit:Dive","floor":8},{"not_picked":["hermit:Reprieve","hermit:Determination"],"picked":"hermit:Ricochet","floor":12},{"not_picked":["hermit:FinalCanter","hermit:EternalForm"],"picked":"hermit:BlackWind","floor":16},{"not_picked":["hermit:FullyLoaded+1","hermit:Desperado"],"picked":"hermit:Feint","floor":18},{"not_picked":["hermit:Vantage","hermit:Snipe"],"picked":"hermit:Glare","floor":19},{"not_picked":["hermit:Cheat+1","hermit:CalledShot"],"picked":"hermit:ItchyTrigger","floor":21},{"not_picked":["hermit:Desperado","hermit:Brawl+1"],"picked":"hermit:CalledShot","floor":24},{"not_picked":["hermit:TakeAim","hermit:TakeCover"],"picked":"hermit:Combo","floor":25},{"not_picked":["hermit:Manifest","hermit:TrackingShot"],"picked":"hermit:GhostlyPresence","floor":28},{"not_picked":["hermit:Showdown","hermit:CalledShot"],"picked":"hermit:Dissolve","floor":29}],"player_experience":572850,"relics_obtained":[{"floor":9,"key":"reliquary:TuningFork"},{"floor":20,"key":"Meat on the Bone"},{"floor":25,"key":"infinitespire:Satchel"},{"floor":26,"key":"White Beast Statue"}],"event_choices":[{"damage_healed":0,"gold_gain":0,"player_choice":"Success","damage_taken":7,"relics_obtained":["Oddly Smooth Stone"],"max_hp_gain":0,"max_hp_loss":0,"event_name":"Scrap Ooze","floor":3,"gold_loss":0},{"damage_healed":0,"gold_gain":0,"player_choice":"Relic","damage_taken":0,"max_hp_gain":0,"max_hp_loss":0,"event_name":"Wheel of Change","floor":20,"gold_loss":0}],"is_beta":false,"boss_relics":[{"not_picked":["hubris:GrandSneckoEye","hubris:Stopwatch"],"picked":"SlaversCollar"}],"items_purged_floors":[4],"is_endless":false,"potions_floor_spawned":[1,7,18,21,28,29],"killed_by":"Chosen and Byrds","ascension_level":0}}