{"host":"43a645w54hpfbzri","time":1614048629,"event":{"mods":["AchievementEnabler","BaseMod","BetterRewards","Card Forge","Colored Map","Colored Powertips","Minty Spire (QoL Compilation)","Rare Cards Sparkle","StSLib","The Cursed"],"gold_per_floor":[144,189,169,169,214,214,214,304,304,349,349,394,394,439,439,739,739,784,829,583,498,543,543,543,633,633,633,0,45,45,160,160,460,460,505,505,575,620,357,357,447,447,447,492,492,492,367,412,412,412],"floor_reached":51,"language":"ENG","playtime":1682,"items_purged":["Consecrate+1","HandOfGreed+1","Doubt"],"score":890,"play_id":"03bc2f8c-c61d-4611-b67b-18be8ecc5fe0","local_time":"20210222195029","daily_mods":["Draft","Green Cards","Midas"],"is_ascension_mode":false,"campfire_choices":[{"floor":6,"key":"REST"},{"floor":13,"key":"REST"},{"floor":15,"key":"REST"},{"floor":23,"key":"REST"},{"floor":30,"key":"REST"},{"floor":32,"key":"REST"},{"floor":40,"key":"REST"},{"floor":45,"key":"REST"},{"floor":49,"key":"REST"}],"circlet_count":0,"master_deck":["Prostrate+1","PathToVictory+1","Prostrate+1","Devotion+1","Judgement+1","PathToVictory+1","Prostrate+1","SignatureMove+1","Vault+1"],"relics":["PureWater","Hammer of Thor","Seething Fire","Anvil of the Gods","Centennial Puzzle","Fusion Hammer","InkBottle","Dead Branch","Cursed Key","Akabeko"],"acts_visited":["Exordium","TheCity","TheBeyond"],"potions_floor_usage":[8,10,33,50,50],"damage_taken":[{"damage":0,"enemies":"Jaw Worm","floor":1,"turns":2},{"damage":0,"enemies":"Cultist","floor":2,"turns":2},{"damage":0,"enemies":"2 Louse","floor":5,"turns":1},{"damage":0,"enemies":"Gremlin Nob","floor":8,"turns":2},{"damage":2,"enemies":"Looter","floor":10,"turns":2},{"damage":12,"enemies":"Large Slime","floor":12,"turns":2},{"damage":0,"enemies":"Exordium Thugs","floor":14,"turns":2},{"damage":30,"enemies":"Hexaghost","floor":16,"turns":3},{"damage":6,"enemies":"Chosen","floor":18,"turns":2},{"damage":0,"enemies":"Shell Parasite","floor":19,"turns":1},{"damage":4,"enemies":"Centurion and Healer","floor":22,"turns":2},{"damage":0,"enemies":"Gremlin Leader","floor":25,"turns":2},{"damage":10,"enemies":"Shelled Parasite and Fungi","floor":29,"turns":2},{"damage":12,"enemies":"Slavers","floor":31,"turns":2},{"damage":0,"enemies":"Collector","floor":33,"turns":2},{"damage":7,"enemies":"Orb Walker","floor":35,"turns":2},{"damage":0,"enemies":"3 Darklings","floor":37,"turns":3},{"damage":24,"enemies":"Writhing Mass","floor":38,"turns":2},{"damage":0,"enemies":"Reptomancer","floor":41,"turns":3},{"damage":3,"enemies":"Sphere and 2 Shapes","floor":44,"turns":2},{"damage":0,"enemies":"4 Shapes","floor":48,"turns":2},{"damage":57,"enemies":"Awakened One","floor":50,"turns":6}],"seed_played":"-7386017133472573341","potions_obtained":[{"floor":1,"key":"DistilledChaos"},{"floor":2,"key":"Dexterity Potion"},{"floor":3,"key":"Dexterity Potion"},{"floor":10,"key":"Fruit Juice"},{"floor":16,"key":"Energy Potion"},{"floor":19,"key":"DuplicationPotion"},{"floor":29,"key":"BottledMiracle"},{"floor":38,"key":"SpeedPotion"},{"floor":48,"key":"Ambrosia"}],"is_trial":false,"path_per_floor":["M","M","?","$","M","R","?","E","T","M","$","M","R","M","R","B",null,"M","M","$","?","M","R","?","E","T","?","?","M","R","E","R","B",null,"M","?","M","M","$","R","E","?","T","M","R","?","$","M","R","B",null],"character_chosen":"WATCHER","items_purchased":["HandOfGreed","Vault"],"campfire_rested":9,"item_purchase_floors":[20,39],"current_hp_per_floor":[72,72,72,72,72,72,72,72,72,75,75,63,77,77,77,47,77,71,71,71,71,67,77,63,63,63,63,63,53,77,65,82,82,82,75,75,75,51,51,75,75,75,75,72,82,82,82,82,82,25],"gold":412,"neow_bonus":"","is_daily":true,"chose_seed":false,"campfire_upgraded":0,"win_rate":0.0,"timestamp":1614048629,"path_taken":["M","M","?","$","?","R","?","E","T","M","$","M","R","M","R","BOSS","M","M","$","?","M","R","?","E","T","?","?","M","R","E","R","BOSS","M","?","M","M","$","R","E","?","T","?","R","?","$","M","R","BOSS"],"items_purchased_type":["Card","Card"],"build_version":"2020-12-22","purchased_purges":3,"victory":true,"max_hp_per_floor":[72,72,72,72,72,72,72,72,72,77,77,77,77,77,77,77,77,77,77,77,77,77,77,82,82,82,82,82,82,82,82,82,82,82,82,82,82,82,82,82,82,82,82,82,82,82,82,82,82,82],"card_choices":[{"not_picked":["Catalyst","WindmillStrike"],"picked":"CutThroughFate","floor":0},{"not_picked":["Wallop","Study"],"picked":"BowlingBash","floor":0},{"not_picked":["FlurryOfBlows","PiercingWail"],"picked":"Evaluate","floor":0},{"not_picked":["Escape Plan","ReachHeaven"],"picked":"ThirdEye","floor":0},{"not_picked":["PiercingWail","Infinite Blades"],"picked":"Prostrate","floor":0},{"not_picked":["Protect","EmptyBody"],"picked":"CutThroughFate","floor":0},{"not_picked":["Bouncing Flask","FollowUp"],"picked":"Blade Dance","floor":0},{"not_picked":["Quick Slash","Slice"],"picked":"Deadly Poison","floor":0},{"not_picked":["EmptyFist","TalkToTheHand"],"picked":"PathToVictory","floor":0},{"not_picked":["Escape Plan","Deflect"],"picked":"Terror","floor":0},{"not_picked":["ThirdEye","SashWhip"],"picked":"Prostrate","floor":0},{"not_picked":["BowlingBash","Blade Dance"],"picked":"ThirdEye","floor":0},{"not_picked":["Crescendo","Swivel"],"picked":"Cloak And Dagger","floor":0},{"not_picked":["Sucker Punch","Blur"],"picked":"Consecrate","floor":0},{"not_picked":["Cloak And Dagger","PiercingWail"],"picked":"FollowUp","floor":0},{"not_picked":["Meditate","CrushJoints","EmptyBody"],"picked":"SKIP","floor":1},{"not_picked":["JustLucky","MentalFortress","Dagger Spray"],"picked":"SKIP","floor":2},{"not_picked":["CrushJoints","ThirdEye","Slice"],"picked":"SKIP","floor":5},{"not_picked":["Phantasmal Killer","Dodge and Roll","Concentrate"],"picked":"SKIP","floor":8},{"not_picked":["WreathOfFlame","Eviscerate","Blade Dance"],"picked":"SKIP","floor":10},{"not_picked":["Deflect","Backflip"],"picked":"SignatureMove","floor":12},{"not_picked":["Study","Fasting2","Swivel"],"picked":"SKIP","floor":14},{"not_picked":["CrushJoints","Outmaneuver","Catalyst"],"picked":"SKIP","floor":18},{"not_picked":["Worship+1","FlurryOfBlows","Evaluate"],"picked":"SKIP","floor":19},{"not_picked":["Adaptation","Crescendo","WheelKick"],"picked":"SKIP","floor":22},{"not_picked":["ClearTheMind","Outmaneuver+1","Slice"],"picked":"SKIP","floor":25},{"not_picked":["Flying Knee","Fasting2","Quick Slash"],"picked":"SKIP","floor":29},{"not_picked":["Deadly Poison","ConjureBlade","Nirvana"],"picked":"SKIP","floor":31},{"not_picked":["Crippling Poison","Prostrate+1","Protect+1"],"picked":"SKIP","floor":35},{"not_picked":["Evaluate","Protect","FlyingSleeves"],"picked":"SKIP","floor":37},{"not_picked":["Endless Agony+1","Perseverance","Fasting2+1"],"picked":"SKIP","floor":38},{"not_picked":["Corpse Explosion","FlurryOfBlows+1","Sucker Punch"],"picked":"SKIP","floor":41},{"not_picked":["ClearTheMind+1","FlurryOfBlows+1","PathToVictory"],"picked":"SKIP","floor":44},{"not_picked":["Expertise","Underhanded Strike","Caltrops+1"],"picked":"SKIP","floor":48}],"player_experience":68814,"relics_obtained":[{"floor":9,"key":"Centennial Puzzle"},{"floor":31,"key":"Dead Branch"},{"floor":41,"key":"Akabeko"}],"event_choices":[{"damage_healed":0,"gold_gain":0,"player_choice":"Bought 1 Potion","damage_taken":0,"max_hp_gain":0,"max_hp_loss":0,"event_name":"The Woman in Blue","floor":3,"gold_loss":0},{"damage_healed":0,"gold_gain":0,"player_choice":"Leave","damage_taken":0,"max_hp_gain":0,"max_hp_loss":0,"event_name":"The Cleric","floor":7,"gold_loss":0},{"damage_healed":0,"gold_gain":0,"player_choice":"Obtained Relic","damage_taken":0,"relics_obtained":["InkBottle"],"max_hp_gain":0,"max_hp_loss":0,"event_name":"Addict","floor":21,"gold_loss":85},{"damage_healed":0,"gold_gain":0,"player_choice":"Shed Blood","damage_taken":19,"max_hp_gain":5,"max_hp_loss":0,"event_name":"Forgotten Altar","floor":24,"gold_loss":0},{"damage_healed":0,"gold_gain":0,"player_choice":"Obtain J.A.X.","damage_taken":0,"max_hp_gain":0,"max_hp_loss":0,"event_name":"Drug Dealer","floor":27,"gold_loss":0,"cards_obtained":["J.A.X."]},{"damage_healed":0,"gold_gain":0,"player_choice":"Paid Fearfully","damage_taken":0,"max_hp_gain":0,"max_hp_loss":0,"event_name":"Masked Bandits","floor":28,"gold_loss":633},{"damage_healed":0,"gold_gain":0,"player_choice":"Memory 1","damage_taken":0,"max_hp_gain":0,"max_hp_loss":0,"event_name":"SensoryStone","floor":36,"gold_loss":0},{"damage_healed":0,"gold_gain":0,"player_choice":"Ignored","damage_taken":0,"max_hp_gain":0,"max_hp_loss":0,"event_name":"Purifier","floor":42,"gold_loss":0},{"damage_healed":0,"gold_gain":0,"player_choice":"Heal","damage_taken":0,"max_hp_gain":0,"max_hp_loss":0,"event_name":"MindBloom","floor":46,"gold_loss":0,"cards_obtained":["Doubt"]}],"is_beta":false,"boss_relics":[{"not_picked":["Astrolabe","Runic Pyramid"],"picked":"Fusion Hammer"},{"not_picked":["Calling Bell","Velvet Choker"],"picked":"Cursed Key"}],"items_purged_floors":[20,39,47],"is_endless":false,"potions_floor_spawned":[1,2,10,16,19,25,29,38,44,48],"ascension_level":0}}