{"host":"en4narc5947t7k9n","time":1614075899,"event":{"mods":["AchievementEnabler","BaseMod","Colored Map","Minty Spire (QoL Compilation)","SuperFastMode"],"gold_per_floor":[114,114,114,134,134,134,149,149,195,208,234,234,254,27,27,132,132,145,158,173,173,19,19,33,33,33,33,43,43,58,58,58,162,162,180,23,43,43,43,43,53,53,53,71,71,71,71],"floor_reached":46,"language":"KOR","playtime":2031,"items_purged":[],"score":447,"play_id":"6d5ee07b-eee9-4dfc-900c-05fb929892f0","local_time":"20210223192459","is_ascension_mode":false,"campfire_choices":[{"floor":6,"key":"RECALL"},{"data":"Masterful Stab","floor":8,"key":"SMITH"},{"data":"Bouncing Flask","floor":15,"key":"SMITH"},{"data":"Terror","floor":23,"key":"SMITH"},{"data":"Dash","floor":25,"key":"SMITH"},{"floor":32,"key":"REST"},{"data":"Corpse Explosion","floor":40,"key":"SMITH"},{"data":"Die Die Die","floor":42,"key":"SMITH"}],"circlet_count":0,"master_deck":["Strike_G","Strike_G","Strike_G","Strike_G","Defend_G","Defend_G","Defend_G","Defend_G","Survivor","Neutralize","Quick Slash","Slice","Masterful Stab+1","Outmaneuver","Terror+1","Bane","Bouncing Flask+1","Noxious Fumes","Dash+1","Die Die Die+1","CurseOfTheBell","Deadly Poison","Dodge and Roll+1","Poisoned Stab+1","Blade Dance","Reflex","Deflect+1","Corpse Explosion+1","Blade Dance+1","PiercingWail+1","Finisher","Blade Dance+1","Flechettes","Heel Hook+1","Slice+1"],"relics":["Ring of the Snake","NeowsBlessing","Ornamental Fan","Calling Bell","Ice Cream","Ancient Tea Set","Ninja Scroll","ClockworkSouvenir","Meat on the Bone","Prayer Wheel","Nilry\u0027s Codex","WristBlade","Lee\u0027s Waffle","Omamori"],"acts_visited":["Exordium","TheCity","TheBeyond"],"potions_floor_usage":[11,12,16,16,33,33,35,35,35,46,46],"damage_taken":[{"damage":0,"enemies":"Cultist","floor":1,"turns":1},{"damage":0,"enemies":"2 Louse","floor":4,"turns":1},{"damage":0,"enemies":"Small Slimes","floor":7,"turns":1},{"damage":0,"enemies":"Blue Slaver","floor":10,"turns":3},{"damage":16,"enemies":"Gremlin Nob","floor":11,"turns":4},{"damage":0,"enemies":"Exordium Thugs","floor":12,"turns":1},{"damage":13,"enemies":"Large Slime","floor":13,"turns":4},{"damage":22,"enemies":"Hexaghost","floor":16,"turns":7},{"damage":10,"enemies":"Shell Parasite","floor":18,"turns":4},{"damage":11,"enemies":"3 Byrds","floor":19,"turns":4},{"damage":11,"enemies":"Centurion and Healer","floor":20,"turns":5},{"damage":0,"enemies":"Snake Plant","floor":24,"turns":3},{"damage":7,"enemies":"Shelled Parasite and Fungi","floor":28,"turns":4},{"damage":10,"enemies":"Snecko","floor":30,"turns":3},{"damage":46,"enemies":"Automaton","floor":33,"turns":10},{"damage":44,"enemies":"3 Darklings","floor":35,"turns":7},{"damage":0,"enemies":"3 Shapes","floor":37,"turns":3},{"damage":14,"enemies":"Sphere and 2 Shapes","floor":41,"turns":3},{"damage":13,"enemies":"Spire Growth","floor":44,"turns":4},{"damage":81,"enemies":"Time Eater","floor":46,"turns":5}],"seed_played":"-923479175007204850","potions_obtained":[{"floor":3,"key":"Dexterity Potion"},{"floor":3,"key":"SmokeBomb"},{"floor":3,"key":"FearPotion"},{"floor":4,"key":"LiquidBronze"},{"floor":13,"key":"AttackPotion"},{"floor":18,"key":"Poison Potion"},{"floor":28,"key":"GhostInAJar"},{"floor":30,"key":"Strength Potion"},{"floor":33,"key":"EntropicBrew"},{"floor":41,"key":"Energy Potion"},{"floor":44,"key":"SkillPotion"}],"is_trial":false,"path_per_floor":["M","$","?","M","?","R","M","R","T","M","E","M","M","$","R","B",null,"M","M","M","?","$","R","M","R","T","?","M","$","M","?","R","B",null,"M","$","M","?","$","R","M","R","T","M","?","B"],"character_chosen":"THE_SILENT","items_purchased":["Bouncing Flask","Noxious Fumes","Dash","ClockworkSouvenir","Lee\u0027s Waffle"],"campfire_rested":1,"item_purchase_floors":[14,14,14,22,36],"current_hp_per_floor":[70,70,70,70,70,70,70,70,70,70,54,54,41,41,41,19,70,60,49,38,38,38,38,38,38,38,38,43,43,45,29,50,16,70,38,77,77,77,77,77,63,63,63,50,50,0,0],"gold":71,"neow_bonus":"THREE_ENEMY_KILL","is_daily":false,"chose_seed":false,"campfire_upgraded":6,"win_rate":0.0,"timestamp":1614075899,"path_taken":["M","?","?","?","?","R","M","R","T","M","E","?","M","$","R","BOSS","M","M","?","?","$","R","M","R","T","?","?","$","M","?","R","BOSS","M","$","M","?","?","R","M","R","T","M","?","BOSS"],"items_purchased_type":["Card","Card","Card","Relic","Relic"],"build_version":"2020-12-22","purchased_purges":0,"victory":false,"max_hp_per_floor":[70,70,70,70,70,70,70,70,70,70,70,70,70,70,70,70,70,70,70,70,70,70,70,70,70,70,70,70,70,70,70,70,70,70,70,77,77,77,77,77,77,77,77,77,77,77,77],"card_choices":[{"not_picked":["Sucker Punch","Riddle With Holes"],"picked":"Quick Slash","floor":1},{"not_picked":["Dagger Throw","Dagger Spray"],"picked":"Slice","floor":4},{"not_picked":["Calculated Gamble","Prepared"],"picked":"Masterful Stab","floor":7},{"not_picked":["Underhanded Strike","Blade Dance"],"picked":"Outmaneuver","floor":10},{"not_picked":["Wraith Form v2","Flying Knee"],"picked":"Terror","floor":11},{"not_picked":["PiercingWail","Blur"],"picked":"Bane","floor":13},{"not_picked":["Burst","Doppelganger"],"picked":"Die Die Die","floor":16},{"not_picked":["Blade Dance","Outmaneuver"],"picked":"Deadly Poison","floor":18},{"not_picked":["Sucker Punch","Caltrops"],"picked":"Dodge and Roll+1","floor":19},{"not_picked":["Sucker Punch","Tactician"],"picked":"Poisoned Stab+1","floor":20},{"not_picked":["Masterful Stab","Flying Knee"],"picked":"Blade Dance","floor":24},{"not_picked":["Poisoned Stab+1","Flying Knee"],"picked":"Reflex","floor":28},{"not_picked":["Bane","Noxious Fumes+1","Crippling Poison"],"picked":"SKIP","floor":28},{"not_picked":["Grand Finale","Prepared"],"picked":"Deflect+1","floor":30},{"not_picked":["Blade Dance","Backstab+1","Deflect"],"picked":"SKIP","floor":30},{"not_picked":["Envenom","Glass Knife"],"picked":"Corpse Explosion","floor":33},{"not_picked":["Sucker Punch","Underhanded Strike"],"picked":"Blade Dance+1","floor":35},{"not_picked":["Caltrops","Dodge and Roll+1"],"picked":"PiercingWail+1","floor":35},{"not_picked":["Underhanded Strike","Eviscerate"],"picked":"Finisher","floor":37},{"not_picked":["Heel Hook","Bane"],"picked":"Blade Dance+1","floor":37},{"not_picked":["Well Laid Plans+1","Deadly Poison"],"picked":"Flechettes","floor":41},{"not_picked":["Backflip+1","Blur","Cloak And Dagger+1"],"picked":"SKIP","floor":41},{"not_picked":["Dagger Throw","Outmaneuver"],"picked":"Heel Hook+1","floor":44},{"not_picked":["Calculated Gamble","Flechettes"],"picked":"Slice+1","floor":44}],"player_experience":178998,"relics_obtained":[{"floor":11,"key":"Ornamental Fan"},{"floor":17,"key":"Ice Cream"},{"floor":17,"key":"Ancient Tea Set"},{"floor":17,"key":"Ninja Scroll"},{"floor":26,"key":"Meat on the Bone"},{"floor":31,"key":"Nilry\u0027s Codex"},{"floor":43,"key":"Omamori"}],"event_choices":[{"damage_healed":0,"gold_gain":0,"player_choice":"Got Potions","damage_taken":0,"max_hp_gain":0,"max_hp_loss":0,"event_name":"Lab","floor":3,"gold_loss":0},{"cards_removed":["Strike_G"],"damage_healed":0,"gold_gain":0,"player_choice":"Offered Basic","damage_taken":0,"max_hp_gain":0,"max_hp_loss":0,"event_name":"Bonfire Elementals","floor":5,"gold_loss":0},{"damage_healed":0,"gold_gain":0,"player_choice":"Ignored","damage_taken":0,"max_hp_gain":0,"max_hp_loss":0,"event_name":"Ghosts","floor":21,"gold_loss":0},{"damage_healed":0,"gold_gain":0,"player_choice":"Gave Potion","damage_taken":0,"relics_obtained":["Prayer Wheel"],"max_hp_gain":0,"max_hp_loss":0,"event_name":"WeMeetAgain","floor":27,"gold_loss":0},{"damage_healed":0,"gold_gain":0,"player_choice":"Obtained Book","damage_taken":16,"max_hp_gain":0,"max_hp_loss":0,"event_name":"Cursed Tome","floor":31,"gold_loss":0},{"cards_removed":["Defend_G"],"damage_healed":0,"gold_gain":0,"player_choice":"Removed Skill","damage_taken":0,"max_hp_gain":0,"max_hp_loss":0,"event_name":"Falling","floor":38,"gold_loss":0},{"damage_healed":0,"gold_gain":0,"player_choice":"Took Portal","damage_taken":0,"max_hp_gain":0,"max_hp_loss":0,"event_name":"SecretPortal","floor":45,"gold_loss":0}],"is_beta":false,"boss_relics":[{"not_picked":["Cursed Key","SacredBark"],"picked":"Calling Bell"},{"not_picked":["SlaversCollar","Tiny House"],"picked":"WristBlade"}],"items_purged_floors":[],"is_endless":false,"potions_floor_spawned":[4,10,13,18,28,30,33,41,44],"killed_by":"Time Eater","ascension_level":0}}