{"host":"5z8akj3r2akmlwyw","time":1614080697,"event":{"mods":["AchievementEnabler","BaseMod","Colored Powertips","Conspire","Downfall","KinomotoSakuraMod(ƒæ÷Æ±æ”£)","Marisa£®ÏF”Í°°ƒß¿Ì…≥£©","Minty Spire (QoL Compilation)","Quick Restart","Reimu£®≤©¿ˆ¡È√Œ£©","Remilia£®¿Ÿ√◊¿Ú—«£©","Replay The Spire","StSLib","The Construct","The Cursed","The Hierophant","The Servant 0.9.4","Youmu£®ªÍ∆«—˝√Œ£©"],"gold_per_floor":[109,76,92,108,118,118,118,148,193,193,223,66,86,98,98,202,202,219,233,233,35,53,79,79,114,114,213,239,239,267,267,267,368,418,429,429,439,457,72,72,103,3,3,3,15,35,35,54,54,54,54,54,54,89,89],"floor_reached":56,"language":"ZHS","playtime":7398,"items_purged":["Strike_R","Strike_R"],"score":1395,"play_id":"a94abab7-e4fb-4561-a6ea-da17a0bc22cb","local_time":"20210223194457","is_ascension_mode":true,"campfire_choices":[{"data":"Limit Break","floor":6,"key":"SMITH"},{"floor":10,"key":"REST"},{"data":"Inflame","floor":15,"key":"SMITH"},{"floor":24,"key":"REST"},{"floor":29,"key":"REST"},{"floor":32,"key":"REST"},{"floor":40,"key":"RECALL"},{"data":"Limit Break","floor":52,"key":"SMITH"}],"circlet_count":0,"master_deck":["Strike_R","Strike_R","Defend_R","Defend_R","Defend_R","Defend_R","Bash","Heavy Blade+1","Heavy Blade+1","Warcry","Limit Break+1","Carnage","Replay:Undeath\u0027s Touch","Inflame+1","Pommel Strike","Limit Break+1","Flex","Replay:Undeath\u0027s Touch","ReplayReversal","downfall:Aged","Flex","Pot Of Greed","Pot Of Greed","Rage","Pot Of Greed","Iron Wave","Headbutt","Infernal Blade","Sword Boomerang+1","Impervious","Replay:Undeath\u0027s Touch","Flex","Blind","Violence","Bandage Up","Dark Embrace+1","Hemogenesis","Pot Of Greed","Cleave+1"],"relics":["Burning Blood","NeowsBlessing","ReplayTheSpireMod:Ring of Collecting","ReplayTheSpireMod:Ring of Challenge","Iron Hammer","Ring of Searing","Nunchaku","Self Forming Clay","Replay:Rubber Ducky","Honey Jar","Grinning Jar","Lantern","ReplayTheSpireMod:Ninjato","Ring of Peace","Anchor","conspire:DecoderRing","Tiny House","HandDrill","Bronze Scales","Bottled Tornado","ReplayTheSpireMod:Shallot","Ring of Hypnosis","PureWhite:ReiMu"],"acts_visited":["Exordium","TheCity","TheBeyond","TheEnding"],"potions_floor_usage":[8,8,18,19,19,23,28,33,37,45,47,47,50],"damage_taken":[{"damage":0,"enemies":"Cultist","floor":1,"turns":1},{"damage":0,"enemies":"2 Louse","floor":3,"turns":1},{"damage":0,"enemies":"Small Slimes","floor":4,"turns":1},{"damage":19,"enemies":"Blue Slaver","floor":5,"turns":5},{"damage":53,"enemies":"3 Sentries","floor":8,"turns":10},{"damage":15,"enemies":"Gremlin Nob","floor":11,"turns":4},{"damage":0,"enemies":"2 Fungi Beasts","floor":13,"turns":2},{"damage":16,"enemies":"Gremlin Gang","floor":14,"turns":4},{"damage":28,"enemies":"Fading Forest","floor":16,"turns":11},{"damage":24,"enemies":"Spheric Guardian","floor":18,"turns":4},{"damage":25,"enemies":"2 Thieves","floor":19,"turns":4},{"damage":6,"enemies":"3 Cultists","floor":22,"turns":4},{"damage":3,"enemies":"conspire:SneckoGhost","floor":23,"turns":3},{"damage":14,"enemies":"Replay:Snechameleon","floor":25,"turns":3},{"damage":26,"enemies":"conspire:SneckoGhost","floor":28,"turns":5},{"damage":11,"enemies":"conspire:Head Lice","floor":30,"turns":3},{"damage":11,"enemies":"Champ","floor":33,"turns":4},{"damage":4,"enemies":"3 Shapes","floor":35,"turns":1},{"damage":24,"enemies":"3 Darklings","floor":37,"turns":4},{"damage":8,"enemies":"Jaw Worm Horde","floor":38,"turns":3},{"damage":8,"enemies":"Nemesis","floor":41,"turns":5},{"damage":5,"enemies":"Writhing Mass","floor":45,"turns":3},{"damage":17,"enemies":"4 Shapes","floor":46,"turns":4},{"damage":0,"enemies":"Reptomancer","floor":47,"turns":3},{"damage":15,"enemies":"Transient","floor":48,"turns":5},{"damage":43,"enemies":"Time Eater","floor":50,"turns":7},{"damage":37,"enemies":"Shield and Spear","floor":54,"turns":5},{"damage":50,"enemies":"The Heart","floor":55,"turns":5}],"seed_played":"-6375181894905742297","potions_obtained":[{"floor":1,"key":"Elixir"},{"floor":3,"key":"GrandPatriotsElixir:ReiMu"},{"floor":11,"key":"Swift Potion"},{"floor":13,"key":"Dexterity Potion"},{"floor":16,"key":"Weak Potion"},{"floor":22,"key":"LifebloodPotion"},{"floor":23,"key":"Energy Potion"},{"floor":30,"key":"Strength Potion"},{"floor":33,"key":"construct:ShiftPotion"},{"floor":34,"key":"GrandPatriotsElixir:ReiMu"},{"floor":38,"key":"Block Potion"},{"floor":41,"key":"Block Potion"},{"floor":45,"key":"SmokeBomb"},{"floor":49,"key":"SmokeBomb"},{"floor":49,"key":"ZuzhouPotion:ReiMu"},{"floor":54,"key":"Explosive Potion"}],"is_trial":false,"path_per_floor":["M","$","M","M","M","R","?","E","T","R","E","$","M","M","R","B",null,"M","M","?","$","M","E","R","E","T","?","E","R","E","?","R","B",null,"M","?","M","M","$","R","E","$","T","?","M","M","E","M","R","B",null,"R","$","E","B",null],"character_chosen":"IRONCLAD","items_purchased":["Heavy Blade+1","Replay:Rubber Ducky","Flex","Grinning Jar","HandDrill","Bronze Scales"],"campfire_rested":4,"item_purchase_floors":[2,12,21,21,39,39],"current_hp_per_floor":[80,80,80,80,67,67,67,20,20,44,35,35,41,31,31,21,80,62,43,43,43,43,46,70,62,62,62,42,66,61,46,71,66,90,90,80,68,72,72,72,70,70,70,70,71,64,74,74,74,43,90,90,90,72,34],"gold":89,"neow_bonus":"THREE_ENEMY_KILL","is_daily":false,"chose_seed":false,"campfire_upgraded":3,"win_rate":0.0,"timestamp":1614080697,"path_taken":["M","$","M","?","M","R","?","E","T","R","E","$","M","M","R","BOSS","M","M","?","$","M","E","R","E","T","?","E","R","E","?","R","BOSS","M","?","M","M","$","R","E","$","T","?","M","?","E","M","R","BOSS","R","$","E","BOSS"],"items_purchased_type":["Card","Relic","Card","Relic","Relic","Relic"],"build_version":"2020-12-22","purchased_purges":2,"victory":true,"max_hp_per_floor":[80,80,80,80,80,80,80,80,80,80,80,80,80,80,80,80,80,80,80,80,80,80,80,80,80,80,80,80,80,80,85,85,85,90,90,90,90,90,90,90,90,90,90,90,90,90,90,90,90,90,90,90,90,90,90],"card_choices":[{"not_picked":["Abandon","Replay:Undeath\u0027s Touch"],"picked":"Heavy Blade","floor":1},{"not_picked":["Perfected Strike","Thunderclap","Searing Blow"],"picked":"SKIP","floor":3},{"not_picked":["Armaments","Twin Strike"],"picked":"Warcry","floor":4},{"not_picked":["Searing Blow","ReplayTheSpireMod:Corrosion Curse"],"picked":"Limit Break","floor":5},{"not_picked":["Run Through","Evolve"],"picked":"Carnage","floor":8},{"not_picked":["Perfected Strike","Pommel Strike"],"picked":"Replay:Undeath\u0027s Touch","floor":11},{"not_picked":["Defy Death","Headbutt"],"picked":"Inflame","floor":13},{"not_picked":["Combust","Clothesline"],"picked":"Pommel Strike","floor":14},{"not_picked":["Corruption","Berserk"],"picked":"Limit Break","floor":16},{"not_picked":["Feel No Pain","Warcry","Dual Wield"],"picked":"Flex","floor":18},{"not_picked":["Shrug It Off","True Grit","Disarm"],"picked":"Replay:Undeath\u0027s Touch","floor":19},{"not_picked":["Replay:Undeath\u0027s Touch","Clash","Disarm"],"picked":"Rage","floor":22},{"not_picked":["Pummel","conspire:ExplosiveBarrier","Bloodletting"],"picked":"Iron Wave","floor":23},{"not_picked":["Ghostly Armor+1","Anger","Body Slam"],"picked":"Headbutt","floor":25},{"not_picked":["Havoc+1","Whirlwind","Replay:Undeath\u0027s Touch"],"picked":"Infernal Blade","floor":28},{"not_picked":["conspire:ExplosiveBarrier","Rage","ReplayTheSpireMod:Strike From Hell"],"picked":"Sword Boomerang+1","floor":30},{"not_picked":["Hemogenesis","Demonic Infusion","Corruption"],"picked":"Impervious","floor":33},{"not_picked":["Warcry","Power Through","Headbutt"],"picked":"Replay:Undeath\u0027s Touch","floor":34},{"not_picked":["Headbutt","Juggernaut","Iron Wave+1"],"picked":"Flex","floor":35},{"not_picked":["Midas Touch","Replay:Sssssssssstrike","Panacea"],"picked":"Blind","floor":36},{"not_picked":["Replay:Parry","Transmutation","ReplayTheSpireMod:Trickstab"],"picked":"Violence","floor":36},{"not_picked":["Replay:Sssssssssstrike","Mind Blast","conspire:Banana"],"picked":"Bandage Up","floor":36},{"not_picked":["Headbutt+1","Shrug It Off","Anger+1"],"picked":"Dark Embrace+1","floor":37},{"not_picked":["Anger","Iron Wave","Headbutt+1","Dark Embrace"],"picked":"SKIP","floor":38},{"not_picked":["Thunderclap","Wild Strike","Warcry","Uppercut+1"],"picked":"SKIP","floor":41},{"not_picked":["Shockwave+1","Havoc+1","Clothesline+1","Fire Breathing+1"],"picked":"SKIP","floor":45},{"not_picked":["ReplayTheSpireMod:Strike From Hell","Sword Boomerang+1","Rampage+1"],"picked":"Hemogenesis","floor":46},{"not_picked":["Reckless Charge","ReplayTheSpireMod:Limb From Limb+1","Iron Wave+1"],"picked":"Cleave+1","floor":48},{"not_picked":["Barricade","ReplayTheSpireMod:Strike From Hell","True Grit","Pommel Strike+1"],"picked":"SKIP","floor":54}],"player_experience":113129,"relics_obtained":[{"floor":7,"key":"ReplayTheSpireMod:Ring of Collecting"},{"floor":7,"key":"ReplayTheSpireMod:Ring of Challenge"},{"floor":8,"key":"Iron Hammer"},{"floor":9,"key":"Ring of Searing"},{"floor":9,"key":"Nunchaku"},{"floor":11,"key":"Self Forming Clay"},{"floor":23,"key":"Lantern"},{"floor":25,"key":"ReplayTheSpireMod:Ninjato"},{"floor":26,"key":"Ring of Peace"},{"floor":28,"key":"Anchor"},{"floor":30,"key":"conspire:DecoderRing"},{"floor":41,"key":"Bottled Tornado"},{"floor":43,"key":"ReplayTheSpireMod:Shallot"},{"floor":43,"key":"Ring of Hypnosis"},{"floor":54,"key":"PureWhite:ReiMu"}],"event_choices":[{"damage_healed":0,"gold_gain":0,"cards_transformed":["Strike_R","Languid"],"player_choice":"Became Test Subject","damage_taken":0,"max_hp_gain":0,"max_hp_loss":0,"event_name":"Drug Dealer","floor":20,"gold_loss":0,"cards_obtained":["ReplayReversal","downfall:Aged"]},{"damage_healed":0,"gold_gain":99,"player_choice":"Stole From Cult","damage_taken":0,"max_hp_gain":0,"max_hp_loss":0,"event_name":"Nest","floor":27,"gold_loss":0},{"damage_healed":0,"gold_gain":0,"player_choice":"Shed Blood","damage_taken":20,"max_hp_gain":5,"max_hp_loss":0,"event_name":"Forgotten Altar","floor":31,"gold_loss":0},{"damage_healed":0,"gold_gain":0,"player_choice":"Memory 3","damage_taken":10,"max_hp_gain":0,"max_hp_loss":0,"event_name":"SensoryStone","floor":36,"gold_loss":0},{"damage_healed":0,"gold_gain":0,"player_choice":"Ignored","damage_taken":0,"max_hp_gain":0,"max_hp_loss":0,"event_name":"SecretPortal","floor":44,"gold_loss":0}],"is_beta":false,"boss_relics":[{"not_picked":["Replay:Grab Bag","Coffee Dripper"],"picked":"Honey Jar"},{"not_picked":["Replay:Ancient Bell","Sozu"],"picked":"Tiny House"}],"items_purged_floors":[39,42],"is_endless":false,"potions_floor_spawned":[1,3,11,13,16,22,23,30,33,38,41,45,54],"ascension_level":2}}