{"host":"50qwps766cbz6ukm","time":1614072615,"event":{"mods":["BaseMod","Colored Map","Colored Powertips","DeckTracker","Highlight Path","Minty Spire (QoL Compilation)","Quick Restart","Remove Card Discount Mod","StSLib","SuperFastMode","Synergy Search"],"gold_per_floor":[111,111,93,93,93,118,133,133,203,203,235,235,267,267,267,371,371,391,316,95,113,132,163,183,183,183],"floor_reached":25,"language":"ENG","playtime":497,"items_purged":["Regret","Strike_P","Strike_P","Strike_P","Defend_P","Defend_P","Defend_P","Defend_P","Strike_P"],"score":468,"play_id":"01157d79-40e3-44d0-9307-fcb0e10e34ad","local_time":"20210223113015","is_ascension_mode":true,"campfire_choices":[{"data":"FollowUp","floor":8,"key":"SMITH"},{"data":"FlurryOfBlows","floor":10,"key":"SMITH"},{"floor":12,"key":"REST"},{"floor":15,"key":"REST"}],"circlet_count":0,"master_deck":["AscendersBane","Eruption+1","Vigilance+1","FollowUp+1","FlurryOfBlows+1","MentalFortress","Brilliance","Consecrate"],"relics":["PureWater","NeowsBlessing","Pantograph","Bronze Scales","Question Card","Turnip","StrikeDummy","Runic Pyramid","Vajra","Gambling Chip"],"acts_visited":["Exordium","TheCity"],"potions_floor_usage":[],"damage_taken":[{"damage":0,"enemies":"Jaw Worm","floor":1,"turns":1},{"damage":0,"enemies":"Lagavulin","floor":6,"turns":2},{"damage":0,"enemies":"2 Louse","floor":7,"turns":1},{"damage":28,"enemies":"3 Sentries","floor":11,"turns":6},{"damage":4,"enemies":"Gremlin Nob","floor":13,"turns":3},{"damage":0,"enemies":"The Guardian","floor":16,"turns":10},{"damage":0,"enemies":"Chosen","floor":18,"turns":3},{"damage":0,"enemies":"Spheric Guardian","floor":21,"turns":2},{"damage":4,"enemies":"Shelled Parasite and Fungi","floor":22,"turns":3},{"damage":12,"enemies":"Gremlin Leader","floor":23,"turns":4},{"damage":32,"enemies":"Snake Plant","floor":24,"turns":3},{"damage":19,"enemies":"Book of Stabbing","floor":25,"turns":3}],"seed_played":"-2543277748353865421","potions_obtained":[{"floor":1,"key":"EssenceOfSteel"},{"floor":11,"key":"SpeedPotion"},{"floor":16,"key":"SkillPotion"}],"is_trial":false,"path_per_floor":["M","?","$","?","$","E","M","R","T","R","E","R","E","?","R","B",null,"M","?","$","M","M","E","M","E"],"character_chosen":"WATCHER","items_purchased":["MentalFortress","Vajra"],"campfire_rested":2,"item_purchase_floors":[20,20],"current_hp_per_floor":[65,65,65,51,51,51,51,51,51,51,23,44,40,40,61,72,72,72,72,72,72,68,56,24,5,5],"gold":183,"neow_bonus":"THREE_ENEMY_KILL","is_daily":false,"chose_seed":false,"campfire_upgraded":2,"win_rate":0.0,"timestamp":1614072615,"path_taken":["M","?","$","?","$","E","M","R","T","R","E","R","E","?","R","BOSS","M","?","$","M","M","E","M","E"],"items_purchased_type":["Card","Relic"],"build_version":"2020-12-22","purchased_purges":9,"victory":false,"max_hp_per_floor":[72,72,72,72,72,72,72,72,72,72,72,72,72,72,72,72,72,72,72,72,72,72,72,72,72,72],"card_choices":[{"not_picked":["WaveOfTheHand","Halt"],"picked":"FollowUp","floor":1},{"not_picked":["Perseverance","CrushJoints"],"picked":"FlurryOfBlows","floor":6},{"not_picked":["Perseverance","EmptyFist"],"picked":"Prostrate","floor":7},{"not_picked":["JustLucky","PathToVictory","CutThroughFate","InnerPeace"],"picked":"SKIP","floor":11},{"not_picked":["Omniscience","EmptyFist","ThirdEye","WheelKick"],"picked":"SKIP","floor":13},{"not_picked":["WheelKick","CutThroughFate","BowlingBash+1","Evaluate"],"picked":"SKIP","floor":18},{"not_picked":["JustLucky+1","CutThroughFate","Tantrum","CrushJoints"],"picked":"SKIP","floor":21},{"not_picked":["DeceiveReality","Study","ClearTheMind+1","EmptyBody"],"picked":"SKIP","floor":22},{"not_picked":["Study","Swivel","Vengeance"],"picked":"Brilliance","floor":23},{"not_picked":["EmptyMind","Evaluate+1","FlurryOfBlows"],"picked":"Consecrate","floor":24}],"player_experience":603222,"relics_obtained":[{"floor":6,"key":"Bronze Scales"},{"floor":9,"key":"Question Card"},{"floor":11,"key":"Turnip"},{"floor":13,"key":"StrikeDummy"},{"floor":23,"key":"Gambling Chip"}],"event_choices":[{"damage_healed":0,"gold_gain":0,"player_choice":"Box","damage_taken":0,"relics_obtained":["Pantograph"],"max_hp_gain":0,"max_hp_loss":0,"event_name":"Big Fish","floor":2,"gold_loss":0,"cards_obtained":["Regret"]},{"damage_healed":0,"gold_gain":0,"player_choice":"Entered Light","damage_taken":14,"max_hp_gain":0,"max_hp_loss":0,"event_name":"Shining Light","floor":4,"gold_loss":0,"cards_upgraded":["Vigilance","Eruption"]},{"damage_healed":0,"gold_gain":0,"player_choice":"Grow","damage_taken":0,"max_hp_gain":0,"max_hp_loss":0,"event_name":"Living Wall","floor":14,"gold_loss":0,"cards_upgraded":["Prostrate"]},{"cards_removed":["Prostrate"],"damage_healed":0,"gold_gain":0,"player_choice":"Gave Gold","damage_taken":0,"max_hp_gain":0,"max_hp_loss":0,"event_name":"Beggar","floor":19,"gold_loss":75}],"is_beta":false,"boss_relics":[{"not_picked":["Snecko Eye","Astrolabe"],"picked":"Runic Pyramid"}],"items_purged_floors":[3,3,3,3,3,3,3,3,3],"is_endless":false,"potions_floor_spawned":[1,11,16,21,24],"killed_by":"Book of Stabbing","ascension_level":10}}