{"host":"rykcscnxwcosqdkz","time":1614105857,"event":{"mods":["BaseMod","Conspire","DeckTracker","Downfall","GifTheSpireLib","Hubris","Infinite Spire","JesterMod","Luminous","Minty Spire (QoL Compilation)","Reliquary","Replay The Spire","Shade Mod","StSLib","Stuff the Spire","The Alterego","TheSwordswoman"],"gold_per_floor":[115,115,125,125,32,62,75,75,75,105,105,138,156,169,169,264,264,279,279,155,172,190,220,231,231,231,231,241,241,258,286,286,387,387,430,430,430,469,469,469,510,510,556,556,632,691,691,749,825,890,890,1044,1044,1125,1125],"floor_reached":54,"language":"ENG","playtime":3099,"items_purged":["alterego_mod:Strike"],"score":983,"play_id":"b15fda1e-5030-4065-947a-272c54d49121","local_time":"20210223194417","is_ascension_mode":false,"campfire_choices":[{"data":"alterego_mod:Cushion","floor":8,"key":"SMITH"},{"data":"alterego_mod:BigMeatyClaws","floor":11,"key":"SMITH"},{"floor":15,"key":"DIG"},{"data":"alterego_mod:TrickOrTreatment","floor":25,"key":"SMITH"},{"data":"alterego_mod:Cushion","floor":27,"key":"SMITH"},{"floor":32,"key":"DIG"},{"data":"alterego_mod:Impale","floor":42,"key":"SMITH"},{"data":"alterego_mod:BrynhildrsRune","floor":44,"key":"SMITH"},{"data":"alterego_mod:BrynhildrsRune+1","floor":51,"key":"SMITH"}],"circlet_count":0,"master_deck":["alterego_mod:Strike","alterego_mod:Strike","alterego_mod:Strike","alterego_mod:Defend","alterego_mod:Defend","alterego_mod:Defend","alterego_mod:Defend","alterego_mod:Impale+1","alterego_mod:BigMeatyClaws+1","alterego_mod:BrynhildrsRune+2","alterego_mod:Cushion+1","alterego_mod:Bounce","Flash of Steel","alterego_mod:Cushion+1","alterego_mod:Cushion","alterego_mod:TrickOrTreatment+1","alterego_mod:Exercise","alterego_mod:Bounce","alterego_mod:Clones+1","alterego_mod:Bounce+1","alterego_mod:BreastValley+1"],"relics":["alterego_mod:MasochisticConstitution","NeowsBlessing","hubris:Metronome","hubris:PeanutButter","infinitespire:WardingShard","Orichalcum","StuffTheSpire:MayFlowers","reliquary:SharkskinSheath","conspire:SlowCooker","StuffTheSpire:Expresso","Ice Cream","infinitespire:Lychee Nut","Mirror","StuffTheSpire:Experiment12","conspire:SpecialSausage","infinitespire:EvilPickle","ReplayTheSpireMod:Ring of Exchange","conspire:InfiniteJournal","hubris:SphereOfDissonance","hubris:Icosahedron","Sundial","conspire:TreasureMap"],"acts_visited":["Exordium","TheCity","TheBeyond","Exordium"],"potions_floor_usage":[10,14,19,41],"damage_taken":[{"damage":0,"enemies":"Small Slimes","floor":1,"turns":1},{"damage":0,"enemies":"Jaw Worm","floor":3,"turns":1},{"damage":0,"enemies":"Gremlin Nob","floor":6,"turns":1},{"damage":0,"enemies":"Cultist","floor":7,"turns":2},{"damage":11,"enemies":"Lagavulin","floor":10,"turns":6},{"damage":0,"enemies":"Gremlin Nob","floor":12,"turns":3},{"damage":0,"enemies":"Looter","floor":13,"turns":2},{"damage":0,"enemies":"Exordium Thugs","floor":14,"turns":2},{"damage":4,"enemies":"Hexaghost","floor":16,"turns":8},{"damage":0,"enemies":"2 Thieves","floor":18,"turns":5},{"damage":0,"enemies":"Spheric Guardian","floor":21,"turns":2},{"damage":0,"enemies":"Snake Plant","floor":22,"turns":6},{"damage":0,"enemies":"Slavers","floor":23,"turns":6},{"damage":0,"enemies":"3 Cultists","floor":24,"turns":6},{"damage":0,"enemies":"Snecko","floor":28,"turns":4},{"damage":0,"enemies":"Centurion and Healer","floor":30,"turns":5},{"damage":0,"enemies":"Nightmare","floor":31,"turns":4},{"damage":0,"enemies":"Pondfish","floor":33,"turns":8},{"damage":0,"enemies":"3 Shapes","floor":35,"turns":6},{"damage":0,"enemies":"Orb Walker","floor":38,"turns":3},{"damage":0,"enemies":"Writhing Mass","floor":41,"turns":6},{"damage":0,"enemies":"Spire Growth","floor":43,"turns":4},{"damage":0,"enemies":"4 Shapes","floor":46,"turns":7},{"damage":0,"enemies":"Sphere and 2 Shapes","floor":48,"turns":7},{"damage":0,"enemies":"Giant Head","floor":49,"turns":7},{"damage":0,"enemies":"Spire Growth","floor":50,"turns":2},{"damage":14,"enemies":"Replay:Hell Engine","floor":52,"turns":10},{"damage":0,"enemies":"Jaw Worm","floor":54,"turns":1}],"seed_played":"3426794798817266672","potions_obtained":[{"floor":3,"key":"Regen Potion"},{"floor":6,"key":"LiquidMemories"},{"floor":10,"key":"Swift Potion"},{"floor":16,"key":"LiquidMemories"},{"floor":19,"key":"Fruit Juice"},{"floor":19,"key":"Block Potion"},{"floor":46,"key":"Weak Potion"}],"is_trial":false,"path_per_floor":["M","?","M","?","$","E","M","R","T","E","R","E","M","M","R","B",null,"M","?","$","M","M","E","M","R","T","R","M","?","M","NM","R","B",null,"M","?","T","M","PTL","PTL","M","R","M","R","T","M","?","M","E","M","R","B",null,"M"],"character_chosen":"The_Alterego","items_purchased":["Flash of Steel","alterego_mod:Bounce"],"campfire_rested":0,"item_purchase_floors":[5,20],"current_hp_per_floor":[70,70,70,70,70,70,70,70,70,60,60,60,60,60,60,63,72,72,77,77,77,77,77,77,77,77,77,77,57,57,57,57,57,57,57,57,57,57,57,57,57,57,57,57,57,57,57,57,57,57,57,53,58,58,58],"gold":1125,"neow_bonus":"THREE_ENEMY_KILL","is_daily":false,"chose_seed":false,"campfire_upgraded":7,"win_rate":0.0,"timestamp":1614105857,"path_taken":["M","?","M","?","$","E","?","R","T","E","R","E","M","M","R","BOSS","M","?","?","?","M","E","M","R","T","R","M","?","?","NM","R","BOSS","M","?","?","?","PTL","PTL","?","R","M","R","T","M","?","M","E","M","R","BOSS","M"],"items_purchased_type":["Card","Card"],"build_version":"2020-12-22","purchased_purges":1,"victory":false,"max_hp_per_floor":[70,70,70,70,70,70,70,70,70,71,71,71,71,71,71,72,72,72,77,77,77,77,77,77,77,77,77,77,57,57,57,57,57,57,57,57,57,57,57,57,57,57,57,57,57,57,57,57,57,57,57,58,58,58,58],"card_choices":[{"not_picked":["alterego_mod:BeGentle","alterego_mod:Support"],"picked":"alterego_mod:Cushion","floor":1},{"not_picked":["alterego_mod:SuperDuperMasochism","alterego_mod:BusterCard"],"picked":"alterego_mod:Bounce","floor":3},{"not_picked":["alterego_mod:Bunnysuit","alterego_mod:BoobPocket","alterego_mod:Skirt"],"picked":"SKIP","floor":6},{"not_picked":["alterego_mod:BoobPocket","alterego_mod:Pet","alterego_mod:BiFurious"],"picked":"SKIP","floor":7},{"not_picked":["alterego_mod:PurpleHair","alterego_mod:Jiggle","alterego_mod:RidiculouslyBig"],"picked":"SKIP","floor":10},{"not_picked":["alterego_mod:Cooking","alterego_mod:Pet","alterego_mod:Punishment"],"picked":"SKIP","floor":12},{"not_picked":["alterego_mod:Punishment","alterego_mod:Bloomers"],"picked":"alterego_mod:Cushion","floor":13},{"not_picked":["alterego_mod:Skirt","alterego_mod:TrashNCrash"],"picked":"alterego_mod:Cushion","floor":14},{"not_picked":["alterego_mod:AlterEgo","alterego_mod:IdEs"],"picked":"alterego_mod:TrickOrTreatment","floor":16},{"not_picked":["alterego_mod:DeftHands","alterego_mod:Cycle+1"],"picked":"alterego_mod:Exercise","floor":18},{"not_picked":["alterego_mod:IndependentAction","alterego_mod:Santa"],"picked":"alterego_mod:Clones+1","floor":21},{"not_picked":["alterego_mod:Skirt+1","alterego_mod:BoobPocket","alterego_mod:Exercise"],"picked":"SKIP","floor":22},{"not_picked":["alterego_mod:RidiculouslyBig+1","alterego_mod:Undulate","alterego_mod:Cycle"],"picked":"SKIP","floor":23},{"not_picked":["alterego_mod:Smother","alterego_mod:Cooking","alterego_mod:HighServant"],"picked":"SKIP","floor":24},{"not_picked":["alterego_mod:DustData","alterego_mod:ClassAdvantage","alterego_mod:Exercise"],"picked":"SKIP","floor":28},{"not_picked":["alterego_mod:DeftHands+1","alterego_mod:Mirror"],"picked":"alterego_mod:Bounce+1","floor":30},{"not_picked":["alterego_mod:Cycle","alterego_mod:PerceptionDisorder+1","alterego_mod:MagicResistance+1"],"picked":"SKIP","floor":31},{"not_picked":["alterego_mod:Bloomers","alterego_mod:BoobPocket+1","alterego_mod:DeftHands+1"],"picked":"SKIP","floor":35},{"not_picked":["alterego_mod:Collar+1","alterego_mod:RidiculouslyBig+1","alterego_mod:Belle"],"picked":"SKIP","floor":38},{"not_picked":["alterego_mod:Bloomers","alterego_mod:BiFurious+1","alterego_mod:SakuraPetals+1"],"picked":"SKIP","floor":41},{"not_picked":["alterego_mod:DeftHands","alterego_mod:IdEs","alterego_mod:Rip"],"picked":"SKIP","floor":43},{"not_picked":["alterego_mod:Smother+1","alterego_mod:RocketPunch","alterego_mod:TrashNCrash+1"],"picked":"SKIP","floor":46},{"not_picked":["alterego_mod:Skirt","alterego_mod:SuperDuperMasochism","alterego_mod:Birthday+1"],"picked":"SKIP","floor":48},{"not_picked":["alterego_mod:Punishment","alterego_mod:TrickOrTreatment"],"picked":"alterego_mod:BreastValley+1","floor":49},{"not_picked":["alterego_mod:Undulate","alterego_mod:Exercise","alterego_mod:PresenceConcealment+1"],"picked":"SKIP","floor":50},{"not_picked":["alterego_mod:TrashNCrash","alterego_mod:Undulate","alterego_mod:Cooking"],"picked":"SKIP","floor":54},{"not_picked":["alterego_mod:TrashNCrash","alterego_mod:Undulate","alterego_mod:Cooking"],"picked":"SKIP","floor":54}],"player_experience":121674,"relics_obtained":[{"floor":2,"key":"hubris:Metronome"},{"floor":6,"key":"hubris:PeanutButter"},{"floor":9,"key":"infinitespire:WardingShard"},{"floor":10,"key":"Orichalcum"},{"floor":12,"key":"StuffTheSpire:MayFlowers"},{"floor":15,"key":"reliquary:SharkskinSheath"},{"floor":23,"key":"StuffTheSpire:Expresso"},{"floor":26,"key":"Ice Cream"},{"floor":29,"key":"infinitespire:Lychee Nut"},{"floor":31,"key":"Mirror"},{"floor":32,"key":"StuffTheSpire:Experiment12"},{"floor":36,"key":"ReplayTheSpireMod:Ring of Exchange"},{"floor":37,"key":"conspire:InfiniteJournal"},{"floor":45,"key":"hubris:SphereOfDissonance"},{"floor":49,"key":"Sundial"}],"event_choices":[{"damage_healed":0,"gold_gain":0,"player_choice":"Bought 0 Potions","damage_taken":0,"max_hp_gain":0,"max_hp_loss":0,"event_name":"The Woman in Blue","floor":4,"gold_loss":0},{"damage_healed":0,"gold_gain":0,"player_choice":"Got Potions","damage_taken":0,"max_hp_gain":0,"max_hp_loss":0,"event_name":"Lab","floor":19,"gold_loss":0},{"damage_healed":0,"gold_gain":0,"player_choice":"Relic","damage_taken":0,"max_hp_gain":0,"max_hp_loss":0,"event_name":"Wheel of Change","floor":29,"gold_loss":0}],"is_beta":false,"boss_relics":[{"not_picked":["hubris:VirtuousBlindfold","Coffee Dripper"],"picked":"conspire:SlowCooker"},{"not_picked":["StuffTheSpire:ModemDavis","ReplayTheSpireMod:SealedPack"],"picked":"conspire:SpecialSausage"},{"not_picked":["Ring of Chaos","HandDrill"],"picked":"conspire:TreasureMap"}],"items_purged_floors":[20],"is_endless":true,"potions_floor_spawned":[3,6,10,16,21,23,28,31,33,41,46,52],"killed_by":"Jaw Worm","ascension_level":0}}