{"host":"dr8zw64a6ikw4f73","time":1614067090,"event":{"mods":["AchievementEnabler","BaseMod","Colored Map","DeckTracker","Minty Spire (QoL Compilation)","StSLib","SuperFastMode"],"gold_per_floor":[116,130,205,69,69,97,107,107,107,107,107,107,140,151,151,247,247,260,260,273,287,62,92,92,123,123,141,141,141,152,252,252,356,356,370,71,71,0,50,50,75,75,151,171,196,215,234,265,265,265],"floor_reached":51,"language":"KOR","playtime":2281,"items_purged":["Writhe"],"score":1324,"play_id":"51b7a295-ca8a-4908-98d5-04903b51f991","local_time":"20210223165810","is_ascension_mode":true,"campfire_choices":[{"data":"1","floor":8.0,"key":"LIFT"},{"data":"2","floor":10.0,"key":"LIFT"},{"data":"3","floor":12.0,"key":"LIFT"},{"data":"Flex","floor":15.0,"key":"SMITH"},{"floor":24.0,"key":"REST"},{"data":"Offering","floor":28.0,"key":"SMITH"},{"data":"Inflame","floor":32,"key":"SMITH"},{"data":"Corruption","floor":40,"key":"SMITH"},{"floor":42,"key":"REST"},{"floor":49,"key":"REST"}],"circlet_count":0,"master_deck":["AscendersBane","Strike_R","Strike_R","Strike_R","Defend_R","Defend_R","Defend_R","Defend_R","Bash","Second Wind","Exhume","Infernal Blade","Shrug It Off","Infernal Blade","Flex+1","Offering+1","Whirlwind+1","Body Slam+1","Flex+1","Whirlwind+1","Feel No Pain","Infernal Blade+1","Ghostly Armor","Rupture+1","Inflame+1","Corruption+1","Bloodletting","Inflame","Battle Trance+1","Offering"],"relics":["Black Blood","NeowsBlessing","Girya","Pear","Pen Nib","Boot","Sozu","MutagenicStrength","Lantern","Whetstone","White Beast Statue","Bottled Flame","Question Card","Torii","Mummified Hand","Ancient Tea Set","Red Mask","CaptainsWheel","HornCleat","Singing Bowl","Ornamental Fan","Paper Frog"],"acts_visited":["TheCity","TheBeyond"],"potions_floor_usage":[],"damage_taken":[{"damage":0.0,"enemies":"Jaw Worm","floor":1.0,"turns":1.0},{"damage":0.0,"enemies":"Small Slimes","floor":2.0,"turns":1.0},{"damage":0.0,"enemies":"Lagavulin","floor":6.0,"turns":2.0},{"damage":6.0,"enemies":"Cultist","floor":7.0,"turns":4.0},{"damage":25.0,"enemies":"3 Sentries","floor":13.0,"turns":8.0},{"damage":0.0,"enemies":"Exordium Wildlife","floor":14.0,"turns":3.0},{"damage":2.0,"enemies":"Slime Boss","floor":16.0,"turns":8.0},{"damage":28.0,"enemies":"2 Thieves","floor":18.0,"turns":3.0},{"damage":0.0,"enemies":"Spheric Guardian","floor":20.0,"turns":1.0},{"damage":0.0,"enemies":"3 Cultists","floor":21.0,"turns":2.0},{"damage":53.0,"enemies":"Slavers","floor":23.0,"turns":4.0},{"damage":20.0,"enemies":"Book of Stabbing","floor":25.0,"turns":2.0},{"damage":2.0,"enemies":"Centurion and Healer","floor":27.0,"turns":2.0},{"damage":6.0,"enemies":"Snake Plant","floor":30.0,"turns":1.0},{"damage":0,"enemies":"Colosseum Slavers","floor":31,"turns":1},{"damage":6,"enemies":"Colosseum Nobs","floor":31,"turns":1},{"damage":26,"enemies":"Collector","floor":33,"turns":4},{"damage":0,"enemies":"Orb Walker","floor":35,"turns":1},{"damage":49,"enemies":"Mind Bloom Boss Battle","floor":39,"turns":4},{"damage":6,"enemies":"Nemesis","floor":41,"turns":3},{"damage":0,"enemies":"3 Darklings","floor":44,"turns":1},{"damage":12,"enemies":"Giant Head","floor":45,"turns":4},{"damage":65,"enemies":"Transient","floor":46,"turns":5},{"damage":15,"enemies":"Spire Growth","floor":47,"turns":1},{"damage":6,"enemies":"Reptomancer","floor":48,"turns":3},{"damage":64,"enemies":"Time Eater","floor":50,"turns":7}],"seed_played":"-3899005281145600626","potions_obtained":[{"floor":2.0,"key":"BloodPotion"},{"floor":7.0,"key":"LiquidMemories"},{"floor":16.0,"key":"Fruit Juice"}],"is_trial":false,"path_per_floor":["M","M","?","$","?","E","M","R","T","R","?","R","E","M","R","B",null,"M","?","M","M","$","E","R","E","T","M","R","?","M","?","R","B",null,"M","$","?","?","?","R","E","R","T","M","E","M","M","E","R","B",null],"character_chosen":"IRONCLAD","items_purchased":["Exhume","Lantern","Whirlwind","Ancient Tea Set","Inflame"],"campfire_rested":3,"item_purchase_floors":[4,22,22,36,36],"current_hp_per_floor":[78,80,69,69,62,68,68,68,78,78,78,78,59,65,65,74,90,68,68,74,80,80,52,80,66,66,70,70,70,70,76,76,56,85,95,95,95,95,58,58,64,92,92,97,99,48,47,53,83,31],"gold":265,"neow_bonus":"THREE_ENEMY_KILL","is_daily":false,"chose_seed":false,"campfire_upgraded":4,"win_rate":0.0,"timestamp":1614067090,"path_taken":["M","M","?","$","?","E","M","R","T","R","?","R","E","?","R","BOSS","M","?","M","M","$","E","R","E","T","M","R","?","M","?","R","BOSS","M","$","?","?","?","R","E","R","T","M","E","M","M","E","R","BOSS"],"items_purchased_type":["Card","Relic","Card","Relic","Card"],"build_version":"2020-12-22","purchased_purges":1,"victory":true,"max_hp_per_floor":[80,80,80,80,80,80,80,80,90,90,90,90,90,90,90,95,95,95,95,95,95,95,95,95,95,95,95,95,95,95,95,95,95,95,95,95,95,95,95,95,95,95,95,97,99,101,103,103,103,103],"card_choices":[{"not_picked":["Warcry","Iron Wave"],"picked":"Second Wind","floor":1.0},{"not_picked":["Warcry","Heavy Blade"],"picked":"Flex","floor":2.0},{"not_picked":["Disarm","Reckless Charge"],"picked":"Infernal Blade","floor":6.0},{"not_picked":["Clothesline","Sentinel"],"picked":"Shrug It Off","floor":7.0},{"not_picked":["Dropkick","Anger"],"picked":"Infernal Blade","floor":13.0},{"not_picked":["Shrug It Off","Battle Trance"],"picked":"Flex","floor":14.0},{"not_picked":["Double Tap","Impervious"],"picked":"Offering","floor":16.0},{"not_picked":["Sentinel+1","Rage"],"picked":"Whirlwind+1","floor":18.0},{"not_picked":["Pommel Strike","Intimidate"],"picked":"Body Slam+1","floor":20.0},{"not_picked":["Anger","Clothesline"],"picked":"Flex+1","floor":21.0},{"not_picked":["Feel No Pain","Pommel Strike","Ghostly Armor"],"picked":"SKIP","floor":23.0},{"not_picked":["Pommel Strike","Ghostly Armor"],"picked":"Feel No Pain","floor":23.0},{"not_picked":["Dropkick+1","Berserk"],"picked":"Infernal Blade+1","floor":25.0},{"not_picked":["Cleave+1","Second Wind"],"picked":"Ghostly Armor","floor":27.0},{"not_picked":["Uppercut","Searing Blow+1","Flex"],"picked":"Rupture+1","floor":30},{"not_picked":["Shrug It Off","Thunderclap","Havoc"],"picked":"Inflame","floor":31},{"not_picked":["Offering","Fiend Fire","Impervious"],"picked":"Corruption","floor":33},{"not_picked":["Intimidate","Flame Barrier","Metallicize+1"],"picked":"Bloodletting","floor":35},{"not_picked":["Armaments+1","Clash+1","Clothesline"],"picked":"Battle Trance+1","floor":41},{"not_picked":["Armaments","Shockwave","Perfected Strike","Body Slam+1"],"picked":"Singing Bowl","floor":44},{"not_picked":["Clash+1","Searing Blow+1","Headbutt+1","Pommel Strike+1"],"picked":"Singing Bowl","floor":45},{"not_picked":["Ghostly Armor+1","Pommel Strike","Dual Wield+1","Clothesline"],"picked":"Singing Bowl","floor":46},{"not_picked":["Bludgeon","Perfected Strike","Twin Strike","True Grit+1"],"picked":"Singing Bowl","floor":47},{"not_picked":["Warcry","Havoc+1","Pommel Strike"],"picked":"Offering","floor":48}],"player_experience":126277,"relics_obtained":[{"floor":6.0,"key":"Girya"},{"floor":9.0,"key":"Pear"},{"floor":13.0,"key":"Boot"},{"floor":23.0,"key":"Whetstone"},{"floor":25.0,"key":"White Beast Statue"},{"floor":26.0,"key":"Bottled Flame"},{"floor":31,"key":"Torii"},{"floor":31,"key":"Mummified Hand"},{"floor":39,"key":"CaptainsWheel"},{"floor":41,"key":"HornCleat"},{"floor":43,"key":"Singing Bowl"},{"floor":45,"key":"Ornamental Fan"},{"floor":48,"key":"Paper Frog"}],"event_choices":[{"damage_healed":0.0,"max_hp_gain":0.0,"max_hp_loss":0.0,"gold_gain":75.0,"event_name":"World of Goop","player_choice":"Gather Gold","floor":3.0,"gold_loss":0.0,"damage_taken":11.0},{"cards_removed":["Strike_R"],"damage_healed":0.0,"max_hp_gain":0.0,"max_hp_loss":0.0,"gold_gain":0.0,"event_name":"Golden Wing","player_choice":"Card Removal","floor":5.0,"gold_loss":0.0,"damage_taken":7.0},{"cards_removed":["Flex"],"damage_healed":0.0,"max_hp_gain":0.0,"max_hp_loss":0.0,"gold_gain":0.0,"event_name":"WeMeetAgain","player_choice":"Gave Card","floor":11.0,"gold_loss":0.0,"damage_taken":0.0,"relics_obtained":["Pen Nib"]},{"damage_healed":0.0,"max_hp_gain":0.0,"max_hp_loss":0.0,"gold_gain":0.0,"event_name":"Drug Dealer","player_choice":"Inject Mutagens","floor":19.0,"gold_loss":0.0,"damage_taken":0.0,"relics_obtained":["MutagenicStrength"]},{"damage_healed":0.0,"max_hp_gain":0.0,"max_hp_loss":0.0,"gold_gain":0.0,"event_name":"The Mausoleum","player_choice":"Opened","floor":29.0,"gold_loss":0.0,"damage_taken":0.0,"relics_obtained":["Question Card"],"cards_obtained":["Writhe"]},{"damage_healed":0,"gold_gain":0,"player_choice":"Fight","damage_taken":0,"max_hp_gain":0,"max_hp_loss":0,"event_name":"Colosseum","floor":31,"gold_loss":0},{"damage_healed":0,"gold_gain":0,"player_choice":"Fought Nobs","damage_taken":0,"max_hp_gain":0,"max_hp_loss":0,"event_name":"Colosseum","floor":31,"gold_loss":0},{"cards_removed":["Strike_R"],"damage_healed":0,"gold_gain":0,"player_choice":"Removed Attack","damage_taken":0,"max_hp_gain":0,"max_hp_loss":0,"event_name":"Falling","floor":37,"gold_loss":0},{"damage_healed":0,"gold_gain":0,"player_choice":"Paid","damage_taken":0,"relics_obtained":["Red Mask"],"max_hp_gain":0,"max_hp_loss":0,"event_name":"Tomb of Lord Red Mask","floor":38,"gold_loss":71},{"damage_healed":0,"gold_gain":0,"player_choice":"Fight","damage_taken":0,"max_hp_gain":0,"max_hp_loss":0,"event_name":"MindBloom","floor":39,"gold_loss":0}],"is_beta":false,"boss_relics":[{"not_picked":["Calling Bell","Mark of Pain"],"picked":"Sozu"},{"not_picked":["Empty Cage","Fusion Hammer"],"picked":"Black Blood"}],"items_purged_floors":[36],"is_endless":false,"potions_floor_spawned":[2,7,16,20,27,30,31,31,33,35,39,41,44,45,46,47,48],"ascension_level":11}}