{"host":"hqvh779b89tfrjxy","time":1614074979,"event":{"mods":["Act Like it!","BaseMod","Better Third Choice","Downfall-Rebalance","Elementarium","Filter the Spire","GifTheSpireLib","Minty Spire (QoL Compilation)","Replay The Spire","Ruina","Spicy Shops","StSLib"],"gold_per_floor":[115,6,19,33,33,65,65,99,154,154,254,254,274,304,304,402,402,413,28,40,56,56,56],"floor_reached":22,"language":"ENG","playtime":893,"items_purged":[],"score":321,"play_id":"9297d6cc-ebab-456a-9778-f2b70a3092cf","local_time":"20210223110939","is_ascension_mode":true,"campfire_choices":[{"data":"Cloak And Dagger","floor":7,"key":"SMITH"},{"data":"Neutralize","floor":10,"key":"SMITH"},{"floor":12,"key":"REST"},{"data":"Blade Dance","floor":15,"key":"SMITH"}],"circlet_count":0,"master_deck":["Strike_G","Strike_G","Strike_G","Strike_G","Strike_G","Defend_G","Defend_G","Defend_G","Defend_G","Defend_G","Survivor","Neutralize+1","Dagger Spray","Cloak And Dagger+1","Poisoned Stab","Caltrops","Slice","Blade Dance+1","After Image","Hidden Blade","Caltrops","ruina:Nihil","Cloak And Dagger","Accuracy"],"relics":["WristBlade","ReplayTheSpireMod:CursedCoin","Kunai","Letter Opener","Art of War","Pen Nib","Cursed Key"],"acts_visited":["Exordium","ruina:Briah"],"potions_floor_usage":[14,22],"damage_taken":[{"damage":0,"enemies":"Small Slimes","floor":1,"turns":5},{"damage":0,"enemies":"Cultist","floor":3,"turns":4},{"damage":0,"enemies":"Jaw Worm","floor":4,"turns":3},{"damage":11,"enemies":"Lagavulin","floor":6,"turns":9},{"damage":24,"enemies":"Gremlin Nob","floor":8,"turns":4},{"damage":5,"enemies":"2 Fungi Beasts","floor":13,"turns":4},{"damage":0,"enemies":"Lagavulin","floor":14,"turns":6},{"damage":10,"enemies":"The Guardian","floor":16,"turns":10},{"damage":16,"enemies":"ruina:BadWolf","floor":18,"turns":4},{"damage":1,"enemies":"ruina:2_Scarecrows","floor":20,"turns":4},{"damage":13,"enemies":"ruina:KnightOfDespair","floor":21,"turns":6},{"damage":31,"enemies":"ruina:KingOfGreed","floor":22,"turns":3}],"seed_played":"-8462064654703952832","potions_obtained":[{"floor":6,"key":"CunningPotion"},{"floor":8,"key":"SkillPotion"},{"floor":14,"key":"FearPotion"},{"floor":18,"key":"Poison Potion"}],"is_trial":false,"path_per_floor":["M","$","M","M","?","E","R","E","T","R","?","R","M","E","R","B",null,"M","$","M","M","M"],"character_chosen":"THE_SILENT","items_purchased":["ReplayTheSpireMod:CursedCoin","Kunai","Caltrops","ruina:Nihil"],"campfire_rested":1,"item_purchase_floors":[2,2,19,19],"current_hp_per_floor":[63,63,63,63,63,52,52,28,28,28,28,49,44,44,44,34,61,45,45,44,31,0,0],"gold":56,"neow_bonus":"BOSS_RELIC","is_daily":false,"chose_seed":false,"campfire_upgraded":3,"win_rate":0.0,"timestamp":1614074979,"path_taken":["M","$","M","M","?","E","R","E","T","R","?","R","M","E","R","BOSS","M","$","M","M","M"],"items_purchased_type":["Relic","Relic","Card","Card"],"build_version":"2020-12-22","purchased_purges":0,"victory":false,"max_hp_per_floor":[70,70,70,70,70,70,70,70,70,70,70,70,70,70,70,70,70,70,70,70,70,70,70],"card_choices":[{"not_picked":["Acrobatics","Sneak Up"],"picked":"Dagger Spray","floor":1},{"not_picked":["Backflip","Dodge and Roll"],"picked":"Cloak And Dagger","floor":3},{"not_picked":["Fluid Movement","Sucker Punch"],"picked":"Poisoned Stab","floor":4},{"not_picked":["Deadly Poison","PiercingWail"],"picked":"Caltrops","floor":6},{"not_picked":["Deadly Poison","Flying Knee","Dagger Throw"],"picked":"SKIP","floor":8},{"not_picked":["ReplayTheSpireMod:Scrap Shanks","Backflip"],"picked":"Slice","floor":13},{"not_picked":["Noxious Fumes","Quick Slash"],"picked":"Blade Dance","floor":14},{"not_picked":["Die Die Die","ReplayTheSpireMod:From All Sides"],"picked":"After Image","floor":16},{"not_picked":["ReplayTheSpireMod:The Works","All Out Attack"],"picked":"Hidden Blade","floor":18},{"not_picked":["Expertise","Dagger Throw+1"],"picked":"Cloak And Dagger","floor":20},{"not_picked":["Dagger Spray+1","Blade Dance+1"],"picked":"Accuracy","floor":21}],"player_experience":246392,"relics_obtained":[{"floor":6,"key":"Letter Opener"},{"floor":8,"key":"Art of War"},{"floor":14,"key":"Pen Nib"}],"event_choices":[{"damage_healed":0,"gold_gain":0,"player_choice":"Ignored","damage_taken":33,"max_hp_gain":0,"max_hp_loss":0,"event_name":"betterThird:BetterSerpent","floor":5,"gold_loss":0},{"damage_healed":0,"gold_gain":100,"player_choice":"Pray","damage_taken":0,"max_hp_gain":0,"max_hp_loss":0,"event_name":"Golden Shrine","floor":11,"gold_loss":0}],"is_beta":false,"boss_relics":[{"not_picked":["SacredBark","Replay:Ancient Bell"],"picked":"Cursed Key"}],"items_purged_floors":[],"is_endless":false,"potions_floor_spawned":[6,8,14,18],"killed_by":"ruina:KingOfGreed","ascension_level":8}}