{"host":"sav7uxregyirlf69","time":1614070335,"event":{"mods":["AchievementEnabler","BaseMod","Colored Map","DeckTracker","Keyboard Shortcuts","Minty Spire (QoL Compilation)","READ ME - Guardian Mod","StSLib","SuperFastMode"],"gold_per_floor":[128,159,171,198,228,240,222,269,281,293,320,332,374,401,413,500,512,536,567,579,591,591],"floor_reached":21,"language":"KOR","playtime":525,"items_purged":[],"score":382,"play_id":"ece753ad-7b2d-40e3-96db-16b6ef10f0df","local_time":"20210223175215","is_ascension_mode":true,"campfire_choices":[{"floor":6,"key":"REST"},{"floor":10,"key":"REST"},{"data":"Go for the Eyes","floor":12,"key":"SMITH"},{"data":"Stack","floor":15,"key":"SMITH"}],"circlet_count":0,"master_deck":["AscendersBane","Strike_B","Strike_B","Strike_B","Strike_B","Defend_B","Defend_B","Defend_B","Defend_B","Zap","Dualcast","Hello World","Go for the Eyes+1","Stack+1","Glacier","Core Surge","Leap","Electrodynamics","Coolheaded","Chill","Stack+1"],"relics":["Cracked Core","MawBank","CaptainsWheel","Bottled Tornado","Meat on the Bone","Runic Pyramid"],"acts_visited":["Exordium","TheCity"],"potions_floor_usage":[8,14,16,18],"damage_taken":[{"damage":5,"enemies":"Small Slimes","floor":1,"turns":3},{"damage":1,"enemies":"Cultist","floor":2,"turns":3},{"damage":17,"enemies":"Jaw Worm","floor":4,"turns":5},{"damage":9,"enemies":"Red Slaver","floor":5,"turns":4},{"damage":19,"enemies":"3 Sentries","floor":8,"turns":8},{"damage":12,"enemies":"Lots of Slimes","floor":11,"turns":4},{"damage":6,"enemies":"Gremlin Nob","floor":13,"turns":4},{"damage":11,"enemies":"Exordium Thugs","floor":14,"turns":6},{"damage":19,"enemies":"The Guardian","floor":16,"turns":17},{"damage":13,"enemies":"2 Thieves","floor":18,"turns":3},{"damage":0,"enemies":"Chosen","floor":19,"turns":5},{"damage":46,"enemies":"Shelled Parasite and Fungi","floor":21,"turns":4}],"seed_played":"1397699076244089853","potions_obtained":[{"floor":1,"key":"Energy Potion"},{"floor":7,"key":"SteroidPotion"},{"floor":8,"key":"Swift Potion"},{"floor":13,"key":"EssenceOfSteel"},{"floor":16,"key":"Block Potion"},{"floor":18,"key":"Swift Potion"}],"is_trial":false,"path_per_floor":["M","M","?","M","M","R","?","E","T","R","M","R","E","M","R","B",null,"M","M","?","M"],"character_chosen":"DEFECT","items_purchased":[],"campfire_rested":2,"item_purchase_floors":[],"current_hp_per_floor":[59,58,48,31,22,43,43,24,24,45,33,33,27,28,28,21,59,46,46,46,0,0],"gold":591,"neow_bonus":"RANDOM_COMMON_RELIC","is_daily":false,"chose_seed":false,"campfire_upgraded":2,"win_rate":0.0,"timestamp":1614070335,"path_taken":["M","M","?","M","?","R","?","E","T","R","?","R","E","M","R","BOSS","M","M","?","M"],"items_purchased_type":[],"build_version":"2020-12-22","purchased_purges":0,"victory":false,"max_hp_per_floor":[71,71,71,71,71,71,71,71,71,71,71,71,71,71,71,71,71,71,71,71,71,71],"card_choices":[{"not_picked":["Rebound","Barrage"],"picked":"Hello World","floor":1},{"not_picked":["Tempest","Barrage","Redo"],"picked":"SKIP","floor":2},{"not_picked":["Turbo","Beam Cell"],"picked":"Go for the Eyes","floor":4},{"not_picked":["Go for the Eyes","Barrage"],"picked":"Stack","floor":5},{"not_picked":["Redo","Leap"],"picked":"Glacier","floor":8},{"not_picked":["Hologram","Conserve Battery"],"picked":"Core Surge","floor":11},{"not_picked":["Ball Lightning","Lockon","Sweeping Beam"],"picked":"SKIP","floor":13},{"not_picked":["Sunder","Rip and Tear"],"picked":"Leap","floor":14},{"not_picked":["Hyperbeam","Seek"],"picked":"Electrodynamics","floor":16},{"not_picked":["Ball Lightning","Redo"],"picked":"Coolheaded","floor":18},{"not_picked":["Leap","Chaos"],"picked":"Chill","floor":19}],"player_experience":1673816,"relics_obtained":[{"floor":8,"key":"CaptainsWheel"},{"floor":9,"key":"Bottled Tornado"},{"floor":13,"key":"Meat on the Bone"}],"event_choices":[{"damage_healed":0,"gold_gain":0,"player_choice":"Damaged","damage_taken":10,"max_hp_gain":0,"max_hp_loss":0,"event_name":"Wheel of Change","floor":3,"gold_loss":0},{"damage_healed":0,"gold_gain":0,"player_choice":"Bought 2 Potions","damage_taken":0,"max_hp_gain":0,"max_hp_loss":0,"event_name":"The Woman in Blue","floor":7,"gold_loss":0},{"damage_healed":0,"gold_gain":0,"player_choice":"Copied","damage_taken":0,"max_hp_gain":0,"max_hp_loss":0,"event_name":"Duplicator","floor":20,"gold_loss":0,"cards_obtained":["Stack"]}],"is_beta":false,"boss_relics":[{"not_picked":["FrozenCore","Astrolabe"],"picked":"Runic Pyramid"}],"items_purged_floors":[],"is_endless":false,"potions_floor_spawned":[1,8,13,16,18],"killed_by":"Shelled Parasite and Fungi","ascension_level":20}}