{"host":"y13mj1mxwnd5xx1x","time":1614046958,"event":{"mods":["AchievementEnabler","BaseMod","Minty Spire (QoL Compilation)"],"gold_per_floor":[112,123,139,139,214,214,247,260,260,260,334,334,355,389,389,509,509,534,555,101,124,124,165,178,34,102,102,102,127,162,18,18,143,143,167,167,188,211,232,232,267,267,267,288,288,326,326,0,0,0],"floor_reached":51,"language":"ENG","playtime":3053,"items_purged":["Strike_B"],"score":878,"play_id":"4282a2e1-127d-454f-8638-a3143533f588","local_time":"20210222202238","is_ascension_mode":true,"campfire_choices":[{"data":"Hologram","floor":6.0,"key":"SMITH"},{"floor":10.0,"key":"REST"},{"data":"Dualcast","floor":15.0,"key":"SMITH"},{"floor":27.0,"key":"REST"},{"data":"Genetic Algorithm","floor":32.0,"key":"SMITH"},{"floor":40,"key":"REST"},{"data":"Seek","floor":42,"key":"SMITH"},{"data":"Electrodynamics","floor":45,"key":"SMITH"},{"floor":47,"key":"REST"},{"data":"Lockon","floor":49,"key":"SMITH"}],"circlet_count":0,"master_deck":["Strike_B","Strike_B","Strike_B","Defend_B","Defend_B","Defend_B+1","Defend_B","Zap+1","Dualcast+1","Lockon+1","Melter","Hologram+1","Cold Snap","Genetic Algorithm+1","Redo","Sweeping Beam","FTL","All For One+1","Static Discharge+1","Darkness","Self Repair","Barrage+1","White Noise+1","Double Energy+1","Electrodynamics+1","Double Energy+1","Go for the Eyes+1","Creative AI+1","Self Repair+1","BootSequence","Seek+1"],"relics":["Cracked Core","Golden Idol","Regal Pillow","Blue Candle","White Beast Statue","Mango","Black Star","Pear","Orichalcum","Mercury Hourglass","Runic Capacitor","Cables","CultistMask","Frozen Egg 2","Dream Catcher","War Paint","Cursed Key","Letter Opener","Whetstone","Prayer Wheel","Strawberry","Red Mask"],"acts_visited":["Exordium","TheCity","TheBeyond"],"potions_floor_usage":[35,38,39,50,50,50],"damage_taken":[{"damage":0.0,"enemies":"2 Louse","floor":1.0,"turns":2.0},{"damage":7.0,"enemies":"Jaw Worm","floor":2.0,"turns":3.0},{"damage":7.0,"enemies":"Small Slimes","floor":3.0,"turns":3.0},{"damage":21.0,"enemies":"Lagavulin","floor":7.0,"turns":6.0},{"damage":4.0,"enemies":"Blue Slaver","floor":8.0,"turns":3.0},{"damage":14.0,"enemies":"3 Sentries","floor":11.0,"turns":8.0},{"damage":11.0,"enemies":"Exordium Thugs","floor":13.0,"turns":4.0},{"damage":8.0,"enemies":"3 Sentries","floor":14.0,"turns":5.0},{"damage":15.0,"enemies":"Slime Boss","floor":16.0,"turns":9.0},{"damage":0.0,"enemies":"Spheric Guardian","floor":18.0,"turns":3.0},{"damage":24.0,"enemies":"Shell Parasite","floor":19.0,"turns":5.0},{"damage":23.0,"enemies":"Snake Plant","floor":21.0,"turns":4.0},{"damage":24.0,"enemies":"Slavers","floor":23.0,"turns":2.0},{"damage":32.0,"enemies":"Shelled Parasite and Fungi","floor":24.0,"turns":7.0},{"damage":4.0,"enemies":"Chosen and Byrds","floor":29.0,"turns":3.0},{"damage":0.0,"enemies":"Gremlin Leader","floor":30.0,"turns":5.0},{"damage":62.0,"enemies":"Champ","floor":33.0,"turns":10.0},{"damage":25,"enemies":"3 Darklings","floor":35,"turns":4},{"damage":32,"enemies":"Orb Walker","floor":37,"turns":5},{"damage":9,"enemies":"Transient","floor":38,"turns":5},{"damage":15,"enemies":"Maw","floor":39,"turns":7},{"damage":30,"enemies":"Nemesis","floor":41,"turns":7},{"damage":21,"enemies":"4 Shapes","floor":44,"turns":3},{"damage":55,"enemies":"Reptomancer","floor":46,"turns":5},{"damage":77,"enemies":"Donu and Deca","floor":50,"turns":8}],"seed_played":"-6170807559926659226","potions_obtained":[{"floor":2.0,"key":"EssenceOfSteel"},{"floor":3.0,"key":"Fire Potion"},{"floor":7.0,"key":"DuplicationPotion"},{"floor":8.0,"key":"PowerPotion"},{"floor":14.0,"key":"Weak Potion"},{"floor":16.0,"key":"EssenceOfSteel"},{"floor":18.0,"key":"FocusPotion"},{"floor":19.0,"key":"Energy Potion"},{"floor":21.0,"key":"Fire Potion"},{"floor":23.0,"key":"DuplicationPotion"},{"floor":24.0,"key":"SpeedPotion"},{"floor":29.0,"key":"Ancient Potion"},{"floor":30.0,"key":"DistilledChaos"},{"floor":33.0,"key":"Swift Potion"},{"floor":35,"key":"BlessingOfTheForge"},{"floor":37,"key":"DistilledChaos"},{"floor":38,"key":"Weak Potion"},{"floor":39,"key":"FearPotion"},{"floor":41,"key":"Dexterity Potion"},{"floor":46,"key":"AttackPotion"}],"is_trial":false,"path_per_floor":["M","M","M","?","?","R","E","M","T","R","?","?","M","E","R","B",null,"M","M","$","M","?","E","M","$","T","R","?","M","E","$","R","B",null,"M","T","M","M","M","R","E","R","T","M","R","E","R","?","R","B",null],"character_chosen":"DEFECT","items_purchased":["Pear","Self Repair","Barrage","Runic Capacitor","War Paint"],"campfire_rested":4,"item_purchase_floors":[20,20,20,25,31],"current_hp_per_floor":[75,68,61,43,32,32,11,7,7,44,30,35,24,30,30,15,94,94,70,80,64,64,47,15,15,15,61,61,57,64,64,64,9,104,86,86,61,52,54,100,87,87,87,66,66,35,83,83,83,23],"gold":0,"neow_bonus":"UPGRADE_CARD","is_daily":false,"chose_seed":false,"campfire_upgraded":6,"win_rate":0.0,"timestamp":1614046958,"path_taken":["M","M","M","?","?","R","E","M","T","R","?","?","M","E","R","BOSS","M","M","$","M","?","E","M","?","T","R","?","?","E","$","R","BOSS","M","?","M","M","?","R","E","R","T","M","R","E","R","?","R","BOSS"],"items_purchased_type":["Relic","Card","Card","Relic","Relic"],"build_version":"2020-12-22","purchased_purges":1,"victory":true,"max_hp_per_floor":[75,75,75,75,75,75,75,75,75,75,75,80,80,94,94,94,94,94,94,104,104,104,104,104,104,104,104,104,104,104,104,104,104,104,104,104,104,104,104,104,104,104,104,104,104,111,111,111,111,111],"card_choices":[{"not_picked":["Hologram","Sweeping Beam"],"picked":"Lockon","floor":1.0},{"not_picked":["Steam","Scrape"],"picked":"Melter","floor":2.0},{"not_picked":["Scrape","Turbo"],"picked":"Hologram","floor":3.0},{"not_picked":["All For One","Gash"],"picked":"Cold Snap","floor":7.0},{"not_picked":["Redo","Coolheaded"],"picked":"Genetic Algorithm","floor":8.0},{"not_picked":["Gash","Compile Driver"],"picked":"Redo","floor":11.0},{"not_picked":["Auto Shields","Go for the Eyes"],"picked":"Sweeping Beam","floor":13.0},{"not_picked":["Beam Cell","Steam Power"],"picked":"FTL","floor":14.0},{"not_picked":["Seek","Machine Learning"],"picked":"All For One","floor":16.0},{"not_picked":["Genetic Algorithm","Turbo"],"picked":"Static Discharge+1","floor":18.0},{"not_picked":["Heatsinks","Glacier"],"picked":"Darkness","floor":19.0},{"not_picked":["Hologram+1","FTL+1"],"picked":"White Noise+1","floor":21.0},{"not_picked":["Gash","Steam","Force Field"],"picked":"SKIP","floor":23.0},{"not_picked":["Ball Lightning","Blizzard+1"],"picked":"Double Energy+1","floor":24.0},{"not_picked":["Sweeping Beam","Blizzard+1"],"picked":"Go for the Eyes+1","floor":29.0},{"not_picked":["Meteor Strike","Glacier","Gash"],"picked":"SKIP","floor":30.0},{"not_picked":["Biased Cognition+1","Echo Form+1"],"picked":"Creative AI+1","floor":33.0},{"not_picked":["Darkness+1","Sweeping Beam","Conserve Battery"],"picked":"SKIP","floor":35},{"not_picked":["Lockon","Steam Power","Stack+1"],"picked":"SKIP","floor":37},{"not_picked":["Fusion+1","Barrage"],"picked":"Self Repair+1","floor":38},{"not_picked":["Auto Shields+1","Turbo","Rebound+1"],"picked":"SKIP","floor":39},{"not_picked":["Fusion+1","Recycle"],"picked":"BootSequence","floor":40},{"not_picked":["Beam Cell+1","Leap"],"picked":"Seek","floor":41},{"not_picked":["Barrage","Sweeping Beam+1","Gash"],"picked":"SKIP","floor":44},{"not_picked":["Fusion+1","Steam Power","All For One"],"picked":"SKIP","floor":46}],"player_experience":198584,"relics_obtained":[{"floor":7.0,"key":"Regal Pillow"},{"floor":9.0,"key":"Blue Candle"},{"floor":14.0,"key":"Mango"},{"floor":23.0,"key":"Orichalcum"},{"floor":23.0,"key":"Mercury Hourglass"},{"floor":26.0,"key":"Cables"},{"floor":30.0,"key":"Frozen Egg 2"},{"floor":30.0,"key":"Dream Catcher"},{"floor":41,"key":"Letter Opener"},{"floor":41,"key":"Whetstone"},{"floor":46,"key":"Prayer Wheel"},{"floor":46,"key":"Strawberry"}],"event_choices":[{"damage_healed":0.0,"max_hp_gain":0.0,"max_hp_loss":0.0,"gold_gain":0.0,"event_name":"Golden Idol","player_choice":"Take Damage","floor":4.0,"gold_loss":0.0,"damage_taken":18.0,"relics_obtained":["Golden Idol"]},{"damage_healed":0.0,"max_hp_gain":0.0,"max_hp_loss":0.0,"gold_gain":75.0,"event_name":"World of Goop","player_choice":"Gather Gold","floor":5.0,"gold_loss":0.0,"damage_taken":11.0},{"damage_healed":0.0,"max_hp_gain":0.0,"max_hp_loss":0.0,"gold_gain":0.0,"event_name":"Dead Adventurer","player_choice":"Searched \u00272\u0027 times","floor":11.0,"gold_loss":0.0,"damage_taken":0.0,"relics_obtained":["White Beast Statue"]},{"damage_healed":0.0,"max_hp_gain":5.0,"max_hp_loss":0.0,"gold_gain":0.0,"event_name":"Big Fish","player_choice":"Donut","floor":12.0,"gold_loss":0.0,"damage_taken":0.0},{"damage_healed":0.0,"max_hp_gain":0.0,"max_hp_loss":0.0,"gold_gain":0.0,"event_name":"Match and Keep!","player_choice":"2 cards matched","floor":22.0,"gold_loss":0.0,"damage_taken":0.0,"cards_obtained":["Double Energy","Electrodynamics"]},{"damage_healed":0.0,"max_hp_gain":0.0,"max_hp_loss":0.0,"gold_gain":0.0,"event_name":"FaceTrader","player_choice":"Trade","floor":28.0,"gold_loss":0.0,"damage_taken":0.0,"relics_obtained":["CultistMask"]},{"damage_healed":0,"gold_gain":0,"player_choice":"Paid","damage_taken":0,"relics_obtained":["Red Mask"],"max_hp_gain":0,"max_hp_loss":0,"event_name":"Tomb of Lord Red Mask","floor":48,"gold_loss":326}],"is_beta":false,"boss_relics":[{"not_picked":["FrozenCore","Sozu"],"picked":"Black Star"},{"not_picked":["Inserter","Pandora\u0027s Box"],"picked":"Cursed Key"}],"items_purged_floors":[20],"is_endless":false,"potions_floor_spawned":[2,3,7,8,11,13,14,16,18,19,21,23,24,29,30,33,35,37,38,39,41,44,46],"ascension_level":2}}