{"host":"6406jj8da6015sxr","time":1614070950,"event":{"mods":["AchievementEnabler","BaseMod","Colored Map","DeckTracker","Keyboard Shortcuts","Minty Spire (QoL Compilation)","Permanent Neow","Relic Stats","SuperFastMode","everything is the same but u backflip on backflip"],"gold_per_floor":[10,10,23,36,47,47,73,84,84,84,101,101,101,117,117,188,188,201,217,217,217],"floor_reached":20,"language":"KOR","playtime":664,"items_purged":[],"score":356,"play_id":"77dc36c0-951f-4438-a407-97316dca0b10","local_time":"20210223180230","is_ascension_mode":true,"campfire_choices":[{"data":"Noxious Fumes","floor":6.0,"key":"SMITH"},{"floor":10.0,"key":"REST"},{"data":"Neutralize","floor":13.0,"key":"SMITH"},{"floor":15.0,"key":"REST"}],"circlet_count":0,"master_deck":["AscendersBane","Strike_G","Strike_G","Strike_G","Defend_G","Defend_G","Defend_G","Defend_G","Defend_G","Survivor","Neutralize+1","After Image","Poisoned Stab","Noxious Fumes+1","Blade Dance","Bane","Poisoned Stab","Bouncing Flask","Tactician","Cloak And Dagger","Burst","Deflect+1","Blur"],"relics":["Ring of the Snake","Bottled Tornado","StrikeDummy","Cursed Key"],"acts_visited":["Exordium","TheCity"],"potions_floor_usage":[18,20],"damage_taken":[{"damage":3.0,"enemies":"Cultist","floor":1.0,"turns":5.0},{"damage":3.0,"enemies":"Jaw Worm","floor":3.0,"turns":5.0},{"damage":2.0,"enemies":"Small Slimes","floor":4.0,"turns":3.0},{"damage":3.0,"enemies":"Blue Slaver","floor":5.0,"turns":3.0},{"damage":16.0,"enemies":"Gremlin Nob","floor":7.0,"turns":4.0},{"damage":24.0,"enemies":"Lots of Slimes","floor":8.0,"turns":4.0},{"damage":1.0,"enemies":"Looter","floor":11.0,"turns":3.0},{"damage":7.0,"enemies":"Large Slime","floor":14.0,"turns":5.0},{"damage":26.0,"enemies":"The Guardian","floor":16.0,"turns":9.0},{"damage":18,"enemies":"Chosen","floor":18,"turns":4},{"damage":17,"enemies":"2 Thieves","floor":19,"turns":5},{"damage":10,"enemies":"Snake Plant","floor":20,"turns":4}],"seed_played":"-2770572810055746765","potions_obtained":[{"floor":5.0,"key":"Fire Potion"},{"floor":11.0,"key":"Weak Potion"},{"floor":16.0,"key":"AttackPotion"},{"floor":19,"key":"ColorlessPotion"}],"is_trial":false,"path_per_floor":["M","?","M","M","M","R","E","M","T","R","M","?","R","M","R","B",null,"M","M","M"],"character_chosen":"THE_SILENT","items_purchased":[],"campfire_rested":2,"item_purchase_floors":[],"current_hp_per_floor":[56,56,53,51,48,48,32,8,8,27,26,26,26,19,38,12,53,35,18,8,8],"gold":217,"neow_bonus":"THREE_RARE_CARDS","is_daily":false,"chose_seed":false,"campfire_upgraded":2,"win_rate":0.0,"timestamp":1614070950,"path_taken":["M","?","M","M","M","R","E","M","T","R","M","?","R","M","R","BOSS","M","M","?"],"items_purchased_type":[],"build_version":"2020-12-22","purchased_purges":0,"victory":false,"max_hp_per_floor":[66,66,66,66,66,66,66,66,66,66,66,66,66,66,66,66,66,66,66,66,66],"relic_stats":{"counters":[12,54],"Cursed Key":0,"obtain_stats":[{"Bottled Tornado":7,"StrikeDummy":9,"Cursed Key":17,"Ring of the Snake":0},{"Bottled Tornado":5,"StrikeDummy":6,"Cursed Key":9,"Ring of the Snake":0},{"Bottled Tornado":20,"StrikeDummy":24,"Cursed Key":41,"Ring of the Snake":0}],"Ring of the Snake":[24]},"card_choices":[{"not_picked":["Venomology","Malaise"],"picked":"After Image","floor":0.0},{"not_picked":["Flying Knee","PiercingWail"],"picked":"Poisoned Stab","floor":1.0},{"not_picked":["Underhanded Strike","Cloak And Dagger"],"picked":"Blade Dance","floor":3.0},{"not_picked":["Prepared","Cloak And Dagger"],"picked":"Bane","floor":4.0},{"not_picked":["Outmaneuver","Deadly Poison"],"picked":"Poisoned Stab","floor":5.0},{"not_picked":["Dash","Bouncing Flask","Underhanded Strike"],"picked":"SKIP","floor":7.0},{"not_picked":["Dash","Underhanded Strike"],"picked":"Bouncing Flask","floor":7.0},{"not_picked":["Well Laid Plans","Acrobatics"],"picked":"Tactician","floor":8.0},{"not_picked":["Dodge and Roll","Poisoned Stab"],"picked":"Cloak And Dagger","floor":11.0},{"not_picked":["Endless Agony","Setup","Quick Slash"],"picked":"SKIP","floor":14.0},{"not_picked":["Unload","Corpse Explosion"],"picked":"Burst","floor":16.0},{"not_picked":["Dagger Spray","Deadly Poison"],"picked":"Deflect+1","floor":18},{"not_picked":["Masterful Stab","Noxious Fumes"],"picked":"Blur","floor":19}],"player_experience":87961,"relics_obtained":[{"floor":7.0,"key":"Bottled Tornado"},{"floor":9.0,"key":"StrikeDummy"}],"event_choices":[{"damage_healed":0.0,"max_hp_gain":0.0,"max_hp_loss":0.0,"gold_gain":0.0,"cards_transformed":["Strike_G"],"event_name":"Living Wall","player_choice":"Change","floor":2.0,"gold_loss":0.0,"damage_taken":0.0,"cards_obtained":["Noxious Fumes"]},{"cards_removed":["Strike_G"],"damage_healed":0.0,"max_hp_gain":0.0,"max_hp_loss":0.0,"gold_gain":0.0,"event_name":"Purifier","player_choice":"Purged","floor":12.0,"gold_loss":0.0,"damage_taken":0.0}],"is_beta":false,"boss_relics":[{"not_picked":["SacredBark","Calling Bell"],"picked":"Cursed Key"}],"items_purged_floors":[],"is_endless":false,"potions_floor_spawned":[5,11,16,19],"killed_by":"Snake Plant","ascension_level":20}}