{"host":"kj5ejyofr70ax6r3","time":1614053873,"event":{"mods":["BaseMod","BetterRewards","Colored Map","Downfall","GifTheSpireLib","Minty Spire (QoL Compilation)","Replay The Spire","Shop Mod","StSLib"],"gold_per_floor":[99,99,111,111,169,210,234,265,365,84,84,135,178,216,256,288,288,288],"floor_reached":16,"language":"ENG","playtime":1778,"items_purged":[],"score":127,"play_id":"3b399da5-9662-4320-bd08-4a1f91228898","local_time":"20210222221753","is_ascension_mode":true,"campfire_choices":[{"floor":1,"key":"DIG"}],"circlet_count":0,"master_deck":["bronze:Strike","bronze:Strike","bronze:Strike","bronze:Strike","bronze:Defend","bronze:Defend","bronze:Defend","bronze:Defend","bronze:Replicate","bronze:Goto","bronze:Constructor","bronze:Return","bronze:BronzeOrb+1","bronze:MaxOutput","bronze:ChildClass","bronze:Optimize","bronze:Invalidate","bronze:Constructor","bronze:WhirlingStrike","bronze:Fortify","Jack Of All Trades","bronze:Branch","bronze:DelayedSlice","bronze:HardenedForm"],"relics":["bronze:BronzeCore","Replay:Mystery Machine","Oddly Smooth Stone","Replay:Bandana","Replay:Multitool","Anchor","MerchantsRug","MawBank"],"acts_visited":["Exordium"],"potions_floor_usage":[6],"damage_taken":[{"damage":0,"enemies":"Small Slimes","floor":3,"turns":2},{"damage":5,"enemies":"Gremlin Nob","floor":5,"turns":4},{"damage":9,"enemies":"Gremlin Nob","floor":6,"turns":4},{"damage":0,"enemies":"Cultist","floor":8,"turns":4},{"damage":0,"enemies":"downfall:FleeingMerchant","floor":10,"turns":4},{"damage":16,"enemies":"3 Sentries","floor":12,"turns":7},{"damage":0,"enemies":"Jaw Worm","floor":13,"turns":3},{"damage":2,"enemies":"Blue Slaver","floor":14,"turns":4},{"damage":15,"enemies":"2 Fungi Beasts","floor":15,"turns":4},{"damage":26,"enemies":"WA_ARCHETYPE_RETAIN","floor":16,"turns":7}],"seed_played":"-6621030732126753244","potions_obtained":[{"floor":2,"key":"Strength Potion"},{"floor":2,"key":"DistilledChaos"},{"floor":2,"key":"Guardian:BlockOnCardUsePotion"},{"floor":6,"key":"hexamod:SoulburnPotion"}],"is_trial":false,"path_per_floor":["R_BF","?","M","?","?","E","T","M","R","$","?","E","M","M","M","B"],"character_chosen":"THE_AUTOMATON","items_purchased":["BargainBundle","MerchantsRug","bronze:Optimize","bronze:Invalidate","bronze:Constructor","bronze:WhirlingStrike","bronze:Fortify","Jack Of All Trades","Adrenaline Potion"],"campfire_rested":0,"item_purchase_floors":[10,10,10,10,10,10,10,10,10],"current_hp_per_floor":[70,70,70,70,65,56,56,56,56,56,56,40,40,38,23,0,0,0],"gold":288,"neow_bonus":"RANDOM_COMMON_RELIC","is_daily":false,"chose_seed":false,"campfire_upgraded":0,"win_rate":0.0,"timestamp":1614053873,"path_taken":["R_BF","?","?","?","?","E","T","M","R","$","?","E","M","M","M","BOSS"],"items_purchased_type":["Relic","Relic","Card","Card","Card","Card","Card","Card","Potion"],"build_version":"2020-12-22","purchased_purges":0,"victory":false,"max_hp_per_floor":[70,70,70,70,70,70,70,70,70,70,70,70,70,70,70,70,70,70],"card_choices":[{"not_picked":["bronze:Refactor","bronze:BronzeArmor"],"picked":"bronze:Constructor","floor":3},{"not_picked":["bronze:ForLoop","bronze:BuggyMess"],"picked":"bronze:Return","floor":5},{"not_picked":["bronze:ClassDefault","bronze:Allocate"],"picked":"bronze:BronzeOrb","floor":6},{"not_picked":["bronze:OilSpill","bronze:ChildClass"],"picked":"bronze:MaxOutput","floor":8},{"not_picked":["bronze:Refactor","bronze:BitShift"],"picked":"bronze:ChildClass","floor":10},{"not_picked":["bronze:BugBarrage","bronze:Verify","bronze:Deprecate"],"picked":"SKIP","floor":12},{"not_picked":["bronze:DelayedGuard","bronze:Constructor"],"picked":"bronze:Branch","floor":13},{"not_picked":["bronze:Invalidate","bronze:Iterate"],"picked":"bronze:DelayedSlice","floor":14},{"not_picked":["bronze:Invalidate","bronze:BugBarrage"],"picked":"bronze:HardenedForm","floor":15}],"player_experience":196548,"relics_obtained":[{"floor":1,"key":"Oddly Smooth Stone"},{"floor":5,"key":"Replay:Bandana"},{"floor":6,"key":"Replay:Multitool"},{"floor":7,"key":"Anchor"},{"floor":12,"key":"MawBank"}],"event_choices":[{"damage_healed":0,"gold_gain":0,"player_choice":"Got Potions","damage_taken":0,"max_hp_gain":0,"max_hp_loss":0,"event_name":"Lab","floor":2,"gold_loss":0},{"damage_healed":0,"gold_gain":0,"player_choice":"Grow","damage_taken":0,"max_hp_gain":0,"max_hp_loss":0,"event_name":"Living Wall","floor":11,"gold_loss":0,"cards_upgraded":["bronze:BronzeOrb"]}],"is_beta":false,"boss_relics":[],"items_purged_floors":[],"is_endless":false,"potions_floor_spawned":[6,8,13,14],"killed_by":"WA_ARCHETYPE_RETAIN","ascension_level":3}}