{"host":"skr63qsdfgeey3it","time":1614059843,"event":{"mods":["BaseMod","Colored Map","Hubris","Minty Spire (QoL Compilation)","Monster B Gone","Reliquary","Replay The Spire","Spicy Shops","StSLib"],"gold_per_floor":[359,383,383,394,58,58,58,58,58,58,76,101,133,156,168,256,268,297,329,341,18,28,60,73,73,73,73,83,113,38,52,52,130,130,150,75,75,29,29,62,72,90,90,90,119,54,83,95,95,95],"floor_reached":51,"language":"ENG","playtime":2080,"items_purged":["hubris:Disease","Replay:Hysterical Blindness"],"score":1938,"play_id":"7f25eee6-775c-47b6-b8e0-7c4d5082d657","local_time":"20210222235723","is_ascension_mode":true,"campfire_choices":[{"floor":6,"key":"REST"},{"data":"hubris:PowerSurge","floor":8,"key":"SMITH"},{"data":"Zap","floor":25,"key":"SMITH"},{"data":"Multi-Cast","floor":32,"key":"SMITH"},{"data":"Storm","floor":49,"key":"SMITH"}],"circlet_count":0,"master_deck":["AscendersBane","Defend_B","Zap+1","Dualcast+1","hubris:PowerSurge+1","Beam Cell+1","Redo","hubris:PowerSurge+1","Gash","Sunder","Zap","Doom and Gloom","Darkness","Redo","Creative AI","BasicCrystalCard","Defragment+1","Ghostly","Ghostly","Ghostly","Apotheosis","Lockon","hubris:PowerSurge","Conserve Battery","Tempest","Hologram+1","Multi-Cast+1","Crystallizer+1","Turbo","Rebound","Coolheaded","FTL","Chill","Lockon+1","Finesse","Discovery","Ball Lightning","Storm","Cold Snap+1","Panic Button","All For One","Storm","Storm+1","Ball Lightning+1","Panic Button","Mirror Shield"],"relics":["Cracked Core","Replay:PocketPolymizer","Toy Ornithopter","reliquary:BrokenClock","Meat on the Bone","Chameleon Ring","MawBank","Painkiller Herb","Prayer Wheel","reliquary:SilkGlove","reliquary:TridentHead","Replay:Accelerometer","Busted Crown","ReplayTheSpireMod:CursedCoin","Blue Doll","Replay:Baseball","Whetstone","reliquary:Buckler"],"acts_visited":["Exordium","TheCity","TheBeyond"],"potions_floor_usage":[11,13,16,16,28,28,33,33,35,45,45,45,47,50,50],"damage_taken":[{"damage":4,"enemies":"Jaw Worm","floor":1,"turns":3},{"damage":0,"enemies":"Small Slimes","floor":4,"turns":3},{"damage":0,"enemies":"Cultist","floor":11,"turns":1},{"damage":30,"enemies":"3 Sentries","floor":12,"turns":4},{"damage":0,"enemies":"Exordium Thugs","floor":13,"turns":2},{"damage":0,"enemies":"Blue Slaver","floor":14,"turns":2},{"damage":18,"enemies":"Slime Boss","floor":16,"turns":3},{"damage":0,"enemies":"Shell Parasite","floor":18,"turns":2},{"damage":7,"enemies":"Chosen","floor":19,"turns":3},{"damage":1,"enemies":"Snecko","floor":22,"turns":3},{"damage":26,"enemies":"Book of Stabbing","floor":23,"turns":3},{"damage":0,"enemies":"Sentry and Sphere","floor":24,"turns":2},{"damage":0,"enemies":"Snake Plant","floor":28,"turns":2},{"damage":6,"enemies":"Replay:Snechameleon","floor":29,"turns":3},{"damage":5,"enemies":"3 Cultists","floor":31,"turns":4},{"damage":3,"enemies":"Pondfish","floor":33,"turns":10},{"damage":0,"enemies":"3 Darklings","floor":35,"turns":4},{"damage":23,"enemies":"Reptomancer","floor":40,"turns":5},{"damage":0,"enemies":"3 Shapes","floor":41,"turns":2},{"damage":0,"enemies":"Maw","floor":42,"turns":6},{"damage":1,"enemies":"Giant Head","floor":45,"turns":5},{"damage":0,"enemies":"Nemesis","floor":47,"turns":3},{"damage":0,"enemies":"Writhing Mass","floor":48,"turns":2},{"damage":24,"enemies":"hubris:GrandSnecko","floor":50,"turns":8}],"seed_played":"-3513238132566560338","potions_obtained":[{"floor":1,"key":"Strength Potion"},{"floor":12,"key":"Block Potion"},{"floor":15,"key":"Reflective Coating"},{"floor":15,"key":"AttackPotion"},{"floor":22,"key":"ColorlessPotion"},{"floor":24,"key":"Energy Potion"},{"floor":28,"key":"Fire Potion"},{"floor":31,"key":"SneckoOil"},{"floor":33,"key":"ColorlessPotion"},{"floor":44,"key":"EntropicBrew"},{"floor":44,"key":"Swift Potion"},{"floor":45,"key":"Elixir"},{"floor":48,"key":"Explosive Potion"}],"is_trial":false,"path_per_floor":["M","?","?","M","$","R","T","R","T","?","M","E","M","M","R","B",null,"?","?","?","T","?","E","?","T","T","T","?","E","?","?","T","B",null,"?","T","?","T","?","E","?","?","T","T","E","T","E","?","T","B",null],"character_chosen":"DEFECT","items_purchased":["hubris:PowerSurge+1","Toy Ornithopter","reliquary:BrokenClock","Apotheosis","Lockon","hubris:PowerSurge","Conserve Battery","ReplayTheSpireMod:CursedCoin","Discovery","Storm","Ball Lightning+1"],"campfire_rested":1,"item_purchase_floors":[5,5,5,21,21,21,21,38,38,46,46],"current_hp_per_floor":[42,14,14,14,14,35,35,35,35,35,40,22,39,39,39,43,64,64,57,35,35,34,20,20,20,20,20,30,24,24,19,19,26,33,35,35,35,35,35,24,24,24,24,24,34,34,35,35,35,28],"gold":95,"neow_bonus":"TWO_FIFTY_GOLD","is_daily":false,"chose_seed":false,"campfire_upgraded":4,"win_rate":0.0,"timestamp":1614059843,"path_taken":["M","?","?","?","$","R","?","R","T","?","M","E","M","M","R","BOSS","?","?","?","T","?","E","?","T","T","?","?","E","?","?","T","BOSS","?","T","?","T","?","E","?","?","T","T","E","T","E","?","T","BOSS"],"items_purchased_type":["Card","Relic","Relic","Card","Card","Card","Card","Relic","Card","Card","Card"],"build_version":"2020-12-22","purchased_purges":2,"victory":true,"max_hp_per_floor":[71,71,71,71,71,71,71,71,71,71,71,71,71,71,71,71,71,71,71,35,35,35,35,35,35,35,35,35,35,35,35,35,35,35,35,35,35,35,35,35,35,35,35,35,35,35,35,35,35,35],"card_choices":[{"not_picked":["Auto Shields","Storm"],"picked":"hubris:PowerSurge","floor":1},{"not_picked":["Barrage","Turbo"],"picked":"Beam Cell","floor":2},{"not_picked":["Force Field","Sweeping Beam"],"picked":"Redo","floor":4},{"not_picked":["Hologram","Barrage"],"picked":"Doom and Gloom","floor":11},{"not_picked":["Sweeping Beam","Streamline"],"picked":"Darkness","floor":12},{"not_picked":["Turbo","Gash"],"picked":"Redo","floor":13},{"not_picked":["Streamline","ReplayTheSpireMod:Repulse","Machine Learning"],"picked":"SKIP","floor":14},{"not_picked":["Reboot","All For One"],"picked":"ReplayTheSpireMod:Fabricate Wheel","floor":16},{"not_picked":["Capacitor","ReplayTheSpireMod:Reroute Power"],"picked":"BasicCrystalCard","floor":18},{"not_picked":["Hologram","Melter"],"picked":"Defragment+1","floor":19},{"not_picked":["Streamline","FIFO Queue+1","BasicCrystalCard"],"picked":"SKIP","floor":19},{"not_picked":["Sweeping Beam","Panic Button"],"picked":"Tempest","floor":22},{"not_picked":["Rip and Tear","Cold Snap"],"picked":"Hologram+1","floor":22},{"not_picked":["Panic Button","Hologram"],"picked":"Multi-Cast","floor":23},{"not_picked":["ReplaySort","Streamline"],"picked":"Crystallizer","floor":24},{"not_picked":["Streamline","Static Discharge","Compile Driver"],"picked":"SKIP","floor":24},{"not_picked":["Leap+1","ReplaySort+1"],"picked":"Rebound","floor":28},{"not_picked":["Hologram","Heatsinks","BasicCrystalCard"],"picked":"SKIP","floor":28},{"not_picked":["Ball Lightning+1","Cold Snap"],"picked":"Coolheaded","floor":29},{"not_picked":["Blizzard","Sweeping Beam"],"picked":"FTL","floor":31},{"not_picked":["Machine Learning","Gash+1"],"picked":"Chill","floor":31},{"not_picked":[],"picked":"Lockon+1","floor":35},{"not_picked":["Go for the Eyes"],"picked":"SKIP","floor":35},{"not_picked":[],"picked":"Finesse","floor":37},{"not_picked":[],"picked":"Ball Lightning","floor":40},{"not_picked":[],"picked":"Storm","floor":41},{"not_picked":[],"picked":"Cold Snap","floor":41},{"not_picked":[],"picked":"Panic Button","floor":42},{"not_picked":["Rebound"],"picked":"SKIP","floor":42},{"not_picked":["Genetic Algorithm"],"picked":"SKIP","floor":45},{"not_picked":["Compile Driver"],"picked":"SKIP","floor":47},{"not_picked":[],"picked":"Panic Button","floor":48},{"not_picked":["Heatsinks"],"picked":"SKIP","floor":48}],"player_experience":995132,"relics_obtained":[{"floor":2,"key":"Replay:PocketPolymizer"},{"floor":7,"key":"Meat on the Bone"},{"floor":9,"key":"Chameleon Ring"},{"floor":12,"key":"MawBank"},{"floor":23,"key":"reliquary:SilkGlove"},{"floor":26,"key":"reliquary:TridentHead"},{"floor":29,"key":"Replay:Accelerometer"},{"floor":40,"key":"Blue Doll"},{"floor":43,"key":"Replay:Baseball"},{"floor":45,"key":"Whetstone"},{"floor":47,"key":"reliquary:Buckler"}],"event_choices":[{"cards_removed":["Strike_B"],"damage_healed":0,"gold_gain":0,"player_choice":"Offered Basic","damage_taken":0,"max_hp_gain":0,"max_hp_loss":0,"event_name":"Bonfire Elementals","floor":3,"gold_loss":0},{"damage_healed":0,"gold_gain":0,"player_choice":"3 cards matched","damage_taken":0,"max_hp_gain":0,"max_hp_loss":0,"event_name":"Match and Keep!","floor":10,"gold_loss":0,"cards_obtained":["hubris:Disease","Sunder","Zap"]},{"damage_healed":0,"gold_gain":0,"player_choice":"Became a Ghost","damage_taken":0,"max_hp_gain":0,"max_hp_loss":36,"event_name":"Ghosts","floor":20,"gold_loss":0,"cards_obtained":["Ghostly","Ghostly","Ghostly"]},{"cards_removed":["Defend_B"],"damage_healed":0,"gold_gain":0,"player_choice":"Gave Gold","damage_taken":0,"max_hp_gain":0,"max_hp_loss":0,"event_name":"Beggar","floor":30,"gold_loss":75},{"damage_healed":0,"gold_gain":0,"player_choice":"Memory 1","damage_taken":0,"max_hp_gain":0,"max_hp_loss":0,"event_name":"SensoryStone","floor":37,"gold_loss":0},{"damage_healed":0,"gold_gain":0,"cards_transformed":["Defend_B"],"player_choice":"Transformed","damage_taken":0,"max_hp_gain":0,"max_hp_loss":0,"event_name":"Transmorgrifier","floor":39,"gold_loss":0,"cards_obtained":["ReplaySort"]}],"is_beta":false,"boss_relics":[{"not_picked":["Honey Jar","Snecko Eye"],"picked":"Painkiller Herb"},{"not_picked":["Philosopher\u0027s Stone","Pandora\u0027s Box"],"picked":"Busted Crown"}],"items_purged_floors":[36,38],"is_endless":false,"potions_floor_spawned":[1,12,22,24,28,31,33,45,48],"ascension_level":15}}