{"host":"r4aerl4ckfvw1dw3","time":1614040047,"event":{"mods":["BaseMod","BetterRewards","Minty Spire (QoL Compilation)","Quick Restart","StSLib"],"gold_per_floor":[112,125,143,143,153,153,188,188,211,211,268,268,278,228,228,332,332,345,345,43,62,79,79,97,97,124,142,168,168,25,51,51,146,146,160,160,178,196,47,79,79,79,79],"floor_reached":42,"language":"ENG","playtime":2857,"items_purged":["Strike_G"],"score":747,"play_id":"4c718216-23f1-407e-a73a-1ab3528a29d5","local_time":"20210222162727","is_ascension_mode":true,"campfire_choices":[{"data":"Infinite Blades","floor":6.0,"key":"SMITH"},{"data":"Eviscerate","floor":8.0,"key":"SMITH"},{"floor":10.0,"key":"REST"},{"data":"Blade Dance","floor":12.0,"key":"SMITH"},{"data":"Finisher","floor":15.0,"key":"SMITH"},{"data":"Footwork","floor":23.0,"key":"SMITH"},{"floor":29.0,"key":"REST"},{"floor":32.0,"key":"REST"},{"floor":41,"key":"REST"}],"circlet_count":0,"master_deck":["AscendersBane","Defend_G","Defend_G","Defend_G","Defend_G","Defend_G","Survivor","Neutralize+1","Deflect","Quick Slash","Infinite Blades+1","Riddle With Holes","Eviscerate+1","Blade Dance+1","Escape Plan","Finisher+1","Doppelganger","Finisher+1","Adrenaline+1","Flying Knee+1","Acrobatics+1","Footwork+1","Accuracy","PiercingWail+1","Blade Dance","Crippling Poison","Footwork+1","Slice+1","Cloak And Dagger","Prepared+1","Distraction+1","Envenom","Outmaneuver+1","PiercingWail","Venomology","Accuracy+1","Terror+1","Underhanded Strike"],"relics":["Ring of the Snake","Boot","Dream Catcher","Nunchaku","Astrolabe","Regal Pillow","Pen Nib","Shuriken","Orrery","Strawberry","WristBlade","PreservedInsect","Sundial"],"acts_visited":["Exordium","TheCity","TheBeyond"],"potions_floor_usage":[38,38,42],"damage_taken":[{"damage":1.0,"enemies":"Small Slimes","floor":1.0,"turns":5.0},{"damage":0.0,"enemies":"2 Louse","floor":2.0,"turns":3.0},{"damage":1.0,"enemies":"Jaw Worm","floor":3.0,"turns":6.0},{"damage":3.0,"enemies":"3 Louse","floor":5.0,"turns":5.0},{"damage":32.0,"enemies":"3 Sentries","floor":7.0,"turns":14.0},{"damage":6.0,"enemies":"Gremlin Nob","floor":11.0,"turns":3.0},{"damage":5.0,"enemies":"Looter","floor":13.0,"turns":3.0},{"damage":21.0,"enemies":"Hexaghost","floor":16.0,"turns":9.0},{"damage":0.0,"enemies":"Chosen","floor":18.0,"turns":1.0},{"damage":0.0,"enemies":"Spheric Guardian","floor":21.0,"turns":3.0},{"damage":13.0,"enemies":"Shelled Parasite and Fungi","floor":22.0,"turns":5.0},{"damage":11.0,"enemies":"Snake Plant","floor":24.0,"turns":4.0},{"damage":5.0,"enemies":"Snecko","floor":27.0,"turns":3.0},{"damage":19.0,"enemies":"Gremlin Leader","floor":28.0,"turns":8.0},{"damage":18.0,"enemies":"Book of Stabbing","floor":31.0,"turns":4.0},{"damage":49.0,"enemies":"Champ","floor":33.0,"turns":9.0},{"damage":16.0,"enemies":"Orb Walker","floor":35.0,"turns":4.0},{"damage":15.0,"enemies":"3 Darklings","floor":37.0,"turns":2.0},{"damage":17,"enemies":"Transient","floor":38,"turns":5},{"damage":16,"enemies":"Giant Head","floor":40,"turns":6},{"damage":56,"enemies":"Reptomancer","floor":42,"turns":3}],"seed_played":"7324573362608941237","potions_obtained":[{"floor":1.0,"key":"GamblersBrew"},{"floor":2.0,"key":"Block Potion"},{"floor":7.0,"key":"AttackPotion"},{"floor":11.0,"key":"Regen Potion"},{"floor":22.0,"key":"Explosive Potion"},{"floor":24.0,"key":"Dexterity Potion"},{"floor":31.0,"key":"SpeedPotion"},{"floor":35.0,"key":"FearPotion"}],"is_trial":false,"path_per_floor":["M","M","M","?","M","R","E","R","T","R","?","R","M","?","R","B",null,"M","?","$","M","M","R","M","?","T","M","E","R","$","E","R","B",null,"M","?","M","M","$","E","R","E"],"character_chosen":"THE_SILENT","items_purchased":["Accuracy","Regal Pillow","Orrery","PreservedInsect"],"campfire_rested":4,"item_purchase_floors":[20,20,30,39],"current_hp_per_floor":[62,62,61,66,63,63,31,31,31,53,47,47,42,42,42,36,65,65,65,65,65,52,52,41,41,41,36,17,54,54,43,82,33,70,54,54,39,22,22,6,45,0,0],"gold":79,"neow_bonus":"UPGRADE_CARD","is_daily":false,"chose_seed":false,"campfire_upgraded":5,"win_rate":0.0,"timestamp":1614040047,"path_taken":["M","M","M","?","M","R","E","R","T","R","?","R","M","?","R","BOSS","M","?","$","M","M","R","M","?","T","?","E","R","$","E","R","BOSS","M","?","M","?","$","E","R","E"],"items_purchased_type":["Card","Relic","Relic","Relic"],"build_version":"2020-12-22","purchased_purges":1,"victory":false,"max_hp_per_floor":[70,70,70,75,75,75,75,75,75,75,75,75,75,75,75,75,75,75,75,75,75,75,75,75,75,75,75,75,75,75,82,82,82,82,82,82,82,82,82,82,82,82,82],"card_choices":[{"not_picked":["Bane","Distraction"],"picked":"Deflect","floor":1.0},{"not_picked":["Dodge and Roll","Concentrate"],"picked":"Quick Slash","floor":2.0},{"not_picked":["Dagger Throw","Quick Slash"],"picked":"Infinite Blades","floor":3.0},{"not_picked":["Bouncing Flask","Flying Knee"],"picked":"Riddle With Holes","floor":5.0},{"not_picked":["Outmaneuver","Flechettes"],"picked":"Eviscerate","floor":7.0},{"not_picked":["Burst","Masterful Stab"],"picked":"Blade Dance","floor":10.0},{"not_picked":["Blur","Poisoned Stab"],"picked":"Escape Plan","floor":11.0},{"not_picked":["Blade Dance","Backflip"],"picked":"Finisher","floor":13.0},{"not_picked":["Wraith Form v2","A Thousand Cuts"],"picked":"Doppelganger","floor":16.0},{"not_picked":["Escape Plan","Backstab"],"picked":"Acrobatics+1","floor":18.0},{"not_picked":["Outmaneuver+1","Backflip+1"],"picked":"PiercingWail+1","floor":21.0},{"not_picked":["Sucker Punch","All Out Attack"],"picked":"Blade Dance","floor":22.0},{"not_picked":["Infinite Blades","Finisher"],"picked":"Crippling Poison","floor":24.0},{"not_picked":["Riddle With Holes","Sucker Punch","Endless Agony"],"picked":"SKIP","floor":27.0},{"not_picked":["A Thousand Cuts","Dodge and Roll","Glass Knife"],"picked":"SKIP","floor":28.0},{"not_picked":["Deadly Poison","Heel Hook"],"picked":"Slice+1","floor":29.0},{"not_picked":["Bane+1","Quick Slash"],"picked":"Cloak And Dagger","floor":30.0},{"not_picked":["Backflip+1","Glass Knife"],"picked":"Prepared+1","floor":30.0},{"not_picked":["Caltrops","Slice"],"picked":"Distraction+1","floor":30.0},{"not_picked":["Dagger Throw","Wraith Form v2"],"picked":"Envenom","floor":30.0},{"not_picked":["Skewer","Blade Dance"],"picked":"Outmaneuver+1","floor":31.0},{"not_picked":["Deadly Poison","Slice"],"picked":"PiercingWail","floor":32.0},{"not_picked":["Doppelganger","Night Terror"],"picked":"Venomology","floor":33.0},{"not_picked":["Bane+1","Outmaneuver+1","Flechettes"],"picked":"SKIP","floor":35.0},{"not_picked":["Blur","Bane+1"],"picked":"Accuracy+1","floor":37.0},{"not_picked":["Calculated Gamble","Outmaneuver+1"],"picked":"Terror+1","floor":38},{"not_picked":["Skewer+1","Acrobatics"],"picked":"Underhanded Strike","floor":40}],"player_experience":667640,"relics_obtained":[{"floor":7.0,"key":"Boot"},{"floor":9.0,"key":"Dream Catcher"},{"floor":11.0,"key":"Nunchaku"},{"floor":26.0,"key":"Pen Nib"},{"floor":28.0,"key":"Shuriken"},{"floor":31.0,"key":"Strawberry"},{"floor":40,"key":"Sundial"}],"event_choices":[{"damage_healed":0.0,"max_hp_gain":5.0,"max_hp_loss":0.0,"gold_gain":0.0,"event_name":"Big Fish","player_choice":"Donut","floor":4.0,"gold_loss":0.0,"damage_taken":0.0},{"damage_healed":0.0,"max_hp_gain":0.0,"max_hp_loss":0.0,"gold_gain":0.0,"event_name":"Dead Adventurer","player_choice":"Searched \u00271\u0027 times","floor":11.0,"gold_loss":0.0,"damage_taken":0.0},{"cards_removed":["Strike_G"],"damage_healed":0.0,"max_hp_gain":0.0,"max_hp_loss":0.0,"gold_gain":0.0,"event_name":"The Cleric","player_choice":"Card Removal","floor":14.0,"gold_loss":50.0,"damage_taken":0.0},{"damage_healed":0.0,"max_hp_gain":0.0,"max_hp_loss":0.0,"gold_gain":0.0,"event_name":"The Library","player_choice":"Read","floor":19.0,"gold_loss":0.0,"damage_taken":0.0,"cards_obtained":["Footwork"]},{"damage_healed":0.0,"max_hp_gain":0.0,"max_hp_loss":0.0,"gold_gain":0.0,"event_name":"Duplicator","player_choice":"Copied","floor":25.0,"gold_loss":0.0,"damage_taken":0.0,"cards_obtained":["Footwork"]},{"damage_healed":0.0,"max_hp_gain":0.0,"max_hp_loss":0.0,"gold_gain":0.0,"event_name":"The Woman in Blue","player_choice":"Bought 0 Potions","floor":36.0,"gold_loss":0.0,"damage_taken":0.0}],"is_beta":false,"boss_relics":[{"not_picked":["Coffee Dripper","Fusion Hammer"],"picked":"Astrolabe"},{"not_picked":["Busted Crown","SacredBark"],"picked":"WristBlade"}],"items_purged_floors":[20],"is_endless":false,"potions_floor_spawned":[1,2,7,11,22,24,31,35,40],"killed_by":"Reptomancer","ascension_level":11}}