{"host":"hszimsrtxxc2k25w","time":1614092735,"event":{"mods":["AchievementEnabler","BaseMod","Colored Map","DeckTracker","Minty Spire (QoL Compilation)","Rare Cards Sparkle","SuperFastMode"],"gold_per_floor":[115,129,140,290,290,290,306,306,306,231,241,258,258,592,592,592,592],"floor_reached":16,"language":"KOR","playtime":197,"items_purged":["Doubt"],"score":204,"play_id":"17d700df-1482-420f-893a-cd07c6eefce4","local_time":"20210224000535","is_ascension_mode":true,"campfire_choices":[{"data":"Wild Strike","floor":6.0,"key":"SMITH"},{"data":"Bash","floor":8,"key":"SMITH"},{"floor":13,"key":"REST"},{"data":"Demon Form","floor":15,"key":"SMITH"}],"circlet_count":0,"master_deck":["AscendersBane","Strike_R","Strike_R","Strike_R","Strike_R","Strike_R","Defend_R","Defend_R","Defend_R","Defend_R","Bash+1","Wild Strike+1","Shrug It Off","Evolve","Demon Form+1"],"relics":["Burning Blood","NeowsBlessing","Sundial","Omamori","Old Coin"],"acts_visited":["Exordium"],"potions_floor_usage":[14],"damage_taken":[{"damage":0.0,"enemies":"Jaw Worm","floor":1.0,"turns":1.0},{"damage":0.0,"enemies":"2 Louse","floor":2.0,"turns":1.0},{"damage":0.0,"enemies":"Cultist","floor":3.0,"turns":1.0},{"damage":12,"enemies":"Looter","floor":7,"turns":4},{"damage":26,"enemies":"Large Slime","floor":11,"turns":5},{"damage":16,"enemies":"Blue Slaver","floor":12,"turns":3},{"damage":24,"enemies":"Gremlin Nob","floor":14,"turns":4},{"damage":36,"enemies":"The Guardian","floor":16,"turns":5}],"seed_played":"-6137062086275329762","potions_obtained":[{"floor":3.0,"key":"GamblersBrew"},{"floor":11,"key":"Weak Potion"},{"floor":14,"key":"ElixirPotion"}],"is_trial":false,"path_per_floor":["M","M","M","?","?","R","M","R","T","$","M","M","R","E","R","B"],"character_chosen":"IRONCLAD","items_purchased":[],"campfire_rested":1,"item_purchase_floors":[],"current_hp_per_floor":[74,75,75,75,75,75,69,69,69,69,49,39,61,43,43,7,7],"gold":592,"neow_bonus":"THREE_ENEMY_KILL","is_daily":false,"chose_seed":false,"campfire_upgraded":3,"win_rate":0.0,"timestamp":1614092735,"path_taken":["M","M","M","?","?","R","?","R","T","$","M","M","R","E","R","BOSS"],"items_purchased_type":[],"build_version":"2020-12-22","purchased_purges":1,"victory":false,"max_hp_per_floor":[75,75,75,75,75,75,75,75,75,75,75,75,75,75,75,75,75],"card_choices":[{"not_picked":["Sentinel","Shockwave"],"picked":"Wild Strike","floor":1.0},{"not_picked":["Wild Strike","Twin Strike"],"picked":"Shrug It Off","floor":2.0},{"not_picked":["Combust","True Grit","Flame Barrier"],"picked":"SKIP","floor":3.0},{"not_picked":["Sword Boomerang","Havoc","Twin Strike"],"picked":"SKIP","floor":7},{"not_picked":["Sword Boomerang","Flex"],"picked":"Evolve","floor":11},{"not_picked":["Sentinel","Heavy Blade","Evolve"],"picked":"SKIP","floor":12},{"not_picked":["Intimidate","Clash"],"picked":"Demon Form","floor":14}],"player_experience":695757,"relics_obtained":[{"floor":9,"key":"Omamori"},{"floor":14,"key":"Old Coin"}],"event_choices":[{"damage_healed":0.0,"max_hp_gain":0.0,"max_hp_loss":0.0,"gold_gain":150.0,"event_name":"Liars Game","player_choice":"AGREE","floor":4.0,"gold_loss":0.0,"damage_taken":0.0,"cards_obtained":["Doubt"]},{"damage_healed":0.0,"max_hp_gain":0.0,"max_hp_loss":0.0,"gold_gain":0.0,"event_name":"WeMeetAgain","player_choice":"Gave Potion","floor":5.0,"gold_loss":0.0,"damage_taken":0.0,"relics_obtained":["Sundial"]}],"is_beta":false,"boss_relics":[],"items_purged_floors":[10],"is_endless":false,"potions_floor_spawned":[3,11,14],"killed_by":"The Guardian","ascension_level":20}}