{"host":"Vegetablebread","time":1614105057,"event":{"mods":["BaseMod","Bestiary","Minty Spire (QoL Compilation)","Relic Stats","Slay the Relics Exporter","StSLib"],"gold_per_floor":[110,124,16,32,32,72,72,108,108,146,146,169,169,192,192,192,192],"floor_reached":16,"language":"ENG","playtime":1679,"items_purged":[],"score":240,"play_id":"60a32acf-040a-49a1-890b-371b6319a911","local_time":"20210223103057","is_ascension_mode":true,"campfire_choices":[{"data":"Rampage","floor":7,"key":"SMITH"},{"floor":11,"key":"REST"},{"data":"Dark Embrace","floor":13,"key":"SMITH"},{"data":"Shockwave","floor":15,"key":"SMITH"}],"circlet_count":0,"master_deck":["AscendersBane","Strike_R","Strike_R","Strike_R","Strike_R","Strike_R","Defend_R","Defend_R","Defend_R","Defend_R","Bash","Exhume","Cleave","Shockwave+1","Clothesline","Twin Strike","Rampage+1","Dark Embrace+1"],"relics":["Burning Blood","Golden Idol","Bottled Flame","Mercury Hourglass","Pear","Ornamental Fan"],"acts_visited":["Exordium"],"potions_floor_usage":[6,6,10,10],"damage_taken":[{"damage":1,"enemies":"Cultist","floor":1,"turns":3},{"damage":21,"enemies":"Small Slimes","floor":2,"turns":5},{"damage":7,"enemies":"2 Louse","floor":4,"turns":4},{"damage":15,"enemies":"Lagavulin","floor":6,"turns":7},{"damage":32,"enemies":"3 Sentries","floor":8,"turns":7},{"damage":31,"enemies":"Lagavulin","floor":10,"turns":7},{"damage":14,"enemies":"Red Slaver","floor":12,"turns":4},{"damage":17,"enemies":"Large Slime","floor":14,"turns":5},{"damage":28,"enemies":"Slime Boss","floor":16,"turns":3}],"seed_played":"-9053080937000106306","potions_obtained":[{"floor":2,"key":"Regen Potion"},{"floor":4,"key":"AttackPotion"},{"floor":6,"key":"SpeedPotion"},{"floor":8,"key":"BlessingOfTheForge"}],"is_trial":false,"path_per_floor":["M","M","$","M","?","E","R","E","T","E","R","M","R","M","R","B"],"character_chosen":"IRONCLAD","items_purchased":["Clothesline","SkillPotion"],"campfire_rested":1,"item_purchase_floors":[3,3],"current_hp_per_floor":[73,58,58,57,57,60,60,34,44,19,42,34,34,23,23,0,0],"gold":192,"neow_bonus":"ONE_RANDOM_RARE_CARD","is_daily":false,"chose_seed":false,"campfire_upgraded":3,"win_rate":0.0,"timestamp":1614105057,"path_taken":["M","M","?","M","?","E","R","E","T","E","R","M","R","M","R","BOSS"],"items_purchased_type":["Card","Potion"],"build_version":"2020-12-18","purchased_purges":0,"victory":false,"max_hp_per_floor":[75,75,75,75,68,68,68,68,78,78,78,78,78,78,78,78,78],"relic_stats":{"counters":[9,45],"Golden Idol":33,"Ornamental Fan":[8],"obtain_stats":[{"Bottled Flame":6,"Pear":9,"Golden Idol":5,"Ornamental Fan":10,"Burning Blood":0,"Mercury Hourglass":8},{"Bottled Flame":4,"Pear":5,"Golden Idol":3,"Ornamental Fan":6,"Burning Blood":0,"Mercury Hourglass":5},{"Bottled Flame":19,"Pear":26,"Golden Idol":12,"Ornamental Fan":33,"Burning Blood":0,"Mercury Hourglass":26}],"Burning Blood":48,"Mercury Hourglass":[60]},"card_choices":[{"not_picked":["Shrug It Off","Warcry"],"picked":"Cleave","floor":1},{"not_picked":["Searing Blow","Headbutt"],"picked":"Shockwave","floor":2},{"not_picked":["Armaments","Body Slam"],"picked":"Twin Strike","floor":4},{"not_picked":["Clothesline","Shockwave"],"picked":"Rampage","floor":6},{"not_picked":["Pommel Strike","Sentinel","Thunderclap"],"picked":"SKIP","floor":8},{"not_picked":["Iron Wave","Juggernaut"],"picked":"Dark Embrace","floor":10},{"not_picked":["Sentinel","Body Slam","Iron Wave"],"picked":"SKIP","floor":12},{"not_picked":["Sentinel","Body Slam","Iron Wave"],"picked":"SKIP","floor":12},{"not_picked":["Searing Blow","Metallicize","Clash"],"picked":"SKIP","floor":14}],"player_experience":10594432,"relics_obtained":[{"floor":6,"key":"Bottled Flame"},{"floor":8,"key":"Mercury Hourglass"},{"floor":9,"key":"Pear"},{"floor":10,"key":"Ornamental Fan"}],"event_choices":[{"damage_healed":0,"gold_gain":0,"player_choice":"Lose Max HP","damage_taken":0,"relics_obtained":["Golden Idol"],"max_hp_gain":0,"max_hp_loss":7,"event_name":"Golden Idol","floor":5,"gold_loss":0}],"is_beta":true,"boss_relics":[],"items_purged_floors":[],"is_endless":false,"potions_floor_spawned":[2,4,6,8],"killed_by":"Slime Boss","ascension_level":20}}