{"host":"h9c2ptiayi21rmia","time":1614117788,"event":{"mods":["AchievementEnabler","Aspiration","BaseMod","Better Altar","Better Match","Better Note","Better Sensory Stone","Better Skull","Better Third Choice","Better Vampires","Block Reminder","ChefMod","Dio Mod","Evolution","Hermit","Hubris","JesterMod","Jorbs\u0027s Wanderer Trilogy","Kratos Character Expansion","Minty Spire (QoL Compilation)","Permanent Neow","Poor People Problems","Relic Stats","Replay The Spire","Shade Mod","Small Relic Pack","Spicy Shops","StS++","StSLib","The Marked","TheSwordswoman"],"gold_per_floor":[123,123,398,275,289,289,315,315,361,361,86,120,134,167,167,167,167],"floor_reached":16,"language":"ENG","playtime":1194,"items_purged":["Regret"],"score":133,"play_id":"91012dd7-8022-420d-92db-371fd9e97c85","local_time":"20210223170308","is_ascension_mode":true,"campfire_choices":[{"data":"stsjorbsmod:FindFamiliar","floor":6.0,"key":"SMITH"},{"data":"stsjorbsmod:TinyHut","floor":8.0,"key":"SMITH"},{"data":"stsjorbsmod:ArcaneWeapon","floor":10.0,"key":"SMITH"},{"floor":15,"key":"DIG"}],"circlet_count":0,"master_deck":["stsjorbsmod:ForbiddenGrimoire+1","stsjorbsmod:Strike_Wanderer","stsjorbsmod:Strike_Wanderer","stsjorbsmod:Strike_Wanderer","stsjorbsmod:Strike_Wanderer","stsjorbsmod:Defend_Wanderer","stsjorbsmod:Defend_Wanderer","stsjorbsmod:Defend_Wanderer","stsjorbsmod:Defend_Wanderer","stsjorbsmod:FreshAdventure","stsjorbsmod:EyeOfTheStorm","stsjorbsmod:ChainLightning","stsjorbsmod:FindFamiliar+1","stsjorbsmod:ArcaneWeapon+1","stsjorbsmod:TinyHut+1","stsjorbsmod:ArcaneWeapon","Shame","stsjorbsmod:AnimateObjects","stsjorbsmod:Thorns","stsjorbsmod:Index","stsjorbsmod:Rediscovery","stsjorbsmod:ArcaneWeapon","stsjorbsmod:Channel","stsjorbsmod:DoubleCheck","stsjorbsmod:SmithingStrike"],"relics":["stsjorbsmod:GrimoireRelic","EVO:Axolotl","aspiration:Nostalgia","Ring of the Snake","Centennial Puzzle","hubris:SlimyHat","Torii","Orrery","PreservedInsect","hubris:Teleporter","Gremlin Food"],"acts_visited":["Exordium"],"potions_floor_usage":[12,14],"damage_taken":[{"damage":5.0,"enemies":"Jaw Worm","floor":1.0,"turns":4.0},{"damage":1.0,"enemies":"Small Slimes","floor":5.0,"turns":4.0},{"damage":9.0,"enemies":"3 Sentries","floor":7.0,"turns":6.0},{"damage":25,"enemies":"Gremlin Nob","floor":12,"turns":4},{"damage":1,"enemies":"Cultist","floor":13,"turns":3},{"damage":23,"enemies":"Lagavulin","floor":14,"turns":5},{"damage":24,"enemies":"Hexaghost","floor":16,"turns":7}],"seed_played":"-2293943499180561610","potions_obtained":[{"floor":5.0,"key":"DuplicationPotion"},{"floor":12,"key":"Explosive Potion"}],"is_trial":false,"path_per_floor":["M","?","?","$","M","R","E","R","T","R","$","E","M","E","R","B"],"character_chosen":"WANDERER","items_purchased":["stsjorbsmod:ArcaneWeapon","Torii","Orrery"],"campfire_rested":0,"item_purchase_floors":[4,11,11],"current_hp_per_floor":[66,66,66,66,67,67,63,63,63,63,63,41,42,23,23,0,0],"gold":167,"neow_bonus":"NOSTALGIA","is_daily":false,"chose_seed":false,"campfire_upgraded":3,"win_rate":0.0,"timestamp":1614117788,"path_taken":["M","?","?","$","M","R","E","R","T","R","$","E","M","E","R","BOSS"],"items_purchased_type":["Card","Relic","Relic"],"build_version":"2020-12-22","purchased_purges":1,"victory":false,"max_hp_per_floor":[68,68,68,68,68,68,68,68,68,68,68,68,68,68,68,68,68],"relic_stats":{"Centennial Puzzle":[12],"Torii":3,"counters":[7,33],"PreservedInsect":28,"obtain_stats":[{"Gremlin Food":15,"Centennial Puzzle":7,"hubris:Teleporter":14,"Torii":11,"aspiration:Nostalgia":0,"Orrery":11,"stsjorbsmod:GrimoireRelic":0,"PreservedInsect":12,"hubris:SlimyHat":9,"EVO:Axolotl":0,"Ring of the Snake":0},{"Gremlin Food":6,"Centennial Puzzle":3,"hubris:Teleporter":6,"Torii":3,"aspiration:Nostalgia":0,"Orrery":3,"stsjorbsmod:GrimoireRelic":0,"PreservedInsect":4,"hubris:SlimyHat":3,"EVO:Axolotl":0,"Ring of the Snake":0},{"Gremlin Food":26,"Centennial Puzzle":14,"hubris:Teleporter":26,"Torii":14,"aspiration:Nostalgia":0,"Orrery":14,"stsjorbsmod:GrimoireRelic":0,"PreservedInsect":18,"hubris:SlimyHat":14,"EVO:Axolotl":0,"Ring of the Snake":0}],"Ring of the Snake":[14]},"card_choices":[{"not_picked":["stsjorbsmod:Hurt","stsjorbsmod:Counterspell"],"picked":"stsjorbsmod:ChainLightning","floor":1.0},{"not_picked":["stsjorbsmod:Aid","stsjorbsmod:BurningFlask"],"picked":"stsjorbsmod:TinyHut","floor":5.0},{"not_picked":["stsjorbsmod:Firebolt","stsjorbsmod:FindFamiliar"],"picked":"stsjorbsmod:ArcaneWeapon","floor":7.0},{"not_picked":["stsjorbsmod:Introspection","stsjorbsmod:Aid"],"picked":"stsjorbsmod:AnimateObjects","floor":11},{"not_picked":["stsjorbsmod:FlameWard","stsjorbsmod:FracturedMind"],"picked":"stsjorbsmod:Thorns","floor":11},{"not_picked":["stsjorbsmod:MagicMirror","stsjorbsmod:WeightOfMemory"],"picked":"stsjorbsmod:Index","floor":11},{"not_picked":["stsjorbsmod:Aid","stsjorbsmod:ArcaneWeapon"],"picked":"stsjorbsmod:Rediscovery","floor":11},{"not_picked":["stsjorbsmod:HedgeWizard","stsjorbsmod:WanderingMind"],"picked":"stsjorbsmod:ArcaneWeapon","floor":11},{"not_picked":["stsjorbsmod:Hurt","stsjorbsmod:WeightOfMemory"],"picked":"stsjorbsmod:Channel","floor":12},{"not_picked":["stsjorbsmod:ChainLightning","stsjorbsmod:Message"],"picked":"stsjorbsmod:DoubleCheck","floor":13},{"not_picked":["stsjorbsmod:ChainLightning","stsjorbsmod:Hibernate"],"picked":"stsjorbsmod:SmithingStrike","floor":14}],"player_experience":316756,"relics_obtained":[{"floor":7.0,"key":"Centennial Puzzle"},{"floor":9.0,"key":"hubris:SlimyHat"},{"floor":12,"key":"PreservedInsect"},{"floor":14,"key":"hubris:Teleporter"},{"floor":15,"key":"Gremlin Food"}],"event_choices":[{"damage_healed":0.0,"max_hp_gain":0.0,"max_hp_loss":0.0,"gold_gain":275.0,"event_name":"Golden Shrine","player_choice":"Desecrate","floor":3.0,"gold_loss":0.0,"damage_taken":0.0,"cards_obtained":["Regret"]}],"is_beta":false,"boss_relics":[],"items_purged_floors":[4],"is_endless":false,"potions_floor_spawned":[5,12],"killed_by":"Hexaghost","ascension_level":3}}