{"host":"fm9e0lfunjlbhzxv","time":1614067956,"event":{"mods":["Alarm Clock","BaseMod","Bestiary","Better Match","Better Skull","Better Third Choice","Colored Map","Colored Powertips","Downfall","Good Game Mod","Key Reminder","Minty Spire (QoL Compilation)","Permanent Neow","Random Character Button","Rare Cards Sparkle","Relic Stats","Spire Arcade","StSLib","slay the spire mod where everything is the same but ironclad has a cowboy hat"],"gold_per_floor":[99,117,134,150,135,161,161,229,229,229,253,269,169,108,121,223,223,223,236,236,236,236,136,185,201,228,228,73,90,107,117,136,241,241,141,14,28,39,57,77,77,97,147,247,263,292,292,325,342,342,342,367,25,25,25,25],"floor_reached":57,"language":"ENG","playtime":5192,"items_purged":[],"score":1361,"play_id":"e5fa5b23-9d4d-4cdd-a55c-479b34814d02","local_time":"20210223001236","is_ascension_mode":false,"campfire_choices":[{"data":"Feed","floor":1.0,"key":"SMITH"},{"floor":10,"key":"RECALL"},{"data":"champ:Taunt","floor":13,"key":"SMITH"},{"floor":18,"key":"REST"},{"floor":23,"key":"REST"},{"floor":35,"key":"REST"},{"floor":47,"key":"REST"},{"floor":54,"key":"REST"}],"circlet_count":0,"master_deck":["champ:Strike","champ:Strike","champ:Strike","champ:Strike","champ:Defend+1","champ:Defend+1","champ:Defend","champ:Defend","champ:Execute","champ:Taunt+1","Feed+1","champ:FlashCut","champ:TornadoPunch","champ:BerserkersShout","champ:TripleStrike","champ:ShieldWall","champ:BerserkersShout+1","champ:AdrenalArmor+1","champ:RageSigil+1","champ:BringItOn+1","champ:StanceDance+1","champ:MurderStrike","champ:PreciseThrust+1","Slimebound:CheckThePlaybook+1","champ:BladeFlurry+1","champ:RageSigil+1","RitualDagger+1","champ:FocusedDefense+1","champ:HoldFirm+1","champ:FancyFootwork+1","champ:Backstep+1","champ:CalledShot+1","champ:Endure+1","champ:CalledShot+1","champ:TripleStrike","champ:RageSigil+1","champ:EndlessRage+1","expansioncontent:Hexaburn+1","champ:EnGarde+1","champ:RecklessLeap+1","champ:RecklessLeap+1","champ:HoldFirm+1","champ:ArenaPreparation+1","champ:BringItOn+1","champ:TripleStrike","champ:GutPunch+1","champ:ShieldSigil+1","champ:Lariat+1","champ:SwordSigil+1"],"relics":["champ:ChampionCrown","REME:ComplimentaryCards","PreservedInsect","Toxic Egg 2","Guardian:PocketSentry","Frozen Egg 2","Odd Mushroom","downfall:HeartBlessingRed","Fusion Hammer","downfall:HeartBlessingBlue","Bag of Marbles","Kunai","expansioncontent:StudyCardRelic","downfall:HeartBlessingGreen","Gremlin Horn","Bottled Flame","Anchor","Nunchaku","Akabeko","Pen Nib","War Paint"],"acts_visited":["Exordium","TheCity","TheBeyond","TheEnding"],"potions_floor_usage":[29,33,39,48,56,56],"damage_taken":[{"damage":11.0,"enemies":"Cultist","floor":2.0,"turns":4.0},{"damage":10.0,"enemies":"Small Slimes","floor":3.0,"turns":2.0},{"damage":0,"enemies":"2 Louse","floor":4,"turns":1},{"damage":35,"enemies":"downfall:FleeingMerchant","floor":5,"turns":4},{"damage":51,"enemies":"3 Sentries","floor":6,"turns":7},{"damage":15,"enemies":"The Mushroom Lair","floor":11,"turns":4},{"damage":3,"enemies":"downfall:LooterAlt","floor":12,"turns":3},{"damage":44,"enemies":"downfall:FleeingMerchant","floor":14,"turns":4},{"damage":25,"enemies":"Exordium Thugs","floor":15,"turns":3},{"damage":105,"enemies":"DF_ARCHETYPE_STREAMLINE","floor":16,"turns":7},{"damage":75,"enemies":"3 Byrds","floor":19,"turns":4},{"damage":27,"enemies":"downfall:LooterAlt2","floor":25,"turns":3},{"damage":13,"enemies":"Book of Stabbing","floor":26,"turns":2},{"damage":58,"enemies":"downfall:FleeingMerchant","floor":28,"turns":4},{"damage":29,"enemies":"Centurion and Healer","floor":29,"turns":4},{"damage":28,"enemies":"Sentry and Sphere","floor":30,"turns":4},{"damage":35,"enemies":"Shelled Parasite and Fungi","floor":31,"turns":4},{"damage":30,"enemies":"Centurion and Healer","floor":32,"turns":7},{"damage":62,"enemies":"SI_MIRROR_ARCHETYPE","floor":33,"turns":9},{"damage":0,"enemies":"downfall:FleeingMerchant","floor":36,"turns":1},{"damage":10,"enemies":"3 Shapes","floor":37,"turns":2},{"damage":40,"enemies":"3 Darklings","floor":38,"turns":3},{"damage":25,"enemies":"Sphere and 2 Shapes","floor":39,"turns":3},{"damage":20,"enemies":"4 Shapes","floor":40,"turns":3},{"damage":25,"enemies":"Jaw Worm Horde","floor":42,"turns":4},{"damage":55,"enemies":"Maw","floor":45,"turns":6},{"damage":35,"enemies":"Nemesis","floor":46,"turns":1},{"damage":30,"enemies":"Giant Head","floor":48,"turns":5},{"damage":44,"enemies":"4 Shapes","floor":49,"turns":7},{"damage":172,"enemies":"IC_BLOCK_ARCHETYPE","floor":50,"turns":11},{"damage":55,"enemies":"downfall:CharBossMerchant","floor":52,"turns":5},{"damage":179,"enemies":"downfall:NeowBoss","floor":55,"turns":15},{"damage":217,"enemies":"downfall:NeowBossFinal","floor":56,"turns":13}],"seed_played":"-2948448177299589511","potions_obtained":[{"floor":2.0,"key":"Dexterity Potion"},{"floor":4,"key":"LiquidMemories"},{"floor":12,"key":"DuplicationPotion"},{"floor":15,"key":"Explosive Potion"},{"floor":16,"key":"Swift Potion"},{"floor":27,"key":"CultistPotion"},{"floor":29,"key":"sneckomod:MuddlingPotion"},{"floor":32,"key":"Swift Potion"},{"floor":33,"key":"SteroidPotion"},{"floor":38,"key":"AttackPotion"},{"floor":40,"key":"sneckomod:MuddlingPotion"},{"floor":42,"key":"LiquidBronze"},{"floor":43,"key":"AttackPotion"},{"floor":48,"key":"EssenceOfSteel"}],"is_trial":false,"path_per_floor":["R","M","M","M","$","E","T","T","?","R","?","M","R","$","M","B",null,"R","M","?","T","?","R","T","M","E","?","$","M","M","M","M","B",null,"R","$","M","M","M","M","T","M","?","?","M","E","R","E","M","B",null,"E","$","R","B","B",null],"character_chosen":"THE_CHAMP","items_purchased":["champ:BringItOn+1","champ:HoldFirm+1","champ:FancyFootwork+1","champ:RageSigil+1","Gremlin Horn","champ:EndlessRage+1","expansioncontent:Hexaburn","champ:SwordSigil+1","Pen Nib","War Paint"],"campfire_rested":5,"item_purchase_floors":[14,28,28,36,36,36,36,53,53,53],"current_hp_per_floor":[90,93,97,97,92,75,75,75,80,80,75,76,76,72,71,45,115,115,109,109,109,109,129,129,131,128,128,110,105,97,97,97,89,141,141,141,145,145,149,153,153,153,153,153,157,157,157,157,148,111,157,157,157,157,123,56],"gold":25,"neow_bonus":"RANDOM_COMMON_RELIC","is_daily":false,"chose_seed":false,"campfire_upgraded":2,"win_rate":0.0,"timestamp":1614067956,"path_taken":["R","M","M","M","$","E","T","?","?","R","?","M","R","$","M","BOSS","R","M","?","?","?","R","T","M","E","?","$","?","M","?","M","BOSS","R","$","M","M","M","M","T","M","?","?","?","E","R","E","M","BOSS","E","$","R","BOSS","BOSS"],"items_purchased_type":["Card","Card","Card","Card","Relic","Card","Card","Card","Relic","Relic"],"build_version":"2020-12-22","purchased_purges":0,"victory":true,"max_hp_per_floor":[90,94,98,98,98,102,102,102,107,107,107,111,111,111,115,115,115,115,119,119,119,119,129,129,133,133,133,133,137,137,137,137,141,141,141,141,145,145,149,153,153,153,153,153,157,157,157,157,157,157,157,157,157,157,157,157],"relic_stats":{"Nunchaku":[11],"Gremlin Horn":[21,21],"counters":[33,158],"PreservedInsect":419,"Pen Nib":[7],"Kunai":[44],"War Paint":["champ:Defend","champ:Defend"],"obtain_stats":[{"downfall:HeartBlessingRed":13,"Gremlin Horn":36,"champ:ChampionCrown":0,"downfall:HeartBlessingGreen":35,"PreservedInsect":0,"Pen Nib":53,"Guardian:PocketSentry":7,"expansioncontent:StudyCardRelic":34,"Frozen Egg 2":8,"Odd Mushroom":11,"War Paint":53,"Akabeko":52,"keyreminder:keyreminder":10,"REME:ComplimentaryCards":0,"Bottled Flame":41,"Anchor":46,"Nunchaku":48,"downfall:HeartBlessingBlue":23,"Fusion Hammer":17,"Bag of Marbles":24,"Kunai":26,"Toxic Egg 2":6},{"downfall:HeartBlessingRed":7,"Gremlin Horn":20,"champ:ChampionCrown":0,"downfall:HeartBlessingGreen":19,"PreservedInsect":0,"Pen Nib":31,"Guardian:PocketSentry":5,"expansioncontent:StudyCardRelic":19,"Frozen Egg 2":5,"Odd Mushroom":6,"War Paint":31,"Akabeko":31,"keyreminder:keyreminder":5,"REME:ComplimentaryCards":0,"Bottled Flame":24,"Anchor":27,"Nunchaku":28,"downfall:HeartBlessingBlue":11,"Fusion Hammer":10,"Bag of Marbles":11,"Kunai":13,"Toxic Egg 2":5},{"downfall:HeartBlessingRed":25,"Gremlin Horn":80,"champ:ChampionCrown":0,"downfall:HeartBlessingGreen":79,"PreservedInsect":0,"Pen Nib":130,"Guardian:PocketSentry":18,"expansioncontent:StudyCardRelic":79,"Frozen Egg 2":18,"Odd Mushroom":22,"War Paint":130,"Akabeko":130,"keyreminder:keyreminder":18,"REME:ComplimentaryCards":0,"Bottled Flame":91,"Anchor":102,"Nunchaku":107,"downfall:HeartBlessingBlue":43,"Fusion Hammer":39,"Bag of Marbles":43,"Kunai":48,"Toxic Egg 2":18}]},"card_choices":[{"not_picked":["champ:PreciseThrust","champ:PerfectedStrike"],"picked":"champ:FlashCut","floor":2.0},{"not_picked":["champ:PerfectedStrike","champ:Shatter"],"picked":"champ:TornadoPunch","floor":3.0},{"not_picked":["champ:HeartStrike","champ:SkillfulDodge"],"picked":"champ:BerserkersShout","floor":4},{"not_picked":["champ:DefensiveShout","champ:SkillfulDodge"],"picked":"champ:TripleStrike","floor":5},{"not_picked":["champ:CrownThrow","champ:Backstep+1"],"picked":"champ:ShieldWall","floor":6},{"not_picked":["champ:Circumvent+1","champ:CrownThrow"],"picked":"champ:BerserkersShout+1","floor":11},{"not_picked":["champ:BringItOn+1","champ:Circumvent+1"],"picked":"champ:AdrenalArmor+1","floor":12},{"not_picked":["champ:ShieldSigil+1","champ:AdrenalArmor+1"],"picked":"champ:RageSigil+1","floor":14},{"not_picked":["champ:CrownThrow","champ:EnGarde+1"],"picked":"champ:StanceDance+1","floor":15},{"not_picked":["champ:EnchantCrown+1","champ:CheapShot"],"picked":"champ:MurderStrike","floor":16},{"not_picked":["champ:CrownThrow","champ:Circumvent+1"],"picked":"champ:PreciseThrust+1","floor":19},{"not_picked":["champ:DeathBlow","champ:FaceSlap"],"picked":"champ:BladeFlurry+1","floor":25},{"not_picked":["champ:DeathBlow","champ:GladiatorStyle+1"],"picked":"champ:RageSigil+1","floor":26},{"not_picked":["champ:FlashCut","champ:Encircle"],"picked":"champ:FocusedDefense+1","floor":28},{"not_picked":["champ:RecklessLeap","champ:ShieldThrow"],"picked":"champ:Backstep+1","floor":29},{"not_picked":["champ:PerfectedStrike","champ:HeartStrike"],"picked":"champ:CalledShot+1","floor":30},{"not_picked":["champ:EnragedBash+1","champ:FanOfKnives"],"picked":"champ:Endure+1","floor":31},{"not_picked":["champ:PreciseThrust+1","champ:FanOfKnives"],"picked":"champ:CalledShot+1","floor":32},{"not_picked":["champ:Devastate","champ:EnchantSword+1"],"picked":"champ:TripleStrike","floor":33},{"not_picked":["champ:CalledShot+1","champ:CrownThrow+1","champ:RapidStrikes"],"picked":"SKIP","floor":36},{"not_picked":["champ:AdrenalArmor+1","champ:BladeFlurry+1"],"picked":"champ:EnGarde+1","floor":37},{"not_picked":["champ:FlashCut","champ:DeathBlow+1"],"picked":"champ:RecklessLeap+1","floor":38},{"not_picked":["champ:ViciousMockery+1","champ:EnGarde+1"],"picked":"champ:RecklessLeap+1","floor":39},{"not_picked":["champ:RecklessLeap","champ:FlashCut"],"picked":"champ:HoldFirm+1","floor":40},{"not_picked":["champ:AdrenalArmor+1","champ:FaceSlap"],"picked":"champ:ArenaPreparation+1","floor":42},{"not_picked":["champ:DeathBlow","champ:PerfectedStrike"],"picked":"champ:BringItOn+1","floor":45},{"not_picked":["champ:TornadoPunch+1","champ:AdrenalArmor+1"],"picked":"champ:TripleStrike","floor":46},{"not_picked":["champ:PreciseThrust","champ:CrownThrow"],"picked":"champ:GutPunch+1","floor":48},{"not_picked":["champ:AdrenalArmor+1","champ:TornadoPunch"],"picked":"champ:ShieldSigil+1","floor":49},{"not_picked":["champ:DeathBlow+1","champ:GladiatorStyle+1"],"picked":"champ:Lariat+1","floor":52}],"player_experience":580848,"relics_obtained":[{"floor":6,"key":"Toxic Egg 2"},{"floor":7,"key":"Guardian:PocketSentry"},{"floor":8,"key":"Frozen Egg 2"},{"floor":11,"key":"Odd Mushroom"},{"floor":24,"key":"Bag of Marbles"},{"floor":26,"key":"Kunai"},{"floor":41,"key":"Bottled Flame"},{"floor":46,"key":"Anchor"},{"floor":48,"key":"Nunchaku"},{"floor":52,"key":"Akabeko"}],"event_choices":[{"damage_healed":0,"gold_gain":0,"player_choice":"Donut","damage_taken":0,"max_hp_gain":5,"max_hp_loss":0,"event_name":"Big Fish","floor":9,"gold_loss":0},{"damage_healed":0,"gold_gain":0,"player_choice":"Fought Mushrooms","damage_taken":0,"max_hp_gain":0,"max_hp_loss":0,"event_name":"Mushrooms","floor":11,"gold_loss":0}],"is_beta":false,"boss_relics":[{"not_picked":["SlaversCollar","Cursed Key"],"picked":"Fusion Hammer"},{"not_picked":["Black Star","Pandora\u0027s Box"],"picked":"expansioncontent:StudyCardRelic"}],"items_purged_floors":[],"is_endless":false,"potions_floor_spawned":[2,4,12,15,16,29,31,32,33,38,40,42,45,48,49],"ascension_level":0}}