{"host":"d52brwsy6af8zvaq","time":1614056638,"event":{"mods":["AchievementEnabler","BaseMod","Bestiary","Highlight Path","Minty Spire (QoL Compilation)","Quick Restart","Relic Stats","ojb\u0027s Better Paths Mod"],"gold_per_floor":[115,12,12,12,27,56,56,56,79,112,122,122,150,161,161,234,234,245,260,210,224,240,271,271,171,171,183,217,217,230,254,254,332,332,346,141,166,178,178,178,195,210,210,243,243,269,269,302,302,302,302,302],"floor_reached":51,"language":"ENG","playtime":2899,"items_purged":["Strike_B","Defend_B","Defend_B"],"score":1536,"play_id":"8c3e87d6-a2ea-4146-a143-c999fca73ea7","local_time":"20210222220358","is_ascension_mode":true,"campfire_choices":[{"floor":7.0,"key":"REST"},{"data":"Defragment","floor":12.0,"key":"SMITH"},{"data":"Zap","floor":15.0,"key":"SMITH"},{"data":"Glacier","floor":24.0,"key":"SMITH"},{"data":"Reinforced Body","floor":32.0,"key":"SMITH"},{"floor":40.0,"key":"RECALL"},{"floor":47.0,"key":"REST"},{"floor":49.0,"key":"REST"}],"circlet_count":0,"master_deck":["AscendersBane","Defend_B","Defend_B","Zap+1","Dualcast","Gash+1","Defragment+1","Go for the Eyes+1","Melter+1","Coolheaded","Reinforced Body+1","Genetic Algorithm","Core Surge+1","Biased Cognition+1","Buffer+1","Buffer+1","Echo Form+1","FTL+1","Glacier+1","Turbo","Ball Lightning+1","Auto Shields+1","Electrodynamics","Conserve Battery+1","BootSequence","Double Energy+1"],"relics":["Cracked Core","Molten Egg 2","Pantograph","Bag of Marbles","Mercury Hourglass","Art of War","Astrolabe","Orichalcum","Whetstone","Turnip","Tiny Chest","SlaversCollar","Girya","Bottled Lightning","Blood Vial","DataDisk","Dream Catcher","Frozen Egg 2"],"acts_visited":["Exordium","TheCity","TheBeyond"],"potions_floor_usage":[],"damage_taken":[{"damage":2.0,"enemies":"2 Louse","floor":1.0,"turns":3.0},{"damage":10.0,"enemies":"Small Slimes","floor":5.0,"turns":3.0},{"damage":30.0,"enemies":"Gremlin Nob","floor":6.0,"turns":4.0},{"damage":9.0,"enemies":"3 Sentries","floor":10.0,"turns":6.0},{"damage":0.0,"enemies":"Cultist","floor":11.0,"turns":2.0},{"damage":8.0,"enemies":"Gremlin Nob","floor":13.0,"turns":3.0},{"damage":1.0,"enemies":"Red Slaver","floor":14.0,"turns":3.0},{"damage":23.0,"enemies":"Slime Boss","floor":16.0,"turns":10.0},{"damage":1.0,"enemies":"Shell Parasite","floor":18.0,"turns":5.0},{"damage":0.0,"enemies":"Spheric Guardian","floor":19.0,"turns":3.0},{"damage":17.0,"enemies":"Shelled Parasite and Fungi","floor":21.0,"turns":5.0},{"damage":0.0,"enemies":"Sentry and Sphere","floor":22.0,"turns":3.0},{"damage":26.0,"enemies":"Book of Stabbing","floor":23.0,"turns":8.0},{"damage":0.0,"enemies":"Cultist and Chosen","floor":27.0,"turns":6.0},{"damage":22.0,"enemies":"Gremlin Leader","floor":28.0,"turns":8.0},{"damage":0.0,"enemies":"3 Cultists","floor":30.0,"turns":5.0},{"damage":2.0,"enemies":"Collector","floor":33.0,"turns":13.0},{"damage":0.0,"enemies":"3 Shapes","floor":35.0,"turns":3.0},{"damage":9.0,"enemies":"Mind Bloom Boss Battle","floor":37.0,"turns":8.0},{"damage":12.0,"enemies":"3 Darklings","floor":38.0,"turns":4.0},{"damage":0.0,"enemies":"Writhing Mass","floor":41.0,"turns":7.0},{"damage":0.0,"enemies":"4 Shapes","floor":42.0,"turns":3.0},{"damage":0.0,"enemies":"Giant Head","floor":44.0,"turns":11.0},{"damage":45.0,"enemies":"Reptomancer","floor":46.0,"turns":9.0},{"damage":20.0,"enemies":"Giant Head","floor":48.0,"turns":14.0},{"damage":44.0,"enemies":"Time Eater","floor":50.0,"turns":19.0},{"damage":55,"enemies":"Awakened One","floor":51,"turns":8}],"seed_played":"468781727799956021","potions_obtained":[{"floor":1.0,"key":"LiquidMemories"},{"floor":8.0,"key":"Explosive Potion"},{"floor":11.0,"key":"DistilledChaos"},{"floor":13.0,"key":"LiquidBronze"},{"floor":16.0,"key":"SpeedPotion"},{"floor":19.0,"key":"Regen Potion"},{"floor":27.0,"key":"Fire Potion"},{"floor":28.0,"key":"GamblersBrew"},{"floor":30.0,"key":"Energy Potion"},{"floor":35.0,"key":"Explosive Potion"},{"floor":41.0,"key":"Explosive Potion"},{"floor":44.0,"key":"LiquidBronze"},{"floor":48.0,"key":"LiquidMemories"}],"is_trial":false,"path_per_floor":["M","$","?","?","M","E","R","?","T","E","M","R","E","M","R","B",null,"M","M","?","M","M","E","R","$","T","M","E","?","M","T","R","B",null,"M","$","?","M","T","R","M","M","T","E","?","E","R","E","R","B","B"],"character_chosen":"DEFECT","items_purchased":["Go for the Eyes","BootSequence"],"campfire_rested":3,"item_purchase_floors":[2,36],"current_hp_per_floor":[62,62,67,62,52,22,44,44,44,35,35,35,27,26,26,28,64,63,63,63,46,46,35,35,35,35,35,13,13,13,13,13,36,66,66,66,67,55,55,55,55,55,55,57,57,14,35,17,38,21,0,0],"gold":302,"neow_bonus":"THREE_CARDS","is_daily":false,"chose_seed":false,"campfire_upgraded":4,"win_rate":0.0,"timestamp":1614056638,"path_taken":["M","$","?","?","M","E","R","?","T","E","M","R","E","M","R","BOSS","M","M","?","M","?","E","R","?","T","M","E","?","?","?","R","BOSS","M","$","?","M","?","R","M","M","T","E","?","E","R","E","R","BOSS","BOSS"],"items_purchased_type":["Card","Card"],"build_version":"2020-12-22","purchased_purges":3,"victory":false,"max_hp_per_floor":[71,71,76,76,76,76,76,76,76,76,76,76,76,76,76,76,76,76,76,76,76,76,76,76,76,76,76,76,76,76,76,76,76,76,76,76,76,76,76,76,76,76,76,76,72,72,72,72,72,72,72,72],"relic_stats":{"Blood Vial":10,"Dream Catcher":2,"counters":[27,174],"Pantograph":110,"Astrolabe":["Buffer","Buffer","Echo Form"],"Tiny Chest":1,"Turnip":[7],"Art of War":[39],"Whetstone":["Gash","Go for the Eyes"],"Orichalcum":[156],"obtain_stats":[{"Girya":37,"Astrolabe":17,"Whetstone":26,"Orichalcum":23,"Frozen Egg 2":48,"Mercury Hourglass":10,"Blood Vial":43,"SlaversCollar":34,"DataDisk":44,"Dream Catcher":46,"Pantograph":6,"Molten Egg 2":4,"Tiny Chest":29,"Turnip":28,"Bag of Marbles":9,"Art of War":13,"Bottled Lightning":39,"Cracked Core":0},{"Girya":19,"Astrolabe":8,"Whetstone":13,"Orichalcum":13,"Frozen Egg 2":25,"Mercury Hourglass":4,"Blood Vial":22,"SlaversCollar":17,"DataDisk":23,"Dream Catcher":24,"Pantograph":3,"Molten Egg 2":1,"Tiny Chest":15,"Turnip":15,"Bag of Marbles":3,"Art of War":6,"Bottled Lightning":20,"Cracked Core":0},{"Girya":100,"Astrolabe":34,"Whetstone":57,"Orichalcum":57,"Frozen Egg 2":147,"Mercury Hourglass":16,"Blood Vial":114,"SlaversCollar":89,"DataDisk":125,"Dream Catcher":133,"Pantograph":10,"Molten Egg 2":3,"Tiny Chest":71,"Turnip":71,"Bag of Marbles":10,"Art of War":21,"Bottled Lightning":104,"Cracked Core":0}],"Mercury Hourglass":[599]},"card_choices":[{"not_picked":["Reprogram","Loop"],"picked":"Gash","floor":0.0},{"not_picked":["Sunder","White Noise"],"picked":"Defragment","floor":1.0},{"not_picked":["Compile Driver+1","Cold Snap+1"],"picked":"Melter+1","floor":5.0},{"not_picked":["Hologram","Barrage+1"],"picked":"Coolheaded","floor":6.0},{"not_picked":["Stack","Go for the Eyes+1"],"picked":"Reinforced Body","floor":10.0},{"not_picked":["Sweeping Beam+1","Steam"],"picked":"Genetic Algorithm","floor":11.0},{"not_picked":["Hologram","Rip and Tear+1"],"picked":"Core Surge+1","floor":13.0},{"not_picked":["Streamline+1","Recycle","Compile Driver+1"],"picked":"SKIP","floor":14.0},{"not_picked":["Electrodynamics","Echo Form"],"picked":"Biased Cognition","floor":16.0},{"not_picked":["Compile Driver+1","Leap","Streamline+1"],"picked":"SKIP","floor":18.0},{"not_picked":["Rip and Tear+1","Coolheaded"],"picked":"FTL+1","floor":19.0},{"not_picked":["Sunder+1","Blizzard+1"],"picked":"Glacier","floor":21.0},{"not_picked":["Sweeping Beam+1","Force Field"],"picked":"Turbo","floor":22.0},{"not_picked":["Amplify","Machine Learning"],"picked":"Ball Lightning+1","floor":23.0},{"not_picked":["Glacier","Cold Snap+1","Turbo"],"picked":"SKIP","floor":27.0},{"not_picked":["Go for the Eyes+1","Sweeping Beam+1","Ball Lightning+1"],"picked":"SKIP","floor":28.0},{"not_picked":["Stack","Heatsinks"],"picked":"Auto Shields+1","floor":30.0},{"not_picked":["Fission","Meteor Strike+1"],"picked":"Electrodynamics","floor":33.0},{"not_picked":["Streamline+1","Barrage+1"],"picked":"Conserve Battery+1","floor":35.0},{"not_picked":["Chill","Rebound+1","Turbo+1"],"picked":"SKIP","floor":38.0},{"not_picked":["Sweeping Beam+1","Scrape+1","Coolheaded"],"picked":"SKIP","floor":41.0},{"not_picked":["Barrage+1","Streamline+1","Compile Driver+1"],"picked":"SKIP","floor":42.0},{"not_picked":["Aggregate+1","Turbo"],"picked":"Double Energy+1","floor":44.0},{"not_picked":["BootSequence","Machine Learning","White Noise"],"picked":"SKIP","floor":46.0},{"not_picked":["BootSequence+1","Consume","Rebound+1"],"picked":"SKIP","floor":48.0}],"player_experience":2347222,"relics_obtained":[{"floor":6.0,"key":"Pantograph"},{"floor":9.0,"key":"Bag of Marbles"},{"floor":10.0,"key":"Mercury Hourglass"},{"floor":13.0,"key":"Art of War"},{"floor":23.0,"key":"Orichalcum"},{"floor":26.0,"key":"Whetstone"},{"floor":28.0,"key":"Turnip"},{"floor":37.0,"key":"Girya"},{"floor":39.0,"key":"Bottled Lightning"},{"floor":43.0,"key":"Blood Vial"},{"floor":44.0,"key":"DataDisk"},{"floor":46.0,"key":"Dream Catcher"},{"floor":48.0,"key":"Frozen Egg 2"}],"event_choices":[{"damage_healed":0.0,"max_hp_gain":5.0,"max_hp_loss":0.0,"gold_gain":0.0,"event_name":"Big Fish","player_choice":"Donut","floor":3.0,"gold_loss":0.0,"damage_taken":0.0},{"damage_healed":0.0,"max_hp_gain":0.0,"max_hp_loss":0.0,"gold_gain":0.0,"event_name":"Scrap Ooze","player_choice":"Success","floor":4.0,"gold_loss":0.0,"damage_taken":5.0,"relics_obtained":["Molten Egg 2"]},{"damage_healed":0.0,"max_hp_gain":0.0,"max_hp_loss":0.0,"gold_gain":0.0,"event_name":"Lab","player_choice":"Got Potions","floor":8.0,"gold_loss":0.0,"damage_taken":0.0},{"damage_healed":0.0,"max_hp_gain":0.0,"max_hp_loss":0.0,"gold_gain":0.0,"event_name":"Designer","player_choice":"Upgrade","floor":20.0,"gold_loss":50.0,"damage_taken":0.0,"cards_upgraded":["Biased Cognition"]},{"damage_healed":0.0,"max_hp_gain":0.0,"max_hp_loss":0.0,"gold_gain":0.0,"event_name":"WeMeetAgain","player_choice":"Gave Potion","floor":29.0,"gold_loss":0.0,"damage_taken":0.0,"relics_obtained":["Tiny Chest"]},{"damage_healed":0.0,"max_hp_gain":0.0,"max_hp_loss":0.0,"gold_gain":0.0,"event_name":"MindBloom","player_choice":"Fight","floor":37.0,"gold_loss":0.0,"damage_taken":0.0},{"damage_healed":0.0,"max_hp_gain":0.0,"max_hp_loss":4.0,"gold_gain":0.0,"event_name":"Winding Halls","player_choice":"Max HP","floor":45.0,"gold_loss":0.0,"damage_taken":0.0}],"is_beta":false,"boss_relics":[{"not_picked":["Runic Dome","Coffee Dripper"],"picked":"Astrolabe"},{"not_picked":["Busted Crown","Calling Bell"],"picked":"SlaversCollar"}],"items_purged_floors":[2,25,36],"is_endless":false,"potions_floor_spawned":[1,11,13,16,19,27,28,30,35,41,44,48],"killed_by":"Awakened One","ascension_level":20}}