{"host":"q79dm2j0pr18ov08","time":1614086630,"event":{"mods":["Act Like it!","BaseMod","CapriCore","Colored Powertips","Gensokyo","Googly Eyes","Koishi","Marisa£¨ìFÓê¡¡Ä§ÀíÉ³£©","Minty Spire (QoL Compilation)","MostiFishMod","Pale of the Ancients","Reimu£¨²©ÀöÁéÃÎ£©","Replay The Spire","RumiaBox-Â¶Ã×æ«µÄÉñÃØºÐ×Ó","StSLib","TestMod","The Administrix","The Construct","The Immortal","The IronCluck","The Jungle","The Servant 0.9.4","UnlockEverythingMod","Waifu the Spire","[IsaacMod]ÒÔÈö¼âËþ","¡¾ÒÅÎï¿¨ÅÆ¡¿REMEMod"],"gold_per_floor":[112,171,20,35,35,63,63,93,93,117,117,135,169,183,183,283,283,301,301,226,239,239,239,239,164,190,216,230,261,275,27,27,123,123,143,161,161,208,220,249,249,249,249,6,36,36,49,82,82,82,82,82,1,34,34],"floor_reached":56,"language":"ZHS","playtime":5588,"items_purged":["construct:Strike_Gold"],"score":1711,"play_id":"d19e08b7-3f67-4a24-927f-4ebee561e39b","local_time":"20210223212350","is_ascension_mode":true,"campfire_choices":[{"data":"Sabotage","floor":7.0,"key":"SMITH"},{"floor":15.0,"key":"DIG"},{"floor":23.0,"key":"RECALL"},{"data":"construct:HyperBeam","floor":32.0,"key":"SMITH"},{"data":"MostiFishMod:ElfcollectionBox","floor":41.0,"key":"SMITH"},{"data":"1","floor":49.0,"key":"LIFT"},{"data":"2","floor":52,"key":"LIFT"}],"circlet_count":0,"master_deck":["construct:Strike_Gold","construct:Strike_Gold","construct:Strike_Gold","construct:Defend_Gold","construct:Defend_Gold","construct:Defend_Gold","construct:Defend_Gold","construct:AttackMode","construct:DefenseMode","Sabotage+1","construct:SaveState","Pot Of Greed","Pot Of Greed","construct:Tumble","construct:Anticipate","construct:Autoturret","construct:FlameCore","construct:Disrupt","construct:HyperBeam+1","construct:Reinforce+1","construct:HeavyBolt","construct:FierceBash+1","construct:CriticalHit","Pot Of Greed","construct:SuppressiveFire","construct:GatlingGun","construct:SweepLaser+1","MostiFishMod:ElfcollectionBox+1","construct:CriticalHit","construct:VentSteam+1","construct:ClusterMines+1","testmod-PerfectCombo","construct:Backfire+1"],"relics":["construct:Cogwheel","construct:Challenge1","HushsDoor","testmod-TestBox","DaveBox","REME_ComplimentaryCards","OriginationStaff","testmod-TurbochargingSystem","PunchingBag","Juzu Bracelet","SynthV:TestCard","Grinning Jar","Replay:Baseball","DeathBook","ReplayTheSpireMod:TigerMarble","TungstenRod","testmod-IndustrialRevolution","ExusiaiGun","BelialBook","SSSystem","Red Mask","testmod-CrystalShield","Chaos","Ginger","CatCart","Girya","Eternal Feather","REME_PuzzleBoxRelic","White Beast Statue","PillsDrop"],"acts_visited":["Exordium","TheCity","TheBeyond","TheEnding"],"potions_floor_usage":[55,55],"damage_taken":[{"damage":2.0,"enemies":"2 Louse","floor":1.0,"turns":3.0},{"damage":2.0,"enemies":"Cultist","floor":4.0,"turns":4.0},{"damage":9.0,"enemies":"Replay:BlueRogue","floor":6.0,"turns":6.0},{"damage":13.0,"enemies":"Gremlin Nob","floor":8.0,"turns":7.0},{"damage":11.0,"enemies":"Jaw Worm","floor":12.0,"turns":2.0},{"damage":12.0,"enemies":"Lagavulin","floor":13.0,"turns":11.0},{"damage":0.0,"enemies":"Gremlin Gang","floor":14.0,"turns":1.0},{"damage":26.0,"enemies":"Fading Forest","floor":16.0,"turns":11.0},{"damage":0.0,"enemies":"Spheric Guardian","floor":18.0,"turns":1.0},{"damage":0.0,"enemies":"Chosen","floor":21.0,"turns":1.0},{"damage":0.0,"enemies":"Masked Bandits","floor":27.0,"turns":2.0},{"damage":7.0,"enemies":"Centurion and Healer","floor":28.0,"turns":3.0},{"damage":16.0,"enemies":"REME_1_Revenger","floor":29.0,"turns":4.0},{"damage":0.0,"enemies":"Cultist and Chosen","floor":30.0,"turns":2.0},{"damage":50.0,"enemies":"Pondfish","floor":33.0,"turns":11.0},{"damage":0.0,"enemies":"Orb Walker","floor":35.0,"turns":1.0},{"damage":3.0,"enemies":"3 Shapes","floor":36.0,"turns":1.0},{"damage":28.0,"enemies":"Orin","floor":38.0,"turns":8.0},{"damage":12.0,"enemies":"Sphere and 2 Shapes","floor":39.0,"turns":2.0},{"damage":3.0,"enemies":"Giant Head","floor":40.0,"turns":5.0},{"damage":0.0,"enemies":"Reptomancer","floor":45.0,"turns":1.0},{"damage":0.0,"enemies":"Jaw Worm Horde","floor":47.0,"turns":2.0},{"damage":0.0,"enemies":"Nemesis","floor":48.0,"turns":1.0},{"damage":0,"enemies":"Donu and Deca","floor":50,"turns":3},{"damage":0,"enemies":"Shield and Spear","floor":54,"turns":1},{"damage":57,"enemies":"The Heart","floor":55,"turns":5}],"seed_played":"-3227648823683859589","potions_obtained":[{"floor":5.0,"key":"Reflective Coating"},{"floor":5.0,"key":"Block Potion"},{"floor":5.0,"key":"EssenceOfSteel"},{"floor":8.0,"key":"REME_GoldPotion"},{"floor":13.0,"key":"Energy Potion"},{"floor":27.0,"key":"Regen Potion"},{"floor":29.0,"key":"AttackPotion"},{"floor":33.0,"key":"Regen Potion"},{"floor":45.0,"key":"Strength Potion"},{"floor":47.0,"key":"PowerPotion"}],"is_trial":false,"path_per_floor":["M","?","$","M","?","E","R","E","T","T","?","M","E","M","R","B",null,"M","?","$","M","?","R","?","?","T","?","M","E","M","$","R","B",null,"M","M","?","?","M","E","R","?","T","$","E","$","M","E","R","B",null,"R","$","E","B",null],"character_chosen":"THE_CONSTRUCT_MOD","items_purchased":["Grinning Jar","Chaos","Fruit Juice","Eternal Feather","testmod-PerfectCombo"],"campfire_rested":0,"item_purchase_floors":[3,31,31,44,53],"current_hp_per_floor":[83,68,68,66,66,57,57,44,44,44,37,26,14,26,26,10,83,83,68,68,68,54,54,54,54,54,66,59,48,48,53,53,3,91,91,88,88,60,48,45,45,37,37,37,37,37,37,37,55,55,79,79,79,79,22],"gold":34,"neow_bonus":"RANDOM_COMMON_RELIC","is_daily":false,"chose_seed":false,"campfire_upgraded":3,"win_rate":0.0,"timestamp":1614086630,"path_taken":["M","?","$","M","?","E","R","E","T","?","?","M","E","M","R","BOSS","M","?","$","M","?","R","?","?","T","?","M","E","M","?","R","BOSS","M","M","?","?","M","E","R","?","T","$","E","?","M","E","R","BOSS","R","$","E","BOSS"],"items_purchased_type":["Relic","Card","Potion","Relic","Card"],"build_version":"2020-12-22","purchased_purges":1,"victory":true,"max_hp_per_floor":[85,85,85,85,85,85,85,85,85,85,85,85,85,83,83,83,83,83,88,88,88,88,88,88,88,88,86,86,86,86,91,91,91,91,91,91,91,91,91,91,91,91,91,91,91,91,91,79,79,79,79,79,79,79,79],"card_choices":[{"not_picked":["construct:Multistage","construct:CripplingShot"],"picked":"construct:SaveState","floor":1.0},{"not_picked":["construct:SyphonStrike","construct:Analyze","construct:GuardCore","construct:Reinforce"],"picked":"construct:Tumble","floor":4.0},{"not_picked":["construct:Missile","construct:FierceBash","construct:PowerUp","construct:ScopeCore"],"picked":"construct:Anticipate","floor":6.0},{"not_picked":["construct:HeavyBolt","construct:Anticipate","construct:ScrapCannon","construct:Reserves","construct:Isolate"],"picked":"SKIP","floor":8.0},{"not_picked":["construct:ReactiveShield","construct:ClusterMines","construct:Accumulate","construct:BatteryAcid"],"picked":"construct:Autoturret","floor":12.0},{"not_picked":["construct:HardReboot","construct:ModeShift","construct:ScrapCannon","construct:SaveState"],"picked":"construct:FlameCore","floor":13.0},{"not_picked":["construct:SaveState","construct:FierceBash","construct:ClusterMines","construct:Forcefield"],"picked":"construct:Disrupt","floor":14.0},{"not_picked":["construct:ClockworkEgg","construct:BatteryCore","construct:ShieldBurst","construct:MemoryTap"],"picked":"construct:HyperBeam","floor":16.0},{"not_picked":["construct:SuppressiveFire","construct:Tumble+1","construct:ScrapCannon","construct:Failsafe","construct:SyphonStrike"],"picked":"SKIP","floor":18.0},{"not_picked":["construct:MetalShell","construct:HeavyBolt+1","construct:Accumulate+1","construct:Backup+1"],"picked":"construct:Reinforce+1","floor":21.0},{"not_picked":["construct:GuardCore","construct:ModeShift","construct:Autoturret","construct:FlakBarrage+1"],"picked":"construct:HeavyBolt","floor":27.0},{"not_picked":["construct:PowerUp","construct:Impenetrable","construct:SyphonStrike","construct:Construct_Overclock"],"picked":"construct:FierceBash+1","floor":28.0},{"not_picked":["construct:Analyze+1","construct:SyphonStrike","construct:ScrapCannon+1","construct:SpinDrive"],"picked":"construct:CriticalHit","floor":29.0},{"not_picked":["construct:Forcefield","construct:Analyze","construct:Anticipate","construct:ModeShift"],"picked":"construct:SuppressiveFire","floor":30.0},{"not_picked":["construct:SiegeForm","construct:HastyRepair","construct:MemoryTap","construct:SpinDrive"],"picked":"construct:GatlingGun","floor":33.0},{"not_picked":["construct:ScrapCannon","construct:VentSteam+1","construct:SuppressiveFire+1","construct:Tumble+1"],"picked":"construct:SweepLaser+1","floor":35.0},{"not_picked":["construct:Construct_Overclock+1","construct:ScopeCore","construct:VentSteam","construct:SyphonStrike+1","construct:SiegeForm"],"picked":"SKIP","floor":36.0},{"not_picked":["Replay:Sssssssssshield","MostiFishMod:Kaleido","MostiFishMod:ButterFly","testmod-RepeatForm"],"picked":"MostiFishMod:ElfcollectionBox","floor":37.0},{"not_picked":["construct:Anticipate","construct:Autoturret","construct:Impenetrable+1","construct:FocusedBeam"],"picked":"construct:CriticalHit","floor":38.0},{"not_picked":["construct:Isolate+1","construct:ModeShift","construct:SuppressiveFire+1","construct:ShiftStrike"],"picked":"construct:VentSteam+1","floor":39.0},{"not_picked":["construct:OneWayMirror+1","construct:SaveState+1","construct:Failsafe+1","construct:Accumulate","construct:SyphonStrike"],"picked":"SKIP","floor":40.0},{"not_picked":["construct:HammerDown","construct:Accumulate","construct:Dampening","construct:QuickAttack"],"picked":"construct:ClusterMines+1","floor":45.0},{"not_picked":["construct:GuardCore+1","construct:ModeShift+1","construct:FocusedBeam","construct:Analyze+1","construct:VentSteam+1"],"picked":"SKIP","floor":47.0},{"not_picked":["construct:Failsafe","construct:UnbalancingBlast","construct:GatlingGun","construct:Electrocute","construct:SuppressiveFire+1"],"picked":"SKIP","floor":48.0},{"not_picked":["construct:Forcefield","construct:Boost","construct:SweepLaser+1","construct:GuardCore"],"picked":"construct:Backfire+1","floor":54}],"player_experience":350652,"relics_obtained":[{"floor":1.0,"key":"SynthV:TestCard"},{"floor":8.0,"key":"Replay:Baseball"},{"floor":9.0,"key":"DeathBook"},{"floor":10.0,"key":"ReplayTheSpireMod:TigerMarble"},{"floor":13.0,"key":"TungstenRod"},{"floor":15.0,"key":"testmod-IndustrialRevolution"},{"floor":26.0,"key":"SSSystem"},{"floor":27.0,"key":"Red Mask"},{"floor":29.0,"key":"testmod-CrystalShield"},{"floor":38.0,"key":"CatCart"},{"floor":40.0,"key":"Girya"},{"floor":45.0,"key":"REME_PuzzleBoxRelic"},{"floor":48.0,"key":"White Beast Statue"},{"floor":54,"key":"PillsDrop"}],"event_choices":[{"damage_healed":0.0,"max_hp_gain":0.0,"max_hp_loss":0.0,"gold_gain":0.0,"event_name":"Lab","player_choice":"Got Potions","floor":5.0,"gold_loss":0.0,"damage_taken":0.0},{"cards_removed":["construct:Strike_Gold"],"damage_healed":0.0,"max_hp_gain":0.0,"max_hp_loss":0.0,"gold_gain":0.0,"event_name":"Golden Wing","player_choice":"Card Removal","floor":11.0,"gold_loss":0.0,"damage_taken":7.0},{"damage_healed":0.0,"max_hp_gain":5.0,"max_hp_loss":0.0,"gold_gain":0.0,"event_name":"Forgotten Altar","player_choice":"Shed Blood","floor":19.0,"gold_loss":0.0,"damage_taken":21.0},{"cards_removed":["construct:Defend_Gold"],"damage_healed":0.0,"max_hp_gain":0.0,"max_hp_loss":0.0,"gold_gain":0.0,"event_name":"Beggar","player_choice":"Gave Gold","floor":25.0,"gold_loss":75.0,"damage_taken":0.0},{"damage_healed":0.0,"max_hp_gain":0.0,"max_hp_loss":0.0,"gold_gain":0.0,"event_name":"Masked Bandits","player_choice":"Fought Bandits","floor":27.0,"gold_loss":0.0,"damage_taken":0.0},{"damage_healed":0.0,"max_hp_gain":0.0,"max_hp_loss":0.0,"gold_gain":0.0,"event_name":"SensoryStone","player_choice":"Memory 1","floor":37.0,"gold_loss":0.0,"damage_taken":0.0},{"damage_healed":0.0,"max_hp_gain":0.0,"max_hp_loss":0.0,"gold_gain":0.0,"event_name":"OrinTheCat","player_choice":"Fight","floor":38.0,"gold_loss":0.0,"damage_taken":0.0},{"damage_healed":0.0,"max_hp_gain":0.0,"max_hp_loss":0.0,"gold_gain":0.0,"event_name":"Wheel of Change","player_choice":"Damaged","floor":42.0,"gold_loss":0.0,"damage_taken":9.0}],"is_beta":false,"boss_relics":[{"not_picked":["Velvet Choker","ChewingGum"],"picked":"ExusiaiGun"},{"not_picked":[]},{"not_picked":["Bronze Scales","Centennial Puzzle"],"picked":"Ginger"},{"not_picked":[]}],"items_purged_floors":[20],"is_endless":false,"potions_floor_spawned":[8,13,14,27,29,33,36,38,45,47,54],"ascension_level":1}}