{"host":"lv7etzzgwahaenh9","time":1614054314,"event":{"mods":["AchievementEnabler","BaseMod","Colored Map","Colored Powertips","Highlight Path","Minty Spire (QoL Compilation)","Permanent Neow","Quick Restart","Random Character Button","StSLib"],"gold_per_floor":[110,110,121,121,121,121,140,140,214,250,250,285,304,319,319,414,414,439,4,18,18,34,34,34],"floor_reached":23,"language":"ENG","playtime":1160,"items_purged":["Strike_B"],"score":352,"play_id":"06026340-10a3-418b-bd44-6b69639ca4c3","local_time":"20210222202514","is_ascension_mode":true,"campfire_choices":[{"data":"Zap","floor":6.0,"key":"SMITH"},{"floor":8.0,"key":"REST"},{"data":"Barrage","floor":11.0,"key":"SMITH"},{"data":"Defragment","floor":15.0,"key":"SMITH"}],"circlet_count":0,"master_deck":["AscendersBane","Strike_B","Strike_B","Strike_B","Defend_B","Defend_B","Defend_B","Defend_B","Zap+1","Dualcast","Cold Snap","Reinforced Body","Barrage+1","Cold Snap","Steam","Barrage","Defragment+1","Self Repair","Ball Lightning","Biased Cognition","Storm","Force Field","Storm","Darkness+1","Loop"],"relics":["Cracked Core","Bloody Idol","Pantograph","Darkstone Periapt","Nunchaku","Black Star","Meat on the Bone"],"acts_visited":["TheCity"],"potions_floor_usage":[23],"damage_taken":[{"damage":7.0,"enemies":"Small Slimes","floor":1.0,"turns":3.0},{"damage":2.0,"enemies":"2 Louse","floor":3.0,"turns":3.0},{"damage":0.0,"enemies":"Cultist","floor":7.0,"turns":3.0},{"damage":18.0,"enemies":"3 Sentries","floor":10.0,"turns":8.0},{"damage":26.0,"enemies":"Gremlin Nob","floor":12.0,"turns":4.0},{"damage":0.0,"enemies":"Large Slime","floor":13.0,"turns":6.0},{"damage":0.0,"enemies":"Blue Slaver","floor":14.0,"turns":3.0},{"damage":8.0,"enemies":"Slime Boss","floor":16.0,"turns":6.0},{"damage":11,"enemies":"3 Byrds","floor":18,"turns":4},{"damage":28,"enemies":"2 Thieves","floor":20,"turns":4},{"damage":27,"enemies":"Centurion and Healer","floor":22,"turns":5},{"damage":56,"enemies":"Slavers","floor":23,"turns":3}],"seed_played":"1061503119692766367","potions_obtained":[{"floor":1.0,"key":"DuplicationPotion"},{"floor":7.0,"key":"Energy Potion"},{"floor":13.0,"key":"PowerPotion"},{"floor":16.0,"key":"EssenceOfDarkness"},{"floor":18,"key":"FearPotion"}],"is_trial":false,"path_per_floor":["M","?","M","?","?","R","M","R","T","E","R","E","M","M","R","B",null,"M","$","M","?","M","E"],"character_chosen":"DEFECT","items_purchased":["Meat on the Bone","Force Field","Storm"],"campfire_rested":1,"item_purchase_floors":[19,19,19],"current_hp_per_floor":[57,62,60,34,34,34,34,56,56,38,38,12,12,19,19,43,68,64,64,55,55,52,0,0],"gold":34,"neow_bonus":"THREE_CARDS","is_daily":false,"chose_seed":false,"campfire_upgraded":3,"win_rate":0.0,"timestamp":1614054314,"path_taken":["M","?","M","?","?","R","M","R","T","E","R","E","?","M","R","BOSS","M","$","M","?","M","E"],"items_purchased_type":["Relic","Card","Card"],"build_version":"2020-12-22","purchased_purges":1,"victory":false,"max_hp_per_floor":[71,76,76,76,76,76,76,76,76,76,76,76,76,76,76,76,76,76,76,76,76,76,76,76],"card_choices":[{"not_picked":["Glacier","Leap"],"picked":"Cold Snap","floor":0.0},{"not_picked":["Leap","Steam"],"picked":"Reinforced Body","floor":1.0},{"not_picked":["Leap","Undo"],"picked":"Barrage","floor":3.0},{"not_picked":["Coolheaded","Beam Cell"],"picked":"Steam","floor":7.0},{"not_picked":["Coolheaded","Go for the Eyes"],"picked":"Barrage","floor":10.0},{"not_picked":["Sweeping Beam","Hologram"],"picked":"Defragment","floor":12.0},{"not_picked":["Rip and Tear","Sweeping Beam"],"picked":"Self Repair","floor":13.0},{"not_picked":["Stack","Multi-Cast"],"picked":"Ball Lightning","floor":14.0},{"not_picked":["Multi-Cast","Fission"],"picked":"Biased Cognition","floor":16.0},{"not_picked":["Rebound","Turbo+1"],"picked":"Storm","floor":18},{"not_picked":["Leap","Coolheaded"],"picked":"Darkness+1","floor":20},{"not_picked":["Barrage","Ball Lightning"],"picked":"Loop","floor":22}],"player_experience":515884,"relics_obtained":[{"floor":9.0,"key":"Pantograph"},{"floor":10.0,"key":"Darkstone Periapt"},{"floor":12.0,"key":"Nunchaku"}],"event_choices":[{"damage_healed":0.0,"max_hp_gain":5.0,"max_hp_loss":0.0,"gold_gain":0.0,"event_name":"Big Fish","player_choice":"Donut","floor":2.0,"gold_loss":0.0,"damage_taken":0.0},{"damage_healed":0.0,"max_hp_gain":0.0,"max_hp_loss":0.0,"gold_gain":0.0,"event_name":"Golden Idol","player_choice":"Take Damage","floor":4.0,"gold_loss":0.0,"damage_taken":26.0,"relics_obtained":["Golden Idol"]},{"damage_healed":0.0,"max_hp_gain":0.0,"max_hp_loss":0.0,"gold_gain":0.0,"event_name":"Match and Keep!","player_choice":"1 cards matched","floor":5.0,"gold_loss":0.0,"damage_taken":0.0,"cards_obtained":["Cold Snap"]},{"damage_healed":0,"gold_gain":0,"player_choice":"Gave Idol","damage_taken":0,"relics_obtained":["Bloody Idol"],"max_hp_gain":0,"max_hp_loss":0,"event_name":"Forgotten Altar","floor":21,"relics_lost":["Golden Idol"],"gold_loss":0}],"is_beta":false,"boss_relics":[{"not_picked":["Calling Bell","SacredBark"],"picked":"Black Star"}],"items_purged_floors":[19],"is_endless":false,"potions_floor_spawned":[1,7,13,16,18,20],"killed_by":"Slavers","ascension_level":15}}