{"host":"gm50ke85n5jz306u","time":1614103847,"event":{"mods":["AchievementEnabler","AlwaysNeverKeys","Aspiration","BaseMod","Bestiary","Better Altar","Better Match","Better Note","Better Sensory Stone","Better Skull","Better Third Choice","Better Vampires","Better-Laid Plans","BetterRewards","Colored Powertips","Curses Come First","DNKmod","Defuse TimeMaze Blight","Disable Question Mark Monsters","Displayed Cursed Tome","Downfall","Emptier Cage","Extra Virgin Snecko Oil","Filter the Spire","Friendly Minions","Gremlin Skip","Hermit","Hubris","Hyrulean Relics","Ironclad Rager","Jorbs\u0027s Wanderer Trilogy","Koishi","Lobotomy","Marisa????????","Marked Mod","Minty Spire (QoL Compilation)","Permanent Neow","Poor People Problems","Quick Restart","Reimu??????","Relic Filter Mod","Relic Sorter","Remilia??????","Remove Card Discount Mod","Reorder Act Four","Replay The Spire","Shop Mod","StSLib","Synergy Search","Td1madao Mod","The Administrix","The Animator","The Blue Laboratory","The Bug Knight","The Construct","The Cursed","The Disciple","The Hierophant","The Necromancer","The Runesmith","The Senshi","The Servant 0.9.4","Thieving Mod","Transform Curses","WarShipGirlsR/????R mod","Youmu??????"],"gold_per_floor":[10000,10011,10028,9064,9064,9080,9129,9129,8327,8327,8361,8361,8361,8391,8408,8507,8507,8507,8523,8523,8533,8249,8278,8311,8311,8311,8327,8338,8351,8351,8375,8388,8495,8495,8495,8517,8517,8545,8608,8628,8688,8688,8706,8725,8725,8725,8476,8486,8503,8503],"floor_reached":51,"language":"ENG","playtime":3483,"items_purged":["champ:HeartStrike","champ:DefensiveStyle","champ:Taunt","champ:Execute","Writhe","champ:PreemptiveStrike+1","champ:Strike","champ:Strike","champ:Strike","champ:Strike","champ:Defend","champ:CrownThrow","champ:Defend","champ:Defend","champ:Defend","animator:Curse_Nutcracker","champ:EnGarde","champ:PreciseThrust","champ:PreciseThrust"],"score":831,"play_id":"8a6788c0-a38f-416a-9a93-377f66bf697e","local_time":"20210223191047","is_ascension_mode":true,"campfire_choices":[{"floor":1.0,"key":"RECALL"},{"data":"champ:CalledShot","floor":10.0,"key":"SMITH"},{"data":"champ:AdrenalArmor","floor":13.0,"key":"SMITH"},{"data":"champ:GladiatorForm","floor":18.0,"key":"SMITH"},{"data":"champ:AdrenalArmor","floor":25.0,"key":"SMITH"},{"data":"champ:FocusedBerserking","floor":30.0,"key":"SMITH"},{"data":"champ:LastStand","floor":35.0,"key":"SMITH"},{"data":"champ:ShieldSlam","floor":42.0,"key":"SMITH"},{"data":"champ:Endure","floor":46.0,"key":"SMITH"}],"circlet_count":0,"master_deck":["champ:ShieldSlam+1","champ:AdrenalArmor+1","champ:CalledShot+1","champ:FanOfKnives+1","champ:AdrenalArmor+1","champ:Shatter+1","champ:FanOfKnives+1","champ:CalledShot+1","champ:FocusedBerserking+1","champ:AdrenalArmor+1","champ:GladiatorForm+1","champ:FanOfKnives+1","champ:Endure+1","champ:LastStand+1","champ:FaceSlap+1","champ:FanOfKnives+1","champ:Endure","champ:Endure"],"relics":["Cursed Key","Snack Pack","aspiration:Lifesprig","Letter Opener","Replay:Accelerometer","TheAbacus","Mastiff:ReiMu","Oddly Smooth Stone","Membership Card","Durian","PreservedInsect","MerchantsRug","Chameleon Ring","hubris:Towel","Replay:Bottled Eggs","Peace Pipe","CeramicFish","hubris:TenFootPole","SacredBark","Potion Belt","Spirit Poop","TentaclePot:ReiMu"],"acts_visited":["Exordium","TheCity","TheBeyond"],"potions_floor_usage":[],"damage_taken":[{"damage":10.0,"enemies":"Small Slimes","floor":2.0,"turns":3.0},{"damage":13.0,"enemies":"2 Louse","floor":3.0,"turns":3.0},{"damage":20.0,"enemies":"downfall:FleeingMerchant","floor":4.0,"turns":4.0},{"damage":26.0,"enemies":"Jaw Worm","floor":6.0,"turns":4.0},{"damage":25.0,"enemies":"downfall:FleeingMerchant","floor":9.0,"turns":4.0},{"damage":0.0,"enemies":"Gremlin Nob","floor":11.0,"turns":2.0},{"damage":38.0,"enemies":"Lagavulin","floor":14.0,"turns":4.0},{"damage":30.0,"enemies":"Exordium Wildlife","floor":15.0,"turns":1.0},{"damage":35.0,"enemies":"WA_ARCHETYPE_RETAIN","floor":16.0,"turns":4.0},{"damage":35.0,"enemies":"downfall:LooterAlt2","floor":19.0,"turns":3.0},{"damage":17.0,"enemies":"Chosen","floor":21.0,"turns":6.0},{"damage":65.0,"enemies":"downfall:FleeingMerchant","floor":22.0,"turns":4.0},{"damage":44.0,"enemies":"Snecko","floor":23.0,"turns":4.0},{"damage":46.0,"enemies":"Snake Plant","floor":27.0,"turns":4.0},{"damage":60.0,"enemies":"Sentry and Sphere","floor":28.0,"turns":3.0},{"damage":56.0,"enemies":"Shelled Parasite and Fungi","floor":29.0,"turns":4.0},{"damage":56.0,"enemies":"Snecko","floor":31.0,"turns":3.0},{"damage":34.0,"enemies":"Snake Plant","floor":32.0,"turns":4.0},{"damage":60.0,"enemies":"DF_ARCHETYPE_CLAW","floor":33.0,"turns":5.0},{"damage":40.0,"enemies":"3 Shapes","floor":36.0,"turns":3.0},{"damage":20.0,"enemies":"Orb Walker","floor":38.0,"turns":2.0},{"damage":35.0,"enemies":"downfall:FleeingMerchant","floor":39.0,"turns":2.0},{"damage":98.0,"enemies":"Writhing Mass","floor":40.0,"turns":6.0},{"damage":10.0,"enemies":"3 Darklings","floor":43.0,"turns":2.0},{"damage":25.0,"enemies":"Transient","floor":44.0,"turns":2.0},{"damage":35.0,"enemies":"Sphere and 2 Shapes","floor":48.0,"turns":3.0},{"damage":79.0,"enemies":"Maw","floor":49.0,"turns":6.0},{"damage":45,"enemies":"SI_POISON_ARCHETYPE","floor":50,"turns":6}],"seed_played":"-1648247370141815916","potions_obtained":[{"floor":2.0,"key":"DistilledChaos"},{"floor":6.0,"key":"LiquidBronze"},{"floor":11.0,"key":"champ:CounterPotion"},{"floor":16.0,"key":"blueLaboratory:NullPotion"},{"floor":23.0,"key":"Weak Potion"},{"floor":29.0,"key":"SmokeBomb"},{"floor":32.0,"key":"blueLaboratory:HummingbirdPotion"},{"floor":40.0,"key":"Venom Potion"},{"floor":43.0,"key":"champ:CounterPotion"},{"floor":44.0,"key":"blueLaboratory:BubblePotion"}],"is_trial":false,"path_per_floor":["R","M","M","$","?","M","T","?","$","R","E","?","R","E","M","B",null,"R","M","?","M","$","M","T","R","?","M","M","M","R","M","M","B",null,"R","M","?","M","$","M","T","R","M","M","?","R","$","M","M","B",null],"character_chosen":"THE_CHAMP","items_purchased":["Chameleon Ring","aspiration:Lifesprig","champ:CalledShot","champ:FanOfKnives","MerchantsRug","Orrery","hexamod:SoulburnPotion","Block Potion","Durian","Replay:Accelerometer","champ:PreciseThrust","Fire Potion","DollysMirror","Membership Card","Peace Pipe","CeramicFish","champ:EnGarde","Oddly Smooth Stone","Potion Belt","TheAbacus","champ:Endure","champ:TechniquePotion","Snack Pack","TentaclePot:ReiMu","blueLaboratory:FruitPreserves","Dexterity Potion","bronze:BurnAndBuffPotion"],"campfire_rested":0,"item_purchase_floors":[4,4,4,4,4,4,4,4,9,9,9,9,9,22,22,22,22,39,39,39,39,39,47,47,47,47,47],"current_hp_per_floor":[90,90,87,87,87,81,81,81,71,71,71,71,71,58,58,58,95,95,95,80,73,63,64,64,64,64,68,73,57,57,60,61,51,95,95,85,85,85,85,95,95,95,95,95,95,95,95,95,95,95],"gold":8503,"neow_bonus":"BOSS_RELIC","is_daily":false,"chose_seed":false,"campfire_upgraded":8,"win_rate":0.0,"timestamp":1614103847,"path_taken":["R","M","M","$","?","M","T","?","$","R","E","?","R","E","M","BOSS","R","M","?","M","$","M","T","R","?","M","M","M","R","M","M","BOSS","R","M","?","M","$","M","T","R","M","?","?","R","$","?","M","BOSS"],"items_purchased_type":["Relic","Relic","Card","Card","Relic","Relic","Potion","Potion","Relic","Relic","Card","Potion","Relic","Relic","Relic","Relic","Card","Relic","Relic","Relic","Card","Potion","Relic","Relic","Potion","Potion","Potion"],"build_version":"2020-12-22","purchased_purges":19,"victory":true,"max_hp_per_floor":[90,90,90,90,90,90,90,90,95,95,95,95,95,95,95,95,95,95,95,95,95,95,95,95,95,95,95,95,95,95,95,95,95,95,95,95,95,95,95,95,95,95,95,95,95,95,95,95,95,95],"card_choices":[{"not_picked":["champ:Backstep","champ:FocusedDefense"],"picked":"champ:CrownThrow","floor":2.0},{"not_picked":["champ:EnGarde","champ:FocusedBerserking"],"picked":"champ:ShieldSlam","floor":3.0},{"not_picked":["champ:Lariat","champ:Haymaker"],"picked":"champ:AdrenalArmor","floor":4.0},{"not_picked":["champ:VampiricStrike","champ:Backstep"],"picked":"champ:LastStand","floor":4.0},{"not_picked":["champ:ShieldWall","champ:FanOfKnives"],"picked":"champ:AdrenalArmor","floor":4.0},{"not_picked":["champ:IronFortress","champ:BerserkersShout"],"picked":"champ:Shatter","floor":4.0},{"not_picked":["champ:Lariat","champ:TornadoPunch"],"picked":"champ:DefensiveStyle","floor":4.0},{"not_picked":["champ:BerserkersShout","champ:RecklessLeap"],"picked":"champ:HeartStrike","floor":4.0},{"not_picked":["champ:ArenaPreparation","champ:GutPunch"],"picked":"champ:FanOfKnives","floor":6.0},{"not_picked":["champ:ShieldSigil","champ:BringItOn","champ:ShieldWall"],"picked":"SKIP","floor":9.0},{"not_picked":["champ:ShieldWall","champ:FancyFootwork"],"picked":"champ:FocusedBerserking","floor":11.0},{"not_picked":["champ:PerfectedStrike","champ:Shatter"],"picked":"champ:AdrenalArmor","floor":14.0},{"not_picked":["champ:SkillfulDodge","champ:CalledShot"],"picked":"champ:PreciseThrust","floor":15.0},{"not_picked":["champ:EnchantCrown","champ:TripleStrike"],"picked":"champ:GladiatorForm","floor":16.0},{"not_picked":["champ:DefensiveStyle+1","champ:HeartStrike+1","champ:Duel+1"],"picked":"SKIP","floor":19.0},{"not_picked":["champ:IronFortress","champ:GladiatorStyle","champ:BringItOn+1"],"picked":"SKIP","floor":21.0},{"not_picked":["champ:BerserkersShout+1","champ:EndlessRage","champ:GladiatorForm"],"picked":"SKIP","floor":22.0},{"not_picked":["champ:EnGarde","champ:CrownThrow"],"picked":"champ:FanOfKnives","floor":23.0},{"not_picked":["champ:FlashCut+1","champ:DefensiveShout","champ:PerfectedStrike+1"],"picked":"SKIP","floor":27.0},{"not_picked":["champ:CrownThrow","champ:Duel","champ:ShieldSigil"],"picked":"SKIP","floor":28.0},{"not_picked":["champ:PerfectedStrike+1","champ:FlashCut","champ:DefensiveShout"],"picked":"SKIP","floor":29.0},{"not_picked":["champ:PerfectedStrike","champ:BerserkersShout+1"],"picked":"champ:Endure","floor":31.0},{"not_picked":["champ:Circumvent+1","champ:Haymaker+1","champ:ShieldWall"],"picked":"SKIP","floor":32.0},{"not_picked":["champ:HoldFirm","champ:EnchantShield"],"picked":"champ:LastStand","floor":33.0},{"not_picked":["champ:CrookedStrike","champ:DeathBlow+1"],"picked":"champ:FaceSlap+1","floor":36.0},{"not_picked":["champ:FancyFootwork","champ:AdrenalArmor"],"picked":"champ:FanOfKnives+1","floor":38.0},{"not_picked":["champ:ViciousMockery+1","champ:BladeFlurry"],"picked":"champ:Endure","floor":39.0},{"not_picked":["champ:BringItOn+1","champ:ViciousMockery","champ:ShieldSigil"],"picked":"SKIP","floor":40.0},{"not_picked":["champ:BringItOn","champ:FanOfKnives+1","champ:DefensiveShout"],"picked":"SKIP","floor":43.0},{"not_picked":["champ:DefensiveShout+1","champ:Backstep+1","champ:PerfectedStrike"],"picked":"SKIP","floor":44.0},{"not_picked":["champ:IronFortress","champ:BerserkersShout","champ:DancingMaster"],"picked":"SKIP","floor":48.0},{"not_picked":["champ:DefensiveStyle+1","champ:FocusedDefense+1","champ:BladeFlurry"],"picked":"SKIP","floor":49.0}],"player_experience":433053,"relics_obtained":[{"floor":7.0,"key":"PreservedInsect"},{"floor":11.0,"key":"Letter Opener"},{"floor":14.0,"key":"Replay:Bottled Eggs"},{"floor":24.0,"key":"hubris:TenFootPole"},{"floor":41.0,"key":"Mastiff:ReiMu"}],"event_choices":[{"damage_healed":0.0,"max_hp_gain":0.0,"max_hp_loss":0.0,"gold_gain":0.0,"event_name":"Living Wall","player_choice":"Grow","floor":12.0,"gold_loss":0.0,"damage_taken":0.0,"cards_upgraded":["champ:CalledShot"]},{"damage_healed":0.0,"max_hp_gain":0.0,"max_hp_loss":0.0,"gold_gain":0.0,"event_name":"betterSkull:BetterSkull","player_choice":"UP ","floor":20.0,"gold_loss":0.0,"damage_taken":17.0,"cards_upgraded":["champ:Shatter"],"relics_obtained":[]},{"damage_healed":0.0,"max_hp_gain":0.0,"max_hp_loss":0.0,"gold_gain":0.0,"event_name":"Accursed Blacksmith","player_choice":"Forge","floor":26.0,"gold_loss":0.0,"damage_taken":0.0,"cards_upgraded":["champ:AdrenalArmor"]},{"cards_removed":["hubris:Disease"],"damage_healed":0.0,"max_hp_gain":0.0,"max_hp_loss":0.0,"gold_gain":0.0,"event_name":"Bonfire Elementals","player_choice":"Offered Curse","floor":45.0,"gold_loss":0.0,"damage_taken":0.0,"relics_obtained":["Spirit Poop"]}],"is_beta":false,"boss_relics":[{"not_picked":["hubris:GrandSneckoEye","aspiration:RandomNobGenerator"],"picked":"Runic Pyramid"},{"not_picked":["hubris:BlackHole","Replay:Ancient Bell"],"picked":"SacredBark"}],"items_purged_floors":[4,4,4,4,9,9,9,9,9,9,9,22,22,22,22,39,39,39,39],"is_endless":false,"potions_floor_spawned":[2,6,11,16,21,23,29,31,32,40,43,44],"ascension_level":2}}