{"host":"7bvt9h5xvpviio59","time":1614087681,"event":{"mods":["BaseMod","Colored Powertips","Conspire","Hubris","Infinite Spire","Minty Spire (QoL Compilation)","Rare Cards Sparkle","Replay The Spire","StSLib"],"gold_per_floor":[117,117,133,457,481,481,501,537,537,562,562,301,301,235,235,366,366,438,438,363,435,528,642,642,756,756,856,958,958,883,985,985,1164,1164,1317,1004,1004,1290,2289,2591,2881,2881,2881,2781,2781,3114,2914,3259,3259,3666,3666,4008,4008,4358,4433,4433,4814,4814,5199,5233,5233,5641,5641,6025,6437,6437,6907,6907,7306,6902,7384,7843,8272,8272,8701,8701,8781,9209,9209,9209,8940,9377,9377,9876,9876,10315,10324,10324,10324,10761,10761,11213,11675,11684,11534,11534,11534,11543,12018,12018,12527,12527,12958,13422,13422,13422,13866,14327,14327,14785,14818,15277,15730,15730,15730,16241,16241,16758,16758,17204,17648,18111,18111,18202,18730,18730,19221,19230,19799,18491,19007,19555,19573,19573,20211,20211,20772,20772,20772,20772,21322,21322,21382,21968,21977,22661,23328,24008,24008,24664,24664,25390,25390,26041,26041,26742,27420,27420,27420],"floor_reached":158,"language":"ENG","playtime":2631,"items_purged":["hubris:Greed","Strike_R","hubris:Sloth","Defend_R","Defend_R","Defend_R","hubris:Greed"],"score":6576,"play_id":"30ca2087-0e47-429d-9cc1-85ff9bee636a","local_time":"20210223214121","daily_mods":["Cursed Run"],"is_ascension_mode":true,"campfire_choices":[{"data":"Bludgeon","floor":6.0,"key":"SMITH"},{"data":"Heavy Blade","floor":11.0,"key":"SMITH"},{"data":"Battle Trance","floor":13.0,"key":"SMITH"},{"data":"Cleave","floor":15.0,"key":"SMITH"},{"data":"Sword Boomerang","floor":24.0,"key":"SMITH"},{"data":"Fire Breathing","floor":29.0,"key":"SMITH"},{"floor":32.0,"key":"DIG"},{"floor":45.0,"key":"DIG"},{"floor":58.0,"key":"DIG"},{"floor":61,"key":"DIG"},{"floor":63,"key":"DIG"},{"floor":66,"key":"DIG"},{"data":"Massacre","floor":74,"key":"SMITH"},{"floor":76,"key":"DIG"},{"floor":80,"key":"DIG"},{"floor":83,"key":"DIG"},{"floor":91,"key":"DIG"},{"floor":97,"key":"DIG"},{"floor":100,"key":"DIG"},{"data":"Limit Break","floor":109,"key":"SMITH"},{"floor":115,"key":"DIG"},{"floor":117,"key":"DIG"},{"floor":126,"key":"DIG"},{"floor":134,"key":"DIG"},{"floor":142,"key":"DIG"},{"floor":149,"key":"DIG"},{"floor":151,"key":"DIG"}],"circlet_count":0,"master_deck":["AscendersBane","Strike_R","Strike_R","Strike_R","Strike_R","Bash+1","Battle Trance+1","Bludgeon+1","hubris:Greed","Heavy Blade+1","hubris:Greed","hubris:Greed","Cleave+1","hubris:Greed","hubris:Greed","hubris:Greed","hubris:Greed","hubris:Greed","ReplayTheSpireMod:Faulty Equipment","Doubt","infinitespire:Starlight","hubris:Greed","hubris:Greed","hubris:Greed","hubris:Greed","hubris:Greed","hubris:Greed","hubris:Greed","hubris:Greed","Parasite","Fire Breathing+1","hubris:Greed","Double Tap","hubris:Greed","hubris:Greed","hubris:Greed","hubris:Wrath","Injury","CommonCold","hubris:Greed","hubris:Greed","hubris:Greed","hubris:Greed","hubris:Greed","hubris:Greed","AscendersBane","Strike_R+1","Strike_R","Strike_R","Strike_R","Defend_R","Defend_R+1","Defend_R","Defend_R","Bash","Battle Trance+1","Bludgeon+1","hubris:Greed","Heavy Blade+1","hubris:Greed","hubris:Greed","Cleave+1","hubris:Greed","hubris:Greed","hubris:Greed","hubris:Greed","hubris:Greed","hubris:Greed","ReplayTheSpireMod:Faulty Equipment","Doubt","infinitespire:Starlight","hubris:Greed","hubris:Greed","hubris:Greed","hubris:Greed","hubris:Greed","hubris:Greed","hubris:Greed","hubris:Greed","Parasite","Fire Breathing+1","hubris:Greed","Double Tap","hubris:Greed","hubris:Greed","hubris:Greed","hubris:Sloth","hubris:Wrath","Injury","CommonCold","hubris:Greed","hubris:Greed","hubris:Greed","hubris:Greed","hubris:Greed","hubris:Greed","Normality","Normality","hubris:Greed","infinitespire:Pacifist","hubris:Greed","hubris:Greed","hubris:Greed","hubris:Greed","hubris:Greed","hubris:Greed","hubris:Greed","hubris:Greed","conspire:SpireCoStock","conspire:SpireCoStock","conspire:SpireCoStock","conspire:SpireCoStock","hubris:Greed","hubris:Greed","hubris:Greed","Delirium","hubris:Greed","hubris:Greed","hubris:Greed","hubris:Greed","hubris:Greed","hubris:Greed","hubris:DuctTapeCard","hubris:Despair","hubris:Greed","hubris:Greed","hubris:Greed","hubris:Greed","hubris:Greed","hubris:Envy","hubris:Greed","hubris:Greed","hubris:Greed","hubris:Greed","hubris:Greed","hubris:Greed","hubris:Greed","Massacre+1","Delirium","hubris:Disease","Anger","Replay:Hysterical Blindness","infinitespire:SealOfDarkness+","Replay:Hysterical Blindness","Limit Break+1","hubris:Greed","hubris:Greed","hubris:Wrath","hubris:Disease","ReplayTheSpireMod:Faulty Equipment","Decay","hubris:Greed","hubris:Greed","hubris:Greed","hubris:Greed","hubris:Greed","infinitespire:Collect","hubris:Greed","hubris:Greed","Replay:Hysterical Blindness","hubris:Greed","hubris:Greed","hubris:Greed","hubris:Greed","hubris:Greed","hubris:Greed","hubris:Greed","hubris:Greed","Pommel Strike","infinitespire:Collect","hubris:Greed","hubris:Greed","hubris:Greed","hubris:Greed","ReplayTheSpireMod:Restless Dread","Reaper+1","hubris:Greed","hubris:Greed","hubris:Greed","hubris:Lust","hubris:Greed","hubris:Greed","hubris:Greed","hubris:Greed","hubris:Greed","hubris:Greed","hubris:Greed","hubris:Greed","hubris:Greed","hubris:Greed","hubris:Greed","hubris:Greed","hubris:Greed","hubris:Greed","hubris:Greed","hubris:Greed","hubris:Greed","hubris:Greed","hubris:Greed","hubris:Greed","hubris:Greed","Sickly","hubris:Greed","hubris:Greed","hubris:Greed","hubris:Greed"],"relics":["Cursed Key","Darkstone Periapt","Du-Vu Doll","Replay:Wax Seal","Pocketwatch","hubris:SphereOfDissonance","Blood Vial","ReplayTheSpireMod:SealedPack","Shovel","Mirror","Replay:Ancient Bell","Bag of Preparation","hubris:DuctTape","infinitespire:Golems Mask","Ginger","Art of War","Sundial","StrikeDummy","hubris:HollowSoul","infinitespire:CursedDice","CeramicFish","Bronze Scales","Question Card","Blue Doll","Strawberry","hubris:ChampionShield","hubris:CrackedHourglass","Bag of Marbles","Sling","infinitespire:WardingShard","Quantum Egg","Vajra","conspire:SpecialSausage","Juzu Bracelet","infinitespire:ShieldingShard","Bottled Tornado","Charon\u0027s Ashes","conspire:Boomerang","Philosopher\u0027s Stone","hubris:DeckOfHolding","ReplayTheSpireMod:Ring of Exchange","Ring of Hypnosis","PreservedInsect","Tiny Chest","hubris:SlimyHat","Turnip","Eternal Feather","conspire:TreasureMap","CaptainsWheel","Pet Ghost","Replay:Arrowhead","Black Star","Smiling Mask","Lantern","Replay:Ringing Soul","SlaversCollar","hubris:Towel","Akabeko","hubris:CrystalStatue","ReplayTheSpireMod:Lightbulb","Replay:Towering Pillar of Hats","infinitespire:Magic Flask","Fusion Hammer","Simple Rune"],"acts_visited":["Exordium","TheCity","TheBeyond","Exordium","TheCity","TheBeyond","Exordium","TheCity","TheBeyond","Exordium"],"potions_floor_usage":[70],"damage_taken":[{"damage":0.0,"enemies":"2 Louse","floor":1.0,"turns":3.0},{"damage":0.0,"enemies":"Cultist","floor":3.0,"turns":2.0},{"damage":2.0,"enemies":"Jaw Worm","floor":7.0,"turns":2.0},{"damage":15.0,"enemies":"3 Sentries","floor":8.0,"turns":4.0},{"damage":0.0,"enemies":"Blue Slaver","floor":10.0,"turns":1.0},{"damage":0.0,"enemies":"Gremlin Nob","floor":12.0,"turns":2.0},{"damage":5.0,"enemies":"Gremlin Gang","floor":14.0,"turns":3.0},{"damage":36.0,"enemies":"The Guardian","floor":16.0,"turns":5.0},{"damage":11.0,"enemies":"2 Thieves","floor":18.0,"turns":2.0},{"damage":24.0,"enemies":"3 Byrds","floor":21.0,"turns":5.0},{"damage":13.0,"enemies":"Snecko","floor":22.0,"turns":3.0},{"damage":18.0,"enemies":"Slavers","floor":23.0,"turns":3.0},{"damage":14.0,"enemies":"Book of Stabbing","floor":25.0,"turns":2.0},{"damage":0.0,"enemies":"Centurion and Healer","floor":27.0,"turns":1.0},{"damage":0.0,"enemies":"Snake Plant","floor":28.0,"turns":1.0},{"damage":1.0,"enemies":"3 Cultists","floor":31.0,"turns":3.0},{"damage":39.0,"enemies":"Champ","floor":33.0,"turns":4.0},{"damage":25.0,"enemies":"3 Shapes","floor":35.0,"turns":3.0},{"damage":15.0,"enemies":"3 Darklings","floor":38.0,"turns":3.0},{"damage":175.0,"enemies":"Nightmare","floor":40.0,"turns":7.0},{"damage":34.0,"enemies":"4 Shapes","floor":41.0,"turns":2.0},{"damage":34.0,"enemies":"infinitespire:Three Voidlings","floor":44.0,"turns":3.0},{"damage":130.0,"enemies":"Nightmare_Alpha","floor":44.0,"turns":6.0},{"damage":55.0,"enemies":"Writhing Mass","floor":46.0,"turns":4.0},{"damage":42.0,"enemies":"Nemesis","floor":48.0,"turns":3.0},{"damage":32.0,"enemies":"hubris:GrandSnecko","floor":50.0,"turns":4.0},{"damage":0.0,"enemies":"Cultist","floor":52.0,"turns":1.0},{"damage":16.0,"enemies":"2 Louse","floor":54.0,"turns":2.0},{"damage":0.0,"enemies":"Lagavulin","floor":57.0,"turns":3.0},{"damage":0,"enemies":"Nightmare_Alpha","floor":59,"turns":1},{"damage":28,"enemies":"Small Slimes","floor":62,"turns":2},{"damage":0,"enemies":"Looter","floor":64,"turns":1},{"damage":16,"enemies":"Blue Slaver","floor":65,"turns":2},{"damage":0,"enemies":"Slime Boss","floor":67,"turns":1},{"damage":0,"enemies":"Chosen","floor":69,"turns":1},{"damage":90,"enemies":"3 Byrds","floor":71,"turns":5},{"damage":28,"enemies":"Centurion and Healer","floor":72,"turns":2},{"damage":0,"enemies":"Snake Plant","floor":73,"turns":1},{"damage":0,"enemies":"Snecko","floor":75,"turns":2},{"damage":36,"enemies":"Shelled Parasite and Fungi","floor":78,"turns":2},{"damage":0,"enemies":"Snake Plant","floor":82,"turns":1},{"damage":0,"enemies":"conspire:MysteriousRune","floor":84,"turns":1},{"damage":0,"enemies":"Orb Walker","floor":86,"turns":1},{"damage":24,"enemies":"3 Darklings","floor":90,"turns":2},{"damage":0,"enemies":"Nemesis","floor":92,"turns":1},{"damage":44,"enemies":"2 Orb Walkers","floor":93,"turns":3},{"damage":90,"enemies":"Reptomancer","floor":99,"turns":3},{"damage":45,"enemies":"Donu and Deca","floor":101,"turns":2},{"damage":0,"enemies":"Jaw Worm","floor":103,"turns":1},{"damage":70,"enemies":"conspire:MimicChest","floor":104,"turns":4},{"damage":15,"enemies":"2 Louse","floor":107,"turns":2},{"damage":24,"enemies":"3 Sentries","floor":108,"turns":2},{"damage":0,"enemies":"Gremlin Nob","floor":110,"turns":1},{"damage":22,"enemies":"3 Sentries","floor":112,"turns":2},{"damage":8,"enemies":"Cultist","floor":113,"turns":3},{"damage":0,"enemies":"The Guardian","floor":118,"turns":1},{"damage":0,"enemies":"Spheric Guardian","floor":120,"turns":2},{"damage":33,"enemies":"Shell Parasite","floor":121,"turns":2},{"damage":0,"enemies":"Masked Bandits","floor":122,"turns":1},{"damage":0,"enemies":"Nightmare","floor":125,"turns":2},{"damage":0,"enemies":"Snecko","floor":127,"turns":2},{"damage":88,"enemies":"Gremlin Leader","floor":129,"turns":4},{"damage":0,"enemies":"Book of Stabbing","floor":131,"turns":1},{"damage":0,"enemies":"Centurion and Healer","floor":132,"turns":2},{"damage":49,"enemies":"hubris:MusketHawk","floor":135,"turns":3},{"damage":20,"enemies":"Orb Walker","floor":137,"turns":2},{"damage":0,"enemies":"3 Shapes","floor":141,"turns":2},{"damage":0,"enemies":"Nightmare_Alpha","floor":144,"turns":2},{"damage":0,"enemies":"Giant Head","floor":146,"turns":2},{"damage":0,"enemies":"Mind Bloom Boss Battle","floor":147,"turns":2},{"damage":0,"enemies":"Nemesis","floor":148,"turns":1},{"damage":0,"enemies":"Maw","floor":150,"turns":1},{"damage":0,"enemies":"infinitespire:LordOfFortification","floor":152,"turns":1},{"damage":0,"enemies":"Cultist","floor":154,"turns":1},{"damage":0,"enemies":"2 Louse","floor":156,"turns":2},{"damage":27,"enemies":"Jaw Worm","floor":157,"turns":2}],"seed_played":"-6880109128669006551","potions_obtained":[{"floor":18.0,"key":"Elixir"},{"floor":28.0,"key":"Fire Potion"},{"floor":31.0,"key":"BloodPotion"},{"floor":57.0,"key":"AttackPotion"},{"floor":84,"key":"SpeedPotion"}],"is_trial":true,"path_per_floor":["M","?","M","$","T","R","M","E","T","M","R","E","R","M","R","B",null,"M","AVR","?","M","M","E","R","E","T","M","M","R","$","M","R","B",null,"M","$","?","M","?","NM","M","?","T","?","R","M","?","E","R","B",null,"M","AVR","M","?","?","E","R","NM","T","R","M","R","M","M","R","B",null,"M","$","M","M","M","R","M","R","T","M","?","R","$","M","R","B",null,"M","?","?","?","M","R","E","?","T","$","?","R","AVR","E","R","B",null,"M","?","?","$","M","E","R","E","T","E","M","$","R","?","R","B",null,"M","M","?","?","T","NM","R","M","T","E","$","E","M","AVR","R","B",null,"M","?","?","?","M","R","T","NM","T","E","?","E","R","M","R","B",null,"M","?","M","M","$"],"character_chosen":"IRONCLAD","items_purchased":["Replay:Wax Seal","Ginger","Bag of Marbles","Sling","Fruit Juice","Vajra","Replay:Arrowhead","Black Star"],"campfire_rested":0,"item_purchase_floors":[4,36,70,70,70,81,130,130],"current_hp_per_floor":[68,75,75,99,105,105,103,88,94,94,94,94,94,103,103,117,158,149,155,155,161,178,174,174,162,168,170,172,172,172,179,179,166,255,268,268,478,465,477,304,278,278,284,233,233,228,228,188,188,182,491,493,493,491,480,480,516,516,518,524,531,523,523,525,523,523,531,642,644,649,591,577,579,579,581,581,587,553,553,553,553,555,555,563,694,696,696,696,696,674,674,676,647,653,653,656,656,656,568,568,531,668,670,627,630,630,617,595,595,597,603,583,577,577,577,586,586,594,706,708,677,682,743,749,779,779,791,797,739,739,741,761,761,845,829,866,863,866,869,872,883,902,911,926,935,986,1031,1046,1046,1055,1055,1064,1064,1064,1038,1039,1013,1013,1013],"gold":27420,"neow_bonus":"","is_daily":false,"chose_seed":true,"campfire_upgraded":8,"win_rate":0.0,"timestamp":1614087681,"path_taken":["M","?","M","?","?","R","M","E","T","M","R","E","R","M","R","BOSS","M","AVR","?","M","M","E","R","E","T","?","M","R","$","M","R","BOSS","M","$","?","?","?","NM","M","?","T","?","R","M","?","E","R","BOSS","M","AVR","M","?","?","E","R","NM","T","R","M","R","M","M","R","BOSS","M","$","?","M","M","R","M","R","T","M","?","R","$","?","R","BOSS","M","?","?","?","?","R","E","?","T","$","?","R","AVR","E","R","BOSS","M","?","?","$","M","E","R","E","T","E","M","$","R","?","R","BOSS","M","M","?","?","?","NM","R","M","T","E","$","E","M","AVR","R","BOSS","M","?","?","?","M","R","?","NM","T","E","?","E","R","M","R","BOSS","M","?","M","M","$"],"items_purchased_type":["Relic","Relic","Relic","Relic","Potion","Relic","Relic","Relic"],"build_version":"2020-12-22","purchased_purges":7,"victory":false,"max_hp_per_floor":[75,75,75,99,105,105,105,105,111,111,111,111,111,123,123,171,171,171,177,177,195,213,225,225,225,231,231,231,231,231,237,237,261,279,315,315,525,525,537,537,543,516,522,522,522,570,570,570,570,594,594,594,594,606,606,606,630,630,630,636,643,661,661,661,673,673,679,679,679,684,714,726,726,726,726,726,732,732,732,732,732,732,732,738,738,738,738,738,738,738,738,738,738,744,744,707,707,707,707,707,713,713,713,725,725,725,725,725,725,725,731,731,731,731,731,737,737,743,743,743,743,743,743,749,779,779,791,797,827,827,827,845,845,845,878,878,893,893,893,893,902,902,911,926,935,986,1031,1046,1046,1055,1055,1064,1064,1064,1064,1064,1064,1064,1064],"card_choices":[{"not_picked":["Body Slam","hubris:ReadiedAction"],"picked":"Battle Trance","floor":1.0},{"not_picked":["Second Wind","True Grit"],"picked":"Bludgeon","floor":3.0},{"not_picked":["Dropkick","Carnage"],"picked":"Heavy Blade","floor":7.0},{"not_picked":["Demon Form","Feel No Pain","Clothesline"],"picked":"SKIP","floor":8.0},{"not_picked":["hubris:SharpeningStone","Shrug It Off","ReplayTheSpireMod:Strike From Hell"],"picked":"SKIP","floor":10.0},{"not_picked":["Replay:Undeath\u0027s Touch","ReplayTheSpireMod:Strike From Hell","Armaments"],"picked":"SKIP","floor":12.0},{"not_picked":["Flex","Havoc"],"picked":"Cleave","floor":14.0},{"not_picked":["Run Through","Havoc","Flex"],"picked":"SKIP","floor":18.0},{"not_picked":["ReplayTheSpireMod:??????????????????????","infinitespire:DeathsTouch"],"picked":"infinitespire:Starlight","floor":19.0},{"not_picked":["Sword Boomerang","ReplayTheSpireMod:Strike From Hell","Run Through"],"picked":"SKIP","floor":21.0},{"not_picked":["Battle Trance","Sword Boomerang","Flex"],"picked":"SKIP","floor":22.0},{"not_picked":["Battle Trance","Flex"],"picked":"Sword Boomerang","floor":22.0},{"not_picked":["Power Through+1","Cleave"],"picked":"Sword Boomerang+1","floor":23.0},{"not_picked":["Blood for Blood","Clash","Disarm+1"],"picked":"SKIP","floor":25.0},{"not_picked":["Feel No Pain","Anger","Replay:Undeath\u0027s Touch"],"picked":"SKIP","floor":27.0},{"not_picked":["Shockwave","Pommel Strike"],"picked":"Fire Breathing","floor":28.0},{"not_picked":["Anger+1","Sword Boomerang"],"picked":"Double Tap","floor":31.0},{"not_picked":["Writhe","Languid"],"picked":"hubris:Wrath","floor":34.0},{"not_picked":["Replay:Hysterical Blindness","Decay"],"picked":"Injury","floor":34.0},{"not_picked":["hubris:Disease","ReplayTheSpireMod:Restless Dread"],"picked":"CommonCold","floor":34.0},{"not_picked":["Warcry","Second Wind","Perfected Strike"],"picked":"SKIP","floor":35.0},{"not_picked":["Anger","Perfected Strike+1","Entrench"],"picked":"SKIP","floor":38.0},{"not_picked":["Replay:Undeath\u0027s Touch","Cleave+1","Thunderclap"],"picked":"SKIP","floor":40.0},{"not_picked":["Anger","Berserk","conspire:ExplosiveBarrier"],"picked":"SKIP","floor":41.0},{"not_picked":["ReplayTheSpireMod:Corrosion Curse","Warcry","Abandon"],"picked":"SKIP","floor":46.0},{"not_picked":["Wild Strike","Twin Strike","ReplayTheSpireMod:Strike From Hell"],"picked":"SKIP","floor":48.0},{"not_picked":["Pommel Strike","Run Through","Burning Pact"],"picked":"SKIP","floor":52.0},{"not_picked":["Cleave","Iron Wave","ReplayTheSpireMod:Strike From Hell"],"picked":"SKIP","floor":54.0},{"not_picked":["Replay:Undeath\u0027s Touch","Clothesline","conspire:HitWhereItHurts"],"picked":"SKIP","floor":57.0},{"not_picked":["Rupture","ReplayTheSpireMod:Stacked","hubris:StunningStrike"],"picked":"SKIP","floor":59},{"not_picked":["Searing Blow","Shrug It Off","Power Through","Havoc"],"picked":"SKIP","floor":62},{"not_picked":["ReplayTheSpireMod:Corrosion Curse","True Grit","Anger","Cleave"],"picked":"SKIP","floor":64},{"not_picked":["Evolve","Warcry","Life Link","Searing Blow"],"picked":"SKIP","floor":65},{"not_picked":["Twin Strike+1","conspire:Charge","ReplayTheSpireMod:Muscle Training","Intimidate"],"picked":"SKIP","floor":69},{"not_picked":["Warcry","Clash","Pommel Strike","Run Through"],"picked":"SKIP","floor":71},{"not_picked":["Dual Wield","hubris:CleavingFinish","Replay:Undeath\u0027s Touch"],"picked":"Massacre","floor":72},{"not_picked":["Shrug It Off","Thunderclap+1","Clash+1","True Grit"],"picked":"SKIP","floor":73},{"not_picked":["Sever Soul","Armaments","Iron Wave","Sword Boomerang"],"picked":"SKIP","floor":75},{"not_picked":["Dropkick","Shrug It Off","Heavy Blade","Barricade"],"picked":"SKIP","floor":78},{"not_picked":["Headbutt","Body Slam","Rupture","Twin Strike"],"picked":"SKIP","floor":82},{"not_picked":["Run Through+1","Rupture","conspire:ExplosiveBarrier+1","Clash"],"picked":"SKIP","floor":86},{"not_picked":["conspire:Charge","Iron Wave","Life Link","Cleave"],"picked":"SKIP","floor":90},{"not_picked":["Brutality","Headbutt","Replay:Undeath\u0027s Touch","hubris:CleavingFinish"],"picked":"SKIP","floor":92},{"not_picked":["Blood for Blood","Bludgeon","Heavy Blade+1","Warcry"],"picked":"SKIP","floor":99},{"not_picked":["Blood for Blood","Bludgeon","Heavy Blade+1","Warcry"],"picked":"SKIP","floor":99},{"not_picked":["Replay:Many Hands","Eclipse","Demon Form"],"picked":"Limit Break","floor":101},{"not_picked":["Searing Blow","conspire:ExplosiveBarrier","hubris:ReadiedAction","Perfected Strike"],"picked":"SKIP","floor":103},{"not_picked":["True Grit","Feel No Pain","Body Slam","Rampage"],"picked":"SKIP","floor":107},{"not_picked":["Spot Weakness","Replay:Undeath\u0027s Touch","Dark Embrace","Warcry"],"picked":"SKIP","floor":108},{"not_picked":["Twin Strike","Whirlwind","Perfected Strike","ReplayTheSpireMod:Strike From Hell"],"picked":"SKIP","floor":110},{"not_picked":["ReplayTheSpireMod:Strike From Hell","Thunderclap","Defy Death","Sword Boomerang"],"picked":"SKIP","floor":112},{"not_picked":["Juggernaut","Heavy Blade","Replay:Undeath\u0027s Touch","Body Slam"],"picked":"SKIP","floor":113},{"not_picked":["Dual Wield","ReplayTheSpireMod:Corrosion Curse","Feel No Pain","Dropkick+1"],"picked":"SKIP","floor":120},{"not_picked":["Twin Strike","True Grit","Perfected Strike","Replay:Undeath\u0027s Touch"],"picked":"SKIP","floor":121},{"not_picked":["ReplayTheSpireMod:Haul","hubris:Fate"],"picked":"infinitespire:Collect","floor":125},{"not_picked":["Thunderclap","Hemokinesis","Dark Embrace+1","Flame Barrier+1"],"picked":"SKIP","floor":125},{"not_picked":["Searing Blow","Body Slam","Iron Wave","Uppercut+1"],"picked":"SKIP","floor":127},{"not_picked":["Intimidate","Replay:Many Hands","Clash","ReplayTheSpireMod:Strike From Hell"],"picked":"SKIP","floor":129},{"not_picked":["Sword Boomerang","Dropkick","Rage","Headbutt"],"picked":"SKIP","floor":131},{"not_picked":["Body Slam","Ghostly Armor","ReplayTheSpireMod:Corrosion Curse"],"picked":"Pommel Strike","floor":132},{"not_picked":["Impervious","Brutality","conspire:HitWhereItHurts"],"picked":"Reaper","floor":135},{"not_picked":["Armaments","Body Slam","Thunderclap+1","Pommel Strike"],"picked":"SKIP","floor":137},{"not_picked":["Pummel","Pommel Strike","Carnage","Replay:Undeath\u0027s Touch"],"picked":"SKIP","floor":141},{"not_picked":["Clothesline+1","hubris:ReadiedAction+1","Demon Form","Reckless Charge"],"picked":"SKIP","floor":144},{"not_picked":["Anger","Bloodletting+1","conspire:ExplosiveBarrier","Dual Wield"],"picked":"SKIP","floor":146},{"not_picked":["Replay:Undeath\u0027s Touch","Perfected Strike","Twin Strike+1","True Grit"],"picked":"SKIP","floor":148},{"not_picked":["Iron Wave","Rampage+1","Ghostly Armor+1","Shrug It Off+1"],"picked":"SKIP","floor":150},{"not_picked":["Uppercut","ReplayTheSpireMod:Strike From Hell","Battle Trance","Twin Strike"],"picked":"SKIP","floor":154},{"not_picked":["Pommel Strike","Armaments","Spot Weakness","Rage"],"picked":"SKIP","floor":156},{"not_picked":["Evolve","Bludgeon","Havoc","Bloodletting"],"picked":"SKIP","floor":157}],"player_experience":492320,"relics_obtained":[{"floor":8.0,"key":"Pocketwatch"},{"floor":9.0,"key":"hubris:SphereOfDissonance"},{"floor":12.0,"key":"Blood Vial"},{"floor":26.0,"key":"Mirror"},{"floor":40.0,"key":"Art of War"},{"floor":43.0,"key":"Sundial"},{"floor":45.0,"key":"StrikeDummy"},{"floor":57.0,"key":"CeramicFish"},{"floor":58.0,"key":"Bronze Scales"},{"floor":59,"key":"Question Card"},{"floor":60,"key":"Blue Doll"},{"floor":61,"key":"Strawberry"},{"floor":66,"key":"hubris:ChampionShield"},{"floor":76,"key":"infinitespire:WardingShard"},{"floor":77,"key":"Quantum Egg"},{"floor":91,"key":"Juzu Bracelet"},{"floor":92,"key":"infinitespire:ShieldingShard"},{"floor":99,"key":"Charon\u0027s Ashes"},{"floor":100,"key":"conspire:Boomerang"},{"floor":104,"key":"hubris:DeckOfHolding"},{"floor":105,"key":"ReplayTheSpireMod:Ring of Exchange"},{"floor":105,"key":"Ring of Hypnosis"},{"floor":108,"key":"PreservedInsect"},{"floor":111,"key":"Tiny Chest"},{"floor":112,"key":"hubris:SlimyHat"},{"floor":115,"key":"Turnip"},{"floor":117,"key":"Eternal Feather"},{"floor":125,"key":"CaptainsWheel"},{"floor":129,"key":"Pet Ghost"},{"floor":131,"key":"Smiling Mask"},{"floor":131,"key":"Lantern"},{"floor":144,"key":"Akabeko"},{"floor":144,"key":"hubris:CrystalStatue"},{"floor":145,"key":"ReplayTheSpireMod:Lightbulb"},{"floor":147,"key":"Replay:Towering Pillar of Hats"},{"floor":148,"key":"infinitespire:Magic Flask"}],"event_choices":[{"damage_healed":7.0,"max_hp_gain":0.0,"max_hp_loss":0.0,"gold_gain":0.0,"event_name":"Wheel of Change","player_choice":"Full Heal","floor":2.0,"gold_loss":0.0,"damage_taken":0.0},{"cards_removed":["hubris:Greed"],"damage_healed":0.0,"max_hp_gain":0.0,"max_hp_loss":0.0,"gold_gain":0.0,"event_name":"Designer","player_choice":"Single Remove","floor":20.0,"gold_loss":75.0,"damage_taken":0.0},{"damage_healed":0.0,"max_hp_gain":0.0,"max_hp_loss":0.0,"gold_gain":999.0,"event_name":"MindBloom","player_choice":"Gold","floor":39.0,"gold_loss":0.0,"damage_taken":0.0,"cards_obtained":["Normality","Normality"]},{"damage_healed":0.0,"max_hp_gain":0.0,"max_hp_loss":27.0,"gold_gain":0.0,"event_name":"Winding Halls","player_choice":"Max HP","floor":42.0,"gold_loss":0.0,"damage_taken":0.0},{"damage_healed":0.0,"max_hp_gain":0.0,"max_hp_loss":0.0,"gold_gain":0.0,"event_name":"conspire:Investor","player_choice":"Invest 4","floor":47.0,"gold_loss":0.0,"damage_taken":0.0},{"damage_healed":0.0,"max_hp_gain":0.0,"max_hp_loss":0.0,"gold_gain":0.0,"event_name":"The Moai Head","player_choice":"Ignored","floor":49.0,"gold_loss":0.0,"damage_taken":0.0},{"damage_healed":0.0,"max_hp_gain":0.0,"max_hp_loss":0.0,"gold_gain":75.0,"event_name":"World of Goop","player_choice":"Gather Gold","floor":55.0,"gold_loss":0.0,"damage_taken":11.0},{"damage_healed":0.0,"max_hp_gain":0.0,"max_hp_loss":0.0,"gold_gain":0.0,"event_name":"Accursed Blacksmith","player_choice":"Forge","floor":56.0,"gold_loss":0.0,"damage_taken":0.0,"cards_upgraded":["Bash"]},{"cards_removed":["Defend_R"],"damage_healed":0,"gold_gain":0,"player_choice":"Purged","damage_taken":0,"max_hp_gain":0,"max_hp_loss":0,"event_name":"Purifier","floor":79,"gold_loss":0},{"damage_healed":0,"gold_gain":0,"player_choice":"Ignored","damage_taken":0,"max_hp_gain":0,"max_hp_loss":0,"event_name":"Tomb of Lord Red Mask","floor":88,"gold_loss":0},{"damage_healed":0,"gold_gain":0,"player_choice":"Fight","damage_taken":0,"max_hp_gain":0,"max_hp_loss":0,"event_name":"Mysterious Sphere","floor":93,"gold_loss":0},{"damage_healed":0,"gold_gain":0,"player_choice":"Max HP","damage_taken":0,"max_hp_gain":0,"max_hp_loss":37,"event_name":"Winding Halls","floor":96,"gold_loss":0},{"damage_healed":0,"gold_gain":0,"player_choice":"Fought Bandits","damage_taken":0,"max_hp_gain":0,"max_hp_loss":0,"event_name":"Masked Bandits","floor":122,"gold_loss":0},{"damage_healed":149,"gold_gain":0,"player_choice":"Heal","damage_taken":0,"max_hp_gain":0,"max_hp_loss":0,"event_name":"The Library","floor":123,"gold_loss":0},{"damage_healed":0,"gold_gain":0,"player_choice":"Upgraded","damage_taken":0,"max_hp_gain":0,"max_hp_loss":0,"event_name":"Upgrade Shrine","floor":139,"gold_loss":0,"cards_upgraded":["Reaper"]},{"damage_healed":0,"gold_gain":0,"player_choice":"Got Potions","damage_taken":0,"max_hp_gain":0,"max_hp_loss":0,"event_name":"Lab","floor":140,"gold_loss":0},{"damage_healed":0,"gold_gain":0,"player_choice":"Fight","damage_taken":0,"max_hp_gain":0,"max_hp_loss":0,"event_name":"MindBloom","floor":147,"gold_loss":0},{"damage_healed":0,"gold_gain":0,"player_choice":"Success","damage_taken":26,"relics_obtained":["Simple Rune"],"max_hp_gain":0,"max_hp_loss":0,"event_name":"Scrap Ooze","floor":155,"gold_loss":0}],"is_beta":false,"boss_relics":[{"not_picked":["conspire:RoyalGoblet","Fusion Hammer","Snecko Heart"]},{"not_picked":["conspire:SeveredTorchhead","Runic Dome"],"picked":"Replay:Ancient Bell"},{"not_picked":["Bag of Marbles","Anchor"],"picked":"Bag of Preparation"},{"not_picked":["Eternal Feather","Molten Egg 2"],"picked":"hubris:DuctTape"},{"not_picked":["Magic Flower","Counterbalance"],"picked":"infinitespire:Golems Mask"},{"not_picked":["Empty Cage","Coffee Dripper"],"picked":"hubris:HollowSoul"},{"not_picked":["Replay:Drink Me","Snecko Heart"],"picked":"hubris:CrackedHourglass"},{"not_picked":["Astrolabe","Ring of Chaos"],"picked":"conspire:SpecialSausage"},{"not_picked":["hubris:VirtuousBlindfold","Painkiller Herb"],"picked":"Philosopher\u0027s Stone"},{"not_picked":["Lee\u0027s Waffle","conspire:RoyalGoblet"],"picked":"conspire:TreasureMap"},{"not_picked":["infinitespire:Chaos","Mark of Pain"],"picked":"SlaversCollar"},{"not_picked":["HandDrill","Orrery"],"picked":"Fusion Hammer"}],"items_purged_floors":[19,30,44,53,81,95,133],"is_endless":true,"potions_floor_spawned":[1,3,10,18,22,27,28,31,35,40,44,44,57,65,67,72,73,75,78,84,92,99,101,103,110,112,121,122,129,131,132,135,144,146,150,152,156],"ascension_level":15}}