{"host":"ben","time":1614049269,"event":{"mods":["AchievementEnabler","BaseMod","Block Reminder","DeckTracker","Highlight Path","Minty Spire (QoL Compilation)","Permanent Neow","Relic Stats","StSLib"],"gold_per_floor":[213,213,230,249,18,18,50,50,129,142,175,186,220,237,237,309,309,326,326,326,343,25,51,51,51],"floor_reached":24,"language":"ENG","playtime":1968,"items_purged":[],"score":547,"play_id":"8245dba7-7600-4fb4-ae3c-ae344b3ccc7d","local_time":"20210222200109","is_ascension_mode":true,"campfire_choices":[{"data":"Finisher","floor":6,"key":"SMITH"},{"floor":8,"key":"REST"},{"data":"After Image","floor":15,"key":"SMITH"}],"circlet_count":0,"master_deck":["AscendersBane","Defend_G","Defend_G","Defend_G","Defend_G","Defend_G","Survivor","Neutralize","Blade Dance","Footwork","Finisher+1","Poisoned Stab","Dodge and Roll","Terror","Backflip","Riddle With Holes","After Image+1","Blur","A Thousand Cuts","Bite","Bite","Bite","Bite","Bite","RitualDagger","Well Laid Plans","Leg Sweep"],"relics":["Ring of the Snake","MealTicket","Akabeko","Shuriken","Art of War","Bag of Preparation","SlaversCollar","OrangePellets","Lantern"],"acts_visited":["Exordium","TheCity"],"potions_floor_usage":[7,14,21,23,23],"damage_taken":[{"damage":2,"enemies":"2 Louse","floor":1,"turns":3},{"damage":0,"enemies":"Small Slimes","floor":3,"turns":3},{"damage":5,"enemies":"Jaw Worm","floor":4,"turns":6},{"damage":29,"enemies":"3 Sentries","floor":7,"turns":11},{"damage":4,"enemies":"Looter","floor":10,"turns":4},{"damage":9,"enemies":"Gremlin Nob","floor":11,"turns":3},{"damage":0,"enemies":"2 Fungi Beasts","floor":12,"turns":2},{"damage":0,"enemies":"Lagavulin","floor":13,"turns":4},{"damage":11,"enemies":"3 Louse","floor":14,"turns":3},{"damage":7,"enemies":"Hexaghost","floor":16,"turns":11},{"damage":20,"enemies":"Shell Parasite","floor":18,"turns":7},{"damage":32,"enemies":"3 Byrds","floor":21,"turns":6},{"damage":16,"enemies":"Book of Stabbing","floor":23,"turns":6},{"damage":39,"enemies":"Cultist and Chosen","floor":24,"turns":5}],"seed_played":"106357118390479701","potions_obtained":[{"floor":1,"key":"Swift Potion"},{"floor":11,"key":"ColorlessPotion"},{"floor":12,"key":"Regen Potion"},{"floor":16,"key":"Poison Potion"},{"floor":21,"key":"Poison Potion"}],"is_trial":false,"path_per_floor":["M","?","M","M","$","R","E","R","T","M","E","M","E","M","R","B",null,"M","?","?","M","$","E","M"],"character_chosen":"THE_SILENT","items_purchased":["MealTicket","Poisoned Stab","OrangePellets","Well Laid Plans","Leg Sweep"],"campfire_rested":1,"item_purchase_floors":[5,5,22,22,22],"current_hp_per_floor":[57,50,50,45,45,45,16,35,35,31,22,22,22,11,11,4,51,31,31,25,15,30,24,0,0],"gold":51,"neow_bonus":"HUNDRED_GOLD","is_daily":false,"chose_seed":false,"campfire_upgraded":2,"win_rate":0.0,"timestamp":1614049269,"path_taken":["M","?","M","M","$","R","E","R","T","M","E","M","E","M","R","BOSS","M","?","?","M","$","E","M"],"items_purchased_type":["Relic","Card","Relic","Card","Card"],"build_version":"2020-12-18","purchased_purges":0,"victory":false,"max_hp_per_floor":[66,66,66,66,66,66,66,66,66,66,66,66,66,66,66,66,66,66,46,46,46,46,46,46,46],"relic_stats":{"OrangePellets":[2],"counters":[14,74],"Shuriken":[16],"MealTicket":15,"Art of War":[11],"Bag of Preparation":[12],"obtain_stats":[{"SlaversCollar":17,"OrangePellets":22,"Lantern":23,"Shuriken":9,"MealTicket":5,"Art of War":11,"Bag of Preparation":13,"Akabeko":7,"Ring of the Snake":0},{"SlaversCollar":10,"OrangePellets":12,"Lantern":13,"Shuriken":4,"MealTicket":3,"Art of War":6,"Bag of Preparation":8,"Akabeko":4,"Ring of the Snake":0},{"SlaversCollar":50,"OrangePellets":63,"Lantern":69,"Shuriken":23,"MealTicket":12,"Art of War":30,"Bag of Preparation":36,"Akabeko":23,"Ring of the Snake":0}],"Ring of the Snake":[28]},"card_choices":[{"not_picked":["Blur","Acrobatics"],"picked":"Blade Dance","floor":1},{"not_picked":["Reflex","Flying Knee"],"picked":"Footwork","floor":3},{"not_picked":["Poisoned Stab","Acrobatics"],"picked":"Finisher","floor":4},{"not_picked":["Calculated Gamble","Caltrops"],"picked":"Dodge and Roll","floor":7},{"not_picked":["Acrobatics","Catalyst"],"picked":"Terror","floor":10},{"not_picked":["Acrobatics","PiercingWail"],"picked":"Backflip","floor":11},{"not_picked":["Eviscerate","Terror"],"picked":"Riddle With Holes","floor":12},{"not_picked":["Cloak And Dagger","Reflex"],"picked":"After Image","floor":13},{"not_picked":["Deadly Poison","Outmaneuver"],"picked":"Blur","floor":14},{"not_picked":["Venomology","Doppelganger"],"picked":"A Thousand Cuts","floor":16},{"not_picked":["Crippling Poison","Expertise","Poisoned Stab"],"picked":"SKIP","floor":18},{"not_picked":["Caltrops","Bouncing Flask","Prepared"],"picked":"SKIP","floor":21},{"not_picked":["Bane+1","Well Laid Plans","Eviscerate"],"picked":"SKIP","floor":23}],"player_experience":7752549,"relics_obtained":[{"floor":7,"key":"Akabeko"},{"floor":9,"key":"Shuriken"},{"floor":11,"key":"Art of War"},{"floor":13,"key":"Bag of Preparation"},{"floor":23,"key":"Lantern"}],"event_choices":[{"cards_removed":["Strike_G"],"damage_healed":0,"gold_gain":0,"player_choice":"Card Removal","damage_taken":7,"max_hp_gain":0,"max_hp_loss":0,"event_name":"Golden Wing","floor":2,"gold_loss":0},{"damage_healed":0,"gold_gain":0,"player_choice":"Became a vampire","damage_taken":0,"max_hp_gain":0,"max_hp_loss":20,"event_name":"Vampires","floor":19,"gold_loss":0,"cards_obtained":["Bite","Bite","Bite","Bite","Bite"]},{"damage_healed":0,"gold_gain":0,"player_choice":"Joined the Cult","damage_taken":6,"max_hp_gain":0,"max_hp_loss":0,"event_name":"Nest","floor":20,"gold_loss":0,"cards_obtained":["RitualDagger"]}],"is_beta":true,"boss_relics":[{"not_picked":["Busted Crown","Astrolabe"],"picked":"SlaversCollar"}],"items_purged_floors":[],"is_endless":false,"potions_floor_spawned":[1,11,12,16,21],"killed_by":"Cultist and Chosen","ascension_level":20}}