{"host":"l8n56n8abrvcftzc","time":1614121263,"event":{"mods":["Act Like it!","Arknights","BaseMod","Better Note","Better Third Choice","Colored Map","DeckTracker","Googly Eyes","Highlight Path","Minty Spire (QoL Compilation)","Permanent Neow","Relic Stats","StSLib","SuperFastMode","Uncapped"],"gold_per_floor":[113,125,178,178,198,232,232,258,258,258,6,6,39,61,73,190,202,233,259,370,395,126,126,159,159,159,159,186,186,186,214,214,313,313,333,344,344,361,408,435,435,466,512,547,547,547,559,593,593,593,593,593,51,79,79],"floor_reached":56,"language":"ENG","playtime":5816,"items_purged":["ats:Defend","ats:Rapid Magazine+1","ats:Disruption Kick+1"],"score":1340,"play_id":"dbd78e9a-3c6d-4ff7-ae2e-ef7edf7eede7","local_time":"20210223150103","is_ascension_mode":true,"campfire_choices":[{"data":"ats:Hook Shot","floor":7.0,"key":"SMITH"},{"data":"ats:Phantom","floor":10.0,"key":"SMITH"},{"floor":12.0,"key":"REST"},{"data":"ats:Emotion Absorption","floor":15.0,"key":"SMITH"},{"data":"ats:Armor Crushing Shot","floor":23.0,"key":"SMITH"},{"floor":29.0,"key":"REST"},{"data":"ats:Sashimi Platter","floor":32.0,"key":"SMITH"},{"floor":41.0,"key":"RECALL"},{"data":"ats:Nebulous Foxfire","floor":45.0,"key":"SMITH"},{"data":"ats:Sunburst","floor":49,"key":"SMITH"},{"data":"ats:Support Order","floor":52,"key":"SMITH"}],"circlet_count":0,"master_deck":["ats:Armor Crushing Shot+1","ats:Emotion Absorption+1","ats:Hook Shot+1","ats:Sunburst+1","ats:Phantom+1","ats:Sashimi Platter+1","Sadistic Nature+1","ats:Ignite","ats:Fractured Body","ats:Collapsing Strike+1","ats:Steam Pump+1","Panache+1","ats:Part Time Job+1","ats:Nebulous Foxfire+1","ats:Consecutive Shot Auto","ats:Magnetic Hammer","ats:Magnetic Hammer","ats:Support Order+1","ats:Blood Oath","ats:Magnetic Hammer","ats:Chain Hook+1","ats:Very Hot Blade+1","ats:Thorns+1","ats:Apocalypse+1","ats:Demon Strength+1","Secret Weapon"],"relics":["ats:Sanity","Ancient Tea Set","Sundial","ats:Originium","Frozen Egg 2","Anchor","Bottled Tornado","MawBank","SlaversCollar","Bottled Flame","Thread and Needle","White Beast Statue","Vajra","Pantograph","Pandora\u0027s Box","Lizard Tail","ats:Bonebreaker","Bag of Marbles","Whetstone","ats:Industrial Water Cannon","Membership Card","CaptainsWheel","Boot"],"acts_visited":["Exordium","TheCity","TheBeyond","TheEnding"],"potions_floor_usage":[55,55],"damage_taken":[{"damage":3.0,"enemies":"Cultist","floor":1.0,"turns":4.0},{"damage":6.0,"enemies":"ats:Genji","floor":2.0,"turns":4.0},{"damage":0.0,"enemies":"Small Slimes","floor":5.0,"turns":2.0},{"damage":19.0,"enemies":"Lagavulin","floor":6.0,"turns":8.0},{"damage":40.0,"enemies":"Gremlin Nob","floor":8.0,"turns":5.0},{"damage":16.0,"enemies":"Lagavulin","floor":13.0,"turns":7.0},{"damage":0.0,"enemies":"Looter","floor":14.0,"turns":3.0},{"damage":55.0,"enemies":"Slime Boss","floor":16.0,"turns":8.0},{"damage":13.0,"enemies":"3 Byrds","floor":18.0,"turns":4.0},{"damage":14.0,"enemies":"Shell Parasite","floor":19.0,"turns":8.0},{"damage":37.0,"enemies":"Shelled Parasite and Fungi","floor":21.0,"turns":6.0},{"damage":38.0,"enemies":"Gremlin Leader","floor":24.0,"turns":6.0},{"damage":0.0,"enemies":"3 Cultists","floor":25.0,"turns":2.0},{"damage":22.0,"enemies":"Book of Stabbing","floor":28.0,"turns":5.0},{"damage":13.0,"enemies":"Gremlin Leader","floor":31.0,"turns":5.0},{"damage":60.0,"enemies":"Champ","floor":33.0,"turns":10.0},{"damage":5.0,"enemies":"Orb Walker","floor":35.0,"turns":4.0},{"damage":0.0,"enemies":"3 Darklings","floor":36.0,"turns":3.0},{"damage":25.0,"enemies":"Maw","floor":38.0,"turns":7.0},{"damage":29.0,"enemies":"2 Orb Walkers","floor":39.0,"turns":5.0},{"damage":29.0,"enemies":"Nemesis","floor":40.0,"turns":5.0},{"damage":36.0,"enemies":"Reptomancer","floor":42.0,"turns":5.0},{"damage":21.0,"enemies":"Giant Head","floor":44.0,"turns":8.0},{"damage":5,"enemies":"Sphere and 2 Shapes","floor":47,"turns":4},{"damage":6,"enemies":"Nemesis","floor":48,"turns":5},{"damage":36,"enemies":"Donu and Deca","floor":50,"turns":9},{"damage":18,"enemies":"Shield and Spear","floor":54,"turns":5},{"damage":142,"enemies":"The Heart","floor":55,"turns":9}],"seed_played":"7872964271735548921","potions_obtained":[{"floor":1.0,"key":"Weak Potion"},{"floor":2.0,"key":"Explosive Potion"},{"floor":5.0,"key":"ats:Top Emergency Sanity Potion"},{"floor":14.0,"key":"PowerPotion"},{"floor":16.0,"key":"ats:Burn Small Potion"},{"floor":18.0,"key":"Ancient Potion"},{"floor":19.0,"key":"Swift Potion"},{"floor":24.0,"key":"SmokeBomb"},{"floor":28.0,"key":"EntropicBrew"},{"floor":31.0,"key":"DistilledChaos"},{"floor":35.0,"key":"BlessingOfTheForge"},{"floor":36.0,"key":"FearPotion"},{"floor":40.0,"key":"Energy Potion"},{"floor":44.0,"key":"SkillPotion"}],"is_trial":false,"path_per_floor":["M","M","T","T","M","E","R","E","T","R","$","R","E","M","R","B",null,"M","M","?","M","$","R","E","M","T","?","E","R","T","E","R","B",null,"M","M","?","M","?","E","R","E","T","E","R","?","M","E","R","B",null,"R","$","E","B",null],"character_chosen":"DOCTOR_CLASS","items_purchased":["Sadistic Nature+1","Panache+1","Membership Card","CaptainsWheel","ats:Demon Strength+1","Secret Weapon","FairyPotion"],"campfire_rested":2,"item_purchase_floors":[11,22,53,53,53,53,53],"current_hp_per_floor":[69,63,63,63,63,62,62,32,32,32,32,53,55,60,60,25,72,61,64,64,44,44,44,11,18,18,18,17,38,38,39,39,47,72,67,72,72,68,54,61,61,47,47,70,70,70,72,72,72,72,72,72,72,72,31],"gold":79,"neow_bonus":"THREE_CARDS","is_daily":false,"chose_seed":false,"campfire_upgraded":8,"win_rate":0.0,"timestamp":1614121263,"path_taken":["M","M","?","?","?","E","R","E","T","R","?","R","E","M","R","BOSS","M","M","?","M","$","R","E","M","T","?","E","R","?","E","R","BOSS","M","M","?","?","?","E","R","E","T","E","R","?","M","E","R","BOSS","R","$","E","BOSS"],"items_purchased_type":["Card","Card","Relic","Relic","Card","Card","Potion"],"build_version":"2020-12-22","purchased_purges":3,"victory":true,"max_hp_per_floor":[72,72,72,72,72,72,72,72,72,72,72,72,72,72,72,72,72,72,72,72,72,72,72,72,72,72,72,72,72,72,72,72,72,72,72,72,72,72,72,72,72,72,72,72,72,72,72,72,72,72,72,72,72,72,72],"relic_stats":{"Lizard Tail":0,"counters":[28,156],"Sundial":[26],"Pantograph":25,"Pandora\u0027s Box":["ats:Disruption Kick","ats:Consecutive Shot Auto","ats:Magnetic Hammer","ats:Magnetic Hammer","ats:Support Order","ats:Blood Oath","ats:Magnetic Hammer"],"Whetstone":["ats:Collapsing Strike","ats:Disruption Kick"],"MawBank":108,"Boot":[0],"obtain_stats":[{"Vajra":30,"Thread and Needle":26,"Whetstone":44,"Frozen Egg 2":6,"Bottled Tornado":9,"Ancient Tea Set":3,"MawBank":13,"Boot":54,"White Beast Statue":28,"ats:Industrial Water Cannon":48,"SlaversCollar":17,"Anchor":8,"Bottled Flame":24,"Lizard Tail":39,"CaptainsWheel":53,"ats:Originium":6,"Sundial":4,"Pantograph":31,"Pandora\u0027s Box":34,"Bag of Marbles":42,"ats:Sanity":0,"Membership Card":53,"ats:Bonebreaker":40},{"Vajra":14,"Thread and Needle":13,"Whetstone":23,"Frozen Egg 2":4,"Bottled Tornado":5,"Ancient Tea Set":2,"MawBank":6,"Boot":27,"White Beast Statue":14,"ats:Industrial Water Cannon":25,"SlaversCollar":8,"Anchor":5,"Bottled Flame":12,"Lizard Tail":20,"CaptainsWheel":26,"ats:Originium":4,"Sundial":2,"Pantograph":15,"Pandora\u0027s Box":16,"Bag of Marbles":22,"ats:Sanity":0,"Membership Card":26,"ats:Bonebreaker":21},{"Vajra":72,"Thread and Needle":67,"Whetstone":124,"Frozen Egg 2":18,"Bottled Tornado":23,"Ancient Tea Set":8,"MawBank":30,"Boot":147,"White Beast Statue":72,"ats:Industrial Water Cannon":133,"SlaversCollar":41,"Anchor":23,"Bottled Flame":65,"Lizard Tail":106,"CaptainsWheel":142,"ats:Originium":18,"Sundial":8,"Pantograph":77,"Pandora\u0027s Box":87,"Bag of Marbles":116,"ats:Sanity":0,"Membership Card":142,"ats:Bonebreaker":111}]},"card_choices":[{"not_picked":["ats:Shell Defense","ats:Hammer On"],"picked":"ats:Hook Shot","floor":0.0},{"not_picked":["ats:Healing Drone","ats:Hammer On"],"picked":"ats:Sunburst","floor":1.0},{"not_picked":["ats:Poison Spread","ats:Assault Order"],"picked":"ats:Phantom","floor":2.0},{"not_picked":["ats:Guardian Obelisk","ats:Revitalization"],"picked":"ats:Sashimi Platter","floor":5.0},{"not_picked":["ats:Shadow Assault","ats:Apocalypse","ats:Sunburst"],"picked":"SKIP","floor":6.0},{"not_picked":["ats:Revitalization","ats:Powerful Strike"],"picked":"ats:Support Order","floor":8.0},{"not_picked":["ats:Poison Spread","ats:Leaping Hammer"],"picked":"ats:Ignite","floor":13.0},{"not_picked":["ats:Hammer On","ats:Literary Storm"],"picked":"ats:Rapid Magazine+1","floor":14.0},{"not_picked":["ats:Disruption Kick","ats:Shadow Assault"],"picked":"ats:Fractured Body","floor":16.0},{"not_picked":["ats:Closed Bolt Burst Fire","ats:Assault Order","ats:Revitalization"],"picked":"SKIP","floor":18.0},{"not_picked":["ats:Explosion Area Strengthen+1","ats:Leaping Hammer"],"picked":"ats:Collapsing Strike","floor":19.0},{"not_picked":["ats:Dogmatic Field+1","ats:Poison Spread"],"picked":"ats:Steam Pump+1","floor":21.0},{"not_picked":["ats:Healing Drone","ats:Nebulous Foxfire"],"picked":"ats:Part Time Job+1","floor":24.0},{"not_picked":["ats:Thermite Blade","ats:Closed Bolt Burst Fire","ats:Hammer On"],"picked":"SKIP","floor":28.0},{"not_picked":["ats:Curse Doll","ats:Guardian Obelisk","ats:Assault Order"],"picked":"SKIP","floor":31.0},{"not_picked":["ats:Dogmatic Field+1","ats:Roar Of Ursus+1"],"picked":"ats:Nebulous Foxfire","floor":33.0},{"not_picked":["ats:Cat Scratch","ats:Composite Medical Shells+1","ats:Leaping Hammer+1"],"picked":"SKIP","floor":35.0},{"not_picked":["ats:Guard Mode+1","ats:LN2 Cannon+1","ats:Cat Scratch+1"],"picked":"SKIP","floor":36.0},{"not_picked":["ats:Steam Pump+1","ats:Apocalypse","ats:Poison Spread"],"picked":"SKIP","floor":38.0},{"not_picked":["ats:Hammer On","ats:Blood Oath"],"picked":"ats:Chain Hook+1","floor":39.0},{"not_picked":["ats:Blood Oath","ats:Collapsing Strike","ats:Neurotoxin+1"],"picked":"SKIP","floor":40.0},{"not_picked":["ats:Shell Defense+1","ats:Sunburst"],"picked":"ats:Very Hot Blade+1","floor":42.0},{"not_picked":["ats:Neurotoxin+1","ats:Flexible Camouflage+1","ats:Guard Mode"],"picked":"SKIP","floor":44.0},{"not_picked":["ats:Hammer On","ats:LN2 Cannon+1"],"picked":"ats:Thorns+1","floor":47},{"not_picked":["ats:Dogmatic Field+1","ats:Cat Scratch"],"picked":"ats:Apocalypse+1","floor":48},{"not_picked":["ats:Charging Defense+1","ats:Collapsing Strike","ats:Blood Oath+1"],"picked":"SKIP","floor":54}],"player_experience":801753,"relics_obtained":[{"floor":3.0,"key":"Ancient Tea Set"},{"floor":4.0,"key":"Sundial"},{"floor":6.0,"key":"ats:Originium"},{"floor":6.0,"key":"Frozen Egg 2"},{"floor":8.0,"key":"ats:Originium"},{"floor":8.0,"key":"Anchor"},{"floor":9.0,"key":"Bottled Tornado"},{"floor":13.0,"key":"ats:Originium"},{"floor":13.0,"key":"MawBank"},{"floor":24.0,"key":"ats:Originium"},{"floor":24.0,"key":"Bottled Flame"},{"floor":26.0,"key":"Thread and Needle"},{"floor":28.0,"key":"White Beast Statue"},{"floor":30.0,"key":"Vajra"},{"floor":31.0,"key":"Pantograph"},{"floor":39.0,"key":"Lizard Tail"},{"floor":40.0,"key":"ats:Bonebreaker"},{"floor":42.0,"key":"Bag of Marbles"},{"floor":44.0,"key":"Whetstone"},{"floor":48,"key":"ats:Industrial Water Cannon"},{"floor":54,"key":"Boot"}],"event_choices":[{"damage_healed":0.0,"max_hp_gain":0.0,"max_hp_loss":0.0,"gold_gain":99.0,"event_name":"betterThird:BetterNest","player_choice":"Steal","floor":20.0,"gold_loss":0.0,"damage_taken":0.0},{"damage_healed":0.0,"max_hp_gain":0.0,"max_hp_loss":0.0,"gold_gain":0.0,"event_name":"Vampires","player_choice":"Ignored","floor":27.0,"gold_loss":0.0,"damage_taken":0.0},{"cards_removed":["ats:Support Order"],"damage_healed":0.0,"max_hp_gain":0.0,"max_hp_loss":0.0,"gold_gain":0.0,"event_name":"Bonfire Elementals","player_choice":"Offered Uncommon","floor":37.0,"gold_loss":0.0,"damage_taken":0.0},{"damage_healed":0.0,"max_hp_gain":0.0,"max_hp_loss":0.0,"gold_gain":0.0,"event_name":"Mysterious Sphere","player_choice":"Fight","floor":39.0,"gold_loss":0.0,"damage_taken":0.0},{"damage_healed":0,"gold_gain":0,"player_choice":"Ignored","damage_taken":0,"max_hp_gain":0,"max_hp_loss":0,"event_name":"Tomb of Lord Red Mask","floor":46,"gold_loss":0}],"is_beta":false,"boss_relics":[{"not_picked":["Tiny House","Coffee Dripper"],"picked":"SlaversCollar"},{"not_picked":["ats:Sanity Plus","Astrolabe"],"picked":"Pandora\u0027s Box"}],"items_purged_floors":[11,22,53],"is_endless":false,"potions_floor_spawned":[1,2,5,14,16,18,19,24,28,31,33,35,36,38,39,40,42,44,47,48,54],"ascension_level":1}}