{"host":"ju1b3c4x8n2jtjm7","time":1614105070,"event":{"mods":["AchievementEnabler","BaseMod","Colored Map","Colored Powertips","DeckTracker","Highlight Path","Minty Spire (QoL Compilation)","Quick Restart","Rare Cards Sparkle","Relic Stats","StSLib"],"gold_per_floor":[114,79,96,96,96,127,29,29,29,61,80,80,95,130,142,251,263,262,199,223,245,267,279,316,328,340,352,364,376,416,440,452,561,573,596,66,86,86,86,86,116,116,197,54,65,85,104,4,4,4,4,4,4,33,33,33],"floor_reached":55,"language":"ENG","playtime":5215,"items_purged":["Pain","Blade Dance"],"score":1270,"play_id":"f60cdb26-4405-46bd-83d7-41cba0a4826c","local_time":"20210223193110","is_ascension_mode":true,"campfire_choices":[{"data":"Footwork","floor":8.0,"key":"SMITH"},{"data":"Storm of Steel","floor":12.0,"key":"SMITH"},{"floor":15.0,"key":"REST"},{"data":"Bullet Time","floor":23.0,"key":"SMITH"},{"data":"Concentrate","floor":25.0,"key":"SMITH"},{"data":"Night Terror","floor":27.0,"key":"SMITH"},{"data":"Footwork","floor":32.0,"key":"SMITH"},{"data":"Bullet Time","floor":40.0,"key":"SMITH"},{"data":"Malaise","floor":42.0,"key":"SMITH"},{"floor":49.0,"key":"RECALL"},{"data":"Accuracy","floor":52.0,"key":"SMITH"}],"circlet_count":0,"master_deck":["AscendersBane","Survivor","Neutralize","Malaise+1","Quick Slash","Deflect","Storm of Steel+1","Footwork+1","Deflect","Acrobatics","Leg Sweep","Dagger Spray+1","Venomology","Dash","Deflect","Night Terror+1","Backstab","Predator+1","Bullet Time+1","Distraction","Concentrate+1","Noxious Fumes","Underhanded Strike+1","Reflex+1","Corpse Explosion","Footwork+1","Reflex","Bullet Time+1","Blur","Accuracy+1","Reflex","Deflect","Backflip+1","Terror"],"relics":["Ring of the Snake","Potion Belt","Shuriken","Ninja Scroll","MawBank","Pandora\u0027s Box","Du-Vu Doll","WarpedTongs","PreservedInsect","WristBlade","ClockworkSouvenir","Nunchaku","Whetstone","HornCleat","Chemical X","Mummified Hand"],"acts_visited":["Exordium","TheCity","TheBeyond","TheEnding"],"potions_floor_usage":[55,55,55,55,55,55,55,55],"damage_taken":[{"damage":3.0,"enemies":"2 Louse","floor":1.0,"turns":4.0},{"damage":0.0,"enemies":"Small Slimes","floor":3.0,"turns":3.0},{"damage":41.0,"enemies":"3 Sentries","floor":6.0,"turns":14.0},{"damage":0.0,"enemies":"Lagavulin","floor":10.0,"turns":7.0},{"damage":0.0,"enemies":"Jaw Worm","floor":11.0,"turns":5.0},{"damage":0.0,"enemies":"Exordium Wildlife","floor":13.0,"turns":5.0},{"damage":35.0,"enemies":"Gremlin Nob","floor":14.0,"turns":5.0},{"damage":16.0,"enemies":"The Guardian","floor":16.0,"turns":13.0},{"damage":4.0,"enemies":"2 Thieves","floor":18.0,"turns":4.0},{"damage":0.0,"enemies":"Spheric Guardian","floor":20.0,"turns":3.0},{"damage":0.0,"enemies":"Cultist and Chosen","floor":21.0,"turns":7.0},{"damage":0.0,"enemies":"Snecko","floor":22.0,"turns":6.0},{"damage":0.0,"enemies":"Gremlin Leader","floor":24.0,"turns":4.0},{"damage":24.0,"enemies":"Book of Stabbing","floor":30.0,"turns":5.0},{"damage":1.0,"enemies":"Shelled Parasite and Fungi","floor":31.0,"turns":4.0},{"damage":17.0,"enemies":"Automaton","floor":33.0,"turns":8.0},{"damage":14.0,"enemies":"3 Darklings","floor":35.0,"turns":6.0},{"damage":4.0,"enemies":"Orb Walker","floor":37.0,"turns":2.0},{"damage":0.0,"enemies":"Reptomancer","floor":41.0,"turns":2.0},{"damage":0.0,"enemies":"Maw","floor":45.0,"turns":6.0},{"damage":0.0,"enemies":"Writhing Mass","floor":46.0,"turns":6.0},{"damage":0.0,"enemies":"4 Shapes","floor":47.0,"turns":4.0},{"damage":9.0,"enemies":"Time Eater","floor":50.0,"turns":17.0},{"damage":44.0,"enemies":"Shield and Spear","floor":54.0,"turns":7.0},{"damage":38,"enemies":"The Heart","floor":55,"turns":12}],"seed_played":"-7772258445863026303","potions_obtained":[{"floor":3.0,"key":"Swift Potion"},{"floor":6.0,"key":"CultistPotion"},{"floor":16.0,"key":"Swift Potion"},{"floor":33.0,"key":"SpeedPotion"},{"floor":41.0,"key":"GhostInAJar"},{"floor":47.0,"key":"CunningPotion"}],"is_trial":false,"path_per_floor":["M","?","M","?","?","E","$","R","T","E","M","R","M","E","R","B",null,"M","?","M","M","M","R","E","R","T","R","?","?","E","M","R","B",null,"M","$","M","?","$","R","E","R","T","$","M","M","M","$","R","B",null,"R","$","E","B"],"character_chosen":"THE_SILENT","items_purchased":["FairyPotion","ClockworkSouvenir","Nunchaku","Accuracy","Reflex","Deflect","Chemical X"],"campfire_rested":1,"item_purchase_floors":[7,36,36,36,36,36,44],"current_hp_per_floor":[42,59,59,59,64,23,23,23,23,23,23,23,23,22,44,28,63,59,59,59,59,59,59,59,59,59,59,59,59,35,34,34,32,64,50,50,46,46,46,46,46,46,46,46,46,46,46,46,46,37,66,66,66,22,0,0],"gold":33,"neow_bonus":"THREE_RARE_CARDS","is_daily":false,"chose_seed":false,"campfire_upgraded":9,"win_rate":0.0,"timestamp":1614105070,"path_taken":["M","?","M","?","?","E","?","R","T","E","?","R","M","E","R","BOSS","M","?","M","M","M","R","E","R","T","R","?","?","E","?","R","BOSS","M","$","M","?","?","R","E","R","T","?","M","M","M","$","R","BOSS","R","$","E","BOSS"],"items_purchased_type":["Potion","Relic","Relic","Card","Card","Card","Relic"],"build_version":"2020-12-22","purchased_purges":2,"victory":false,"max_hp_per_floor":[70,70,70,70,75,75,75,75,75,75,75,75,75,75,75,75,75,75,75,75,75,75,75,75,75,75,75,75,75,75,75,75,75,75,75,75,75,75,75,75,75,75,75,75,75,75,75,75,75,75,75,75,75,75,75,75],"relic_stats":{"Nunchaku":[12],"counters":[25,159],"Shuriken":[73],"Mummified Hand":[5],"Pandora\u0027s Box":["Dash","Deflect","Night Terror","Dagger Throw","Backstab","Predator","Bullet Time","Distraction","Concentrate"],"PreservedInsect":139,"Whetstone":["Dagger Spray","Predator"],"Chemical X":[12],"MawBank":264,"obtain_stats":[{"Potion Belt":6,"PreservedInsect":30,"Whetstone":41,"MawBank":14,"WarpedTongs":29,"ClockworkSouvenir":36,"Du-Vu Doll":24,"Nunchaku":36,"HornCleat":43,"WristBlade":34,"Shuriken":9,"Ninja Scroll":10,"Mummified Hand":54,"Pandora\u0027s Box":17,"Chemical X":44,"Ring of the Snake":0},{"Potion Belt":3,"PreservedInsect":14,"Whetstone":19,"MawBank":7,"WarpedTongs":13,"ClockworkSouvenir":17,"Du-Vu Doll":13,"Nunchaku":17,"HornCleat":19,"WristBlade":16,"Shuriken":3,"Ninja Scroll":4,"Mummified Hand":24,"Pandora\u0027s Box":8,"Chemical X":19,"Ring of the Snake":0},{"Potion Belt":21,"PreservedInsect":85,"Whetstone":107,"MawBank":43,"WarpedTongs":80,"ClockworkSouvenir":103,"Du-Vu Doll":80,"Nunchaku":103,"HornCleat":107,"WristBlade":97,"Shuriken":21,"Ninja Scroll":28,"Mummified Hand":147,"Pandora\u0027s Box":56,"Chemical X":107,"Ring of the Snake":0}],"Ring of the Snake":[50],"WarpedTongs":[77]},"card_choices":[{"not_picked":["Adrenaline","Doppelganger"],"picked":"Malaise","floor":0.0},{"not_picked":["Bane","Distraction"],"picked":"Quick Slash","floor":1.0},{"not_picked":["Slice","Dodge and Roll"],"picked":"Deflect","floor":3.0},{"not_picked":["Storm of Steel","Escape Plan"],"picked":"Footwork","floor":6.0},{"not_picked":["Infinite Blades","Outmaneuver"],"picked":"Deflect","floor":10.0},{"not_picked":["Flying Knee","Masterful Stab"],"picked":"Acrobatics","floor":11.0},{"not_picked":["Prepared","Underhanded Strike"],"picked":"Leg Sweep","floor":13.0},{"not_picked":["Choke","Poisoned Stab"],"picked":"Dagger Spray","floor":14.0},{"not_picked":["Burst","Tools of the Trade"],"picked":"Venomology","floor":16.0},{"not_picked":["Sucker Punch","Backflip"],"picked":"Noxious Fumes","floor":18.0},{"not_picked":["Flying Knee","Choke"],"picked":"Underhanded Strike+1","floor":20.0},{"not_picked":["Dagger Spray","Dagger Throw"],"picked":"Reflex+1","floor":21.0},{"not_picked":["Leg Sweep","Underhanded Strike"],"picked":"Blade Dance","floor":22.0},{"not_picked":["Acrobatics","Flying Knee"],"picked":"Corpse Explosion","floor":24.0},{"not_picked":["Deadly Poison","Heel Hook+1"],"picked":"Footwork","floor":30.0},{"not_picked":["Endless Agony","Deadly Poison"],"picked":"Reflex","floor":31.0},{"not_picked":["Doppelganger","Night Terror"],"picked":"Bullet Time","floor":33.0},{"not_picked":["Sucker Punch","Bane"],"picked":"Blur","floor":35.0},{"not_picked":["Dagger Spray","Quick Slash","Sucker Punch"],"picked":"SKIP","floor":37.0},{"not_picked":["Dash","Bane+1"],"picked":"Backflip+1","floor":41.0},{"not_picked":["Dagger Throw","Infinite Blades"],"picked":"Terror","floor":45.0},{"not_picked":["Deadly Poison","Backflip","Cloak And Dagger"],"picked":"SKIP","floor":46.0},{"not_picked":["Die Die Die","Flying Knee","Distraction+1"],"picked":"SKIP","floor":47.0},{"not_picked":["Die Die Die","Flying Knee","Distraction+1"],"picked":"SKIP","floor":47.0},{"not_picked":["Dagger Throw","Quick Slash","Dagger Spray"],"picked":"SKIP","floor":54.0}],"player_experience":492543,"relics_obtained":[{"floor":6.0,"key":"Potion Belt"},{"floor":9.0,"key":"Shuriken"},{"floor":10.0,"key":"Ninja Scroll"},{"floor":14.0,"key":"MawBank"},{"floor":24.0,"key":"Du-Vu Doll"},{"floor":30.0,"key":"PreservedInsect"},{"floor":41.0,"key":"Whetstone"},{"floor":43.0,"key":"HornCleat"},{"floor":54.0,"key":"Mummified Hand"}],"event_choices":[{"damage_healed":17.0,"max_hp_gain":0.0,"max_hp_loss":0.0,"gold_gain":0.0,"event_name":"The Cleric","player_choice":"Healed","floor":2.0,"gold_loss":35.0,"damage_taken":0.0},{"damage_healed":0.0,"max_hp_gain":0.0,"max_hp_loss":0.0,"gold_gain":0.0,"cards_transformed":["Defend_G"],"event_name":"Living Wall","player_choice":"Change","floor":4.0,"gold_loss":0.0,"damage_taken":0.0,"cards_obtained":["Storm of Steel"]},{"damage_healed":0.0,"max_hp_gain":5.0,"max_hp_loss":0.0,"gold_gain":0.0,"event_name":"Big Fish","player_choice":"Donut","floor":5.0,"gold_loss":0.0,"damage_taken":0.0},{"cards_removed":["Dagger Throw"],"damage_healed":0.0,"max_hp_gain":0.0,"max_hp_loss":0.0,"gold_gain":0.0,"event_name":"Beggar","player_choice":"Gave Gold","floor":19.0,"gold_loss":75.0,"damage_taken":0.0},{"damage_healed":0.0,"max_hp_gain":0.0,"max_hp_loss":0.0,"gold_gain":0.0,"event_name":"Ghosts","player_choice":"Ignored","floor":28.0,"gold_loss":0.0,"damage_taken":0.0},{"damage_healed":0.0,"max_hp_gain":0.0,"max_hp_loss":0.0,"gold_gain":0.0,"event_name":"Accursed Blacksmith","player_choice":"Rummage","floor":29.0,"gold_loss":0.0,"damage_taken":0.0,"relics_obtained":["WarpedTongs"],"cards_obtained":["Pain"]},{"damage_healed":0.0,"max_hp_gain":0.0,"max_hp_loss":0.0,"gold_gain":0.0,"event_name":"Match and Keep!","player_choice":"0 cards matched","floor":38.0,"gold_loss":0.0,"damage_taken":0.0,"cards_obtained":[]}],"is_beta":false,"boss_relics":[{"not_picked":["SlaversCollar","Runic Dome"],"picked":"Pandora\u0027s Box"},{"not_picked":["Empty Cage","Philosopher\u0027s Stone"],"picked":"WristBlade"}],"items_purged_floors":[36,48],"is_endless":false,"potions_floor_spawned":[3,6,16,24,31,33,41,47],"killed_by":"The Heart","ascension_level":12}}