{"host":"1mv6gj0zv8k9e9tz","time":1614072779,"event":{"mods":["AchievementEnabler","BaseMod","Better Third Choice","Colored Map","DeckTracker","Highlight Path","KOR Keyword Fix","Keyboard Shortcuts","Minty Spire (QoL Compilation)","Permanent Neow","Quick Restart","Rare Cards Sparkle","StSLib","SuperFastMode","everything is the same but u backflip on backflip"],"gold_per_floor":[114,114,131,145,164,164,179,179,179,65,65,65,98,115,115,115,115],"floor_reached":16,"language":"KOR","playtime":373,"items_purged":["Strike_B"],"score":248,"play_id":"bd976502-df70-4749-915f-b82bd76e7fc6","local_time":"20210223183259","is_ascension_mode":true,"campfire_choices":[{"data":"Sunder","floor":6.0,"key":"SMITH"},{"data":"Genetic Algorithm","floor":8.0,"key":"SMITH"},{"data":"Hyperbeam","floor":11.0,"key":"SMITH"},{"data":"Hologram","floor":15,"key":"SMITH"}],"circlet_count":0,"master_deck":["AscendersBane","Strike_B","Strike_B","Strike_B","Defend_B","Defend_B","Defend_B","Defend_B","Zap","Dualcast","Hyperbeam+1","Hologram+1","Sunder+1","Hologram","Hyperbeam","Genetic Algorithm+1","Rebound","Buffer+1","Self Repair","Fission+1","Aggregate+1"],"relics":["Cracked Core","Toxic Egg 2"],"acts_visited":["Exordium"],"potions_floor_usage":[13,16],"damage_taken":[{"damage":0.0,"enemies":"Small Slimes","floor":1.0,"turns":1.0},{"damage":0.0,"enemies":"Cultist","floor":3.0,"turns":3.0},{"damage":0.0,"enemies":"2 Louse","floor":4.0,"turns":2.0},{"damage":17.0,"enemies":"Exordium Thugs","floor":5.0,"turns":4.0},{"damage":21.0,"enemies":"Large Slime","floor":7.0,"turns":5.0},{"damage":0,"enemies":"Lagavulin","floor":13,"turns":5},{"damage":0,"enemies":"3 Louse","floor":14,"turns":1},{"damage":22,"enemies":"Hexaghost","floor":16,"turns":9}],"seed_played":"9196149944816942804","potions_obtained":[{"floor":3.0,"key":"SmokeBomb"},{"floor":5.0,"key":"EssenceOfDarkness"},{"floor":14,"key":"Weak Potion"}],"is_trial":false,"path_per_floor":["M","?","M","M","M","R","M","R","T","$","R","?","E","M","R","B"],"character_chosen":"DEFECT","items_purchased":["Self Repair"],"campfire_rested":0,"item_purchase_floors":[10],"current_hp_per_floor":[64,64,64,64,47,47,26,26,26,26,26,26,33,33,33,11,11],"gold":115,"neow_bonus":"THREE_RARE_CARDS","is_daily":false,"chose_seed":false,"campfire_upgraded":4,"win_rate":0.0,"timestamp":1614072779,"path_taken":["M","?","M","M","M","R","M","R","T","?","R","?","E","M","R","BOSS"],"items_purchased_type":["Card"],"build_version":"2020-12-22","purchased_purges":1,"victory":false,"max_hp_per_floor":[64,64,64,64,64,64,64,64,64,64,64,64,64,64,64,64,64],"card_choices":[{"not_picked":["Echo Form","Buffer"],"picked":"Hyperbeam","floor":0.0},{"not_picked":["Coolheaded","Conserve Battery"],"picked":"Hologram","floor":1.0},{"not_picked":["Scrape","Coolheaded","Multi-Cast"],"picked":"SKIP","floor":3.0},{"not_picked":["Redo","Coolheaded"],"picked":"Genetic Algorithm","floor":4.0},{"not_picked":["Leap","Ball Lightning"],"picked":"Rebound","floor":5.0},{"not_picked":["Leap","Doom and Gloom"],"picked":"Buffer","floor":7.0},{"not_picked":["Loop","Beam Cell"],"picked":"Fission+1","floor":13},{"not_picked":["Self Repair","Defragment"],"picked":"Aggregate+1","floor":14}],"player_experience":658836,"relics_obtained":[{"floor":13,"key":"Toxic Egg 2"}],"event_choices":[{"damage_healed":0.0,"max_hp_gain":0.0,"max_hp_loss":0.0,"gold_gain":0.0,"event_name":"Match and Keep!","player_choice":"3 cards matched","floor":2.0,"gold_loss":0.0,"damage_taken":0.0,"cards_obtained":["Sunder","Hologram","Hyperbeam"]},{"damage_healed":0.0,"max_hp_gain":0.0,"max_hp_loss":0.0,"gold_gain":0.0,"event_name":"Match and Keep!","player_choice":"3 cards matched","floor":2.0,"gold_loss":0.0,"damage_taken":0.0,"cards_obtained":["Sunder","Hologram","Hyperbeam"]},{"damage_healed":0.0,"max_hp_gain":0.0,"max_hp_loss":0.0,"gold_gain":0.0,"event_name":"Accursed Blacksmith","player_choice":"Forge","floor":12.0,"gold_loss":0.0,"damage_taken":0.0,"cards_upgraded":["Buffer"]}],"is_beta":false,"boss_relics":[],"items_purged_floors":[10],"is_endless":false,"potions_floor_spawned":[3,5,14],"killed_by":"Hexaghost","ascension_level":19}}