{"host":"rdkn868dy8jmb7gs","time":1614078093,"event":{"mods":["Act Like it!","Arknights","BaseMod","BetterRewards","Colored Map","Colored Powertips","Custom Start","Gensokyo","Hubris","Marisa£®ÏF”Í°°ƒß¿Ì…≥£©","Minty Spire (QoL Compilation)","Reimu£®≤©¿ˆ¡È√Œ£©","Remilia£®¿Ÿ√◊¿Ú—«£©","Replay The Spire","Spicy Shops","StSLib","The Servant 0.9.4","Youmu£®ªÍ∆«—˝√Œ£©","°æ“≈ŒÔø®≈∆°øREMEMod","ÛÙª÷∏ƒœ"],"gold_per_floor":[119,156,156,165,192,230,230,270,270,310,329,349,391,417,417,497,497,512,559,570,0,9,83,83,101,125,165,165,202,243,283,283,356,356,396,396,414,436,445,445,485,12,58,132,144,37,79,106,106,106,106,106,13,57,57],"floor_reached":56,"language":"ZHS","playtime":2941,"items_purged":["Pride","ats:Strike V","ats:Strike S"],"score":3048,"play_id":"d63caed1-5339-48c4-a766-7fe163a231ad","local_time":"20210223190133","is_ascension_mode":true,"campfire_choices":[{"data":"REME_TwoStrings","floor":7.0,"key":"SMITH"},{"data":"Fiend Fire","floor":7.0,"key":"SMITH"},{"data":"Crescendo","floor":15.0,"key":"SMITH"},{"data":"ReplayReversal","floor":15.0,"key":"SMITH"},{"data":"hubris:DuctTapeCard","floor":24.0,"key":"SMITH"},{"data":"PassingAway:ReiMu","floor":24.0,"key":"SMITH"},{"data":"ats:Rat Pack","floor":28.0,"key":"SMITH"},{"data":"ats:Disruption Kick","floor":28.0,"key":"SMITH"},{"data":"ats:Demon Strength","floor":32.0,"key":"SMITH"},{"data":"EmergencyTakeOff:ReiMu","floor":32.0,"key":"SMITH"},{"floor":40.0,"key":"RECALL"},{"data":"REME_ShadowForm","floor":49,"key":"SMITH"},{"data":"ats:Shadow Assault","floor":49,"key":"SMITH"},{"data":"EmptyMind","floor":52,"key":"SMITH"},{"data":"REME_EyeOfCthun","floor":52,"key":"SMITH"}],"circlet_count":0,"master_deck":["AscendersBane","Gensokyo:UnhurriedMind+1","ats:Strike C","ats:Strike G","ats:Armor Crushing Shot","ats:Defend","ats:Defend","ats:Defend","ats:Defend","Fiend Fire+1","ats:Healing Strengthening+1","ats:Hook Shot","REME_TwoStrings+1","ats:Calcification+1","REME_EyeOfCthun+1","Gensokyo:UnhurriedMind+1","HandOfGreed+1","ats:Overload+1","ats:Closed Bolt Burst Fire","ats:Chain Hook+1","ats:Healing Drone+1","ats:Demon Strength+1","EmergencyTakeOff:ReiMu+1","ats:Disruption Kick+1","IllusionStar+1","Crescendo+1","ats:Shadow Raid+1","ReplayReversal+1","PassingAway:ReiMu+1","ats:Rat Pack+1","Hologram+1","Backflip+1","ats:Shadow Assault+1","REME_ShadowForm+1","hubris:DuctTapeCard","EmptyMind+1","ats:Mental Burst","BottledTime"],"relics":["ats:Sanity","REME_ComplimentaryCards","Membership Card","CeramicFish","ats:Ability Aura","Bronze Scales","Art of War","Sling","Omamori","PrismaticShard","Blue Doll","DollysMirror","Replay:Arrowhead","RuthlessExorcism:ReiMu","Quantum Egg","Gensokyo:Justice","ats:Originium","Ornamental Fan","Anchor","Replay:Bottled Snecko","Philosopher\u0027s Stone","hubris:DuctTape","Orichalcum","Ancient Tea Set","hubris:64BitClover","hubris:GrandSneckoEye","Mummified Hand","Mastiff:ReiMu","Calipers","Ice Cream","MawBank","Gambling Chip","TheAbacus","Bag of Marbles","Du-Vu Doll","PreservedInsect","hubris:TenFootPole","Replay:Wax Seal"],"acts_visited":["Exordium","Gensokyo:Gensokyo","Gensokyo:Gensokyoer","TheEnding"],"potions_floor_usage":[55],"damage_taken":[{"damage":0.0,"enemies":"Gensokyo:3_Fairies","floor":1.0,"turns":4.0},{"damage":0.0,"enemies":"Gensokyo:2_Kodama","floor":2.0,"turns":2.0},{"damage":8.0,"enemies":"Gensokyo:Gryphon","floor":5.0,"turns":6.0},{"damage":0.0,"enemies":"Gensokyo:Mamizou","floor":6.0,"turns":4.0},{"damage":32.0,"enemies":"Gensokyo:Cirno","floor":8.0,"turns":5.0},{"damage":10.0,"enemies":"Gensokyo:Aya","floor":10.0,"turns":3.0},{"damage":2.0,"enemies":"Gensokyo:Kitsune","floor":11.0,"turns":4.0},{"damage":0.0,"enemies":"Gensokyo:VengefulSpirit","floor":12.0,"turns":2.0},{"damage":0.0,"enemies":"Gensokyo:Gryphon_and_Rabbit","floor":13.0,"turns":2.0},{"damage":0.0,"enemies":"Gensokyo:5_Fairies","floor":14.0,"turns":2.0},{"damage":41.0,"enemies":"Gensokyo:Yukari","floor":16.0,"turns":7.0},{"damage":2.0,"enemies":"Gensokyo:AngelMirror","floor":18.0,"turns":2.0},{"damage":0.0,"enemies":"Gensokyo:2_Gloops","floor":19.0,"turns":2.0},{"damage":13.0,"enemies":"Gensokyo:Mirror_and_Dog","floor":20.0,"turns":5.0},{"damage":0.0,"enemies":"Gensokyo:Reisen","floor":23.0,"turns":3.0},{"damage":0.0,"enemies":"Gensokyo:Wraith","floor":25.0,"turns":3.0},{"damage":0.0,"enemies":"Gensokyo:Monolith_and_Dog","floor":27.0,"turns":4.0},{"damage":21.0,"enemies":"Gensokyo:Koishi","floor":29.0,"turns":5.0},{"damage":0.0,"enemies":"Gensokyo:3_Gloops","floor":30.0,"turns":3.0},{"damage":0.0,"enemies":"Gensokyo:Tenshi","floor":31.0,"turns":3.0},{"damage":23.0,"enemies":"Gensokyo:Kaguya","floor":33.0,"turns":7.0},{"damage":2.0,"enemies":"Gensokyo:3_Boulders","floor":35.0,"turns":3.0},{"damage":10.0,"enemies":"Gensokyo:AncientGuardian","floor":37.0,"turns":4.0},{"damage":10.0,"enemies":"Gensokyo:SeedOfUnknown","floor":38.0,"turns":4.0},{"damage":8.0,"enemies":"Gensokyo:Marisa","floor":41.0,"turns":5.0},{"damage":0.0,"enemies":"Gensokyo:Kasen","floor":44.0,"turns":2.0},{"damage":0,"enemies":"Gensokyo:Doremy","floor":47,"turns":4},{"damage":0,"enemies":"Gensokyo:Shinki","floor":50,"turns":6},{"damage":8,"enemies":"Shield and Spear","floor":54,"turns":2},{"damage":0,"enemies":"The Heart","floor":55,"turns":6}],"seed_played":"-323642010701656125","potions_obtained":[{"floor":2.0,"key":"ColorlessPotion"},{"floor":6.0,"key":"CultistPotion"},{"floor":8.0,"key":"SteroidPotion"},{"floor":19.0,"key":"Regen Potion"},{"floor":20.0,"key":"ats:Burn Big Potion"},{"floor":38.0,"key":"ats:Burn Small Potion"},{"floor":44.0,"key":"ats:Emergency Sanity Potion"},{"floor":47,"key":"ColorlessPotion"}],"is_trial":false,"path_per_floor":["M","M","?","?","M","E","R","E","T","E","M","M","M","M","R","B",null,"M","M","M","?","?","E","R","M","T","M","R","E","M","E","R","B",null,"M","?","M","M","?","R","E","$","T","E","?","$","E","T","R","B",null,"R","$","E","B",null],"character_chosen":"DOCTOR_CLASS","items_purchased":["Membership Card","CeramicFish","ats:Ability Aura","ats:Healing Strengthening","ats:Hook Shot","Bronze Scales","REME_TwoStrings","ats:Flexible Camouflage","Art of War","Sling","Omamori","ats:Calcification","PrismaticShard","Blue Doll","REME_EyeOfCthun","DollysMirror","Replay:Arrowhead","RuthlessExorcism:ReiMu","HandOfGreed","Quantum Egg","ats:Overload+1","ats:Closed Bolt Burst Fire","Mastiff:ReiMu","Calipers","ats:Shadow Assault","Ice Cream","TheAbacus","Bag of Marbles","hubris:TenFootPole","ats:Mental Burst"],"campfire_rested":0,"item_purchase_floors":[0,0,0,0,0,0,0,0,0,0,0,0,0,0,0,0,0,0,0,0,0,0,42,42,42,42,46,46,53,53],"current_hp_per_floor":[23,23,23,23,72,72,72,57,57,62,71,71,71,71,71,56,68,66,66,72,72,72,72,72,72,72,72,72,55,72,72,72,49,66,70,70,72,67,67,67,68,68,68,68,71,71,75,75,75,75,75,75,75,75,75],"gold":57,"neow_bonus":"","is_daily":false,"chose_seed":false,"campfire_upgraded":14,"win_rate":0.0,"timestamp":1614078093,"path_taken":["M","M","?","?","M","E","R","E","T","E","M","M","?","M","R","BOSS","M","M","M","?","?","E","R","M","T","M","R","E","?","E","R","BOSS","M","?","M","?","?","R","E","?","T","E","?","?","E","?","R","BOSS","R","$","E","BOSS"],"items_purchased_type":["Relic","Relic","Relic","Card","Card","Relic","Card","Card","Relic","Relic","Relic","Card","Relic","Relic","Card","Relic","Relic","Relic","Card","Relic","Card","Card","Relic","Relic","Card","Relic","Relic","Relic","Relic","Card"],"build_version":"2020-12-22","purchased_purges":3,"victory":true,"max_hp_per_floor":[72,72,72,72,72,72,72,72,72,72,72,72,72,72,72,72,72,72,72,72,72,72,72,72,72,72,72,72,72,72,72,72,72,72,72,72,72,72,72,72,72,72,72,72,75,75,75,75,75,75,75,75,75,75,75],"card_choices":[{"not_picked":["DevilSight","Anger"],"picked":"ats:Chain Hook","floor":1.0},{"not_picked":["RedNightlessCastle","Backstab","Alleviate"],"picked":"SKIP","floor":2.0},{"not_picked":["TightArray:ReiMu","Ball Lightning"],"picked":"ats:Demon Strength","floor":5.0},{"not_picked":["CeilingFear","ThreeKonsSevenHakus"],"picked":"EmergencyTakeOff:ReiMu","floor":6.0},{"not_picked":["BombardNight","LowerRealmReflectionSlash"],"picked":"ats:Disruption Kick","floor":8.0},{"not_picked":["TwoHundredYojanaInOneSlash","Self Repair"],"picked":"IllusionStar","floor":10.0},{"not_picked":["OpenUniverse","TightArray:ReiMu"],"picked":"Crescendo","floor":11.0},{"not_picked":["ThreeKonsSevenHakus","CutThroughFate","6A"],"picked":"SKIP","floor":12.0},{"not_picked":["ThreeKonsSevenHakus","CutThroughFate","6A"],"picked":"SKIP","floor":12.0},{"not_picked":["Sentinel","Halt"],"picked":"ats:Shadow Raid","floor":13.0},{"not_picked":["Self Repair","Demon Form"],"picked":"ReplayReversal","floor":14.0},{"not_picked":["REME_BuildACard","CelestialStarSword"],"picked":"Berserk","floor":16.0},{"not_picked":["DoubleEdge","Acceleration","ObsessionWithThePresentWorld"],"picked":"SKIP","floor":18.0},{"not_picked":["Blade Dance","DoubleEdge"],"picked":"PassingAway:ReiMu","floor":19.0},{"not_picked":["SpringWay:ReiMu+1","Manipulate","Consume"],"picked":"SKIP","floor":20.0},{"not_picked":["Blade Dance","Stigmanizer"],"picked":"Devotion","floor":23.0},{"not_picked":["ForbiddenFruit","Starlight","AlertArray:ReiMu"],"picked":"SKIP","floor":25.0},{"not_picked":["AsTheSilentNirvana","FavorOfDestiny+1","RefractionSpark"],"picked":"SKIP","floor":27.0},{"not_picked":["Clash","Reckless Charge+1"],"picked":"PiercingWail+1","floor":29.0},{"not_picked":["JustLucky+1","Weave","DeceiveReality"],"picked":"SKIP","floor":30.0},{"not_picked":["Sunder","ats:Soul Absorption"],"picked":"Hologram+1","floor":31.0},{"not_picked":["ForbiddenFruit+1","EternalNight","DC"],"picked":"SKIP","floor":35.0},{"not_picked":["BombardNight","FlyingSleeves","BasicCrystalCard"],"picked":"SKIP","floor":37.0},{"not_picked":["Consecrate","HiganSword+1"],"picked":"Backflip+1","floor":38.0},{"not_picked":["VampirishNight","TimeWarp"],"picked":"Battle Trance","floor":41.0},{"not_picked":["ConjureBlade","DancingSilver"],"picked":"REME_ShadowForm","floor":44.0},{"not_picked":["TwoHundredYojanaInOneSlash","ats:Absolute Focus+1"],"picked":"EmptyMind","floor":47},{"not_picked":["Toxin Wave+1","LifeCuttingSword"],"picked":"BottledTime","floor":54}],"player_experience":515418,"relics_obtained":[{"floor":6.0,"key":"ats:Originium"},{"floor":6.0,"key":"Ornamental Fan"},{"floor":8.0,"key":"ats:Originium"},{"floor":8.0,"key":"Anchor"},{"floor":10.0,"key":"ats:Originium"},{"floor":10.0,"key":"Replay:Bottled Snecko"},{"floor":23.0,"key":"ats:Originium"},{"floor":23.0,"key":"hubris:DuctTape"},{"floor":26.0,"key":"Orichalcum"},{"floor":29.0,"key":"Ancient Tea Set"},{"floor":31.0,"key":"hubris:64BitClover"},{"floor":41.0,"key":"Mummified Hand"},{"floor":43.0,"key":"MawBank"},{"floor":44.0,"key":"Gambling Chip"},{"floor":47,"key":"Du-Vu Doll"},{"floor":48,"key":"PreservedInsect"},{"floor":54,"key":"Replay:Wax Seal"}],"event_choices":[],"is_beta":false,"boss_relics":[{"not_picked":["hubris:Stopwatch","hubris:VirtuousBlindfold"],"picked":"Philosopher\u0027s Stone"},{"not_picked":["hubris:RunicObelisk","Velvet Choker"],"picked":"hubris:GrandSneckoEye"}],"items_purged_floors":[0,0,0],"is_endless":false,"potions_floor_spawned":[2,6,8,12,14,19,20,25,30,37,38,44,47],"ascension_level":18}}