{"host":"0r9ojvl99b3119ch","time":1614099108,"event":{"mods":["Act Like it!","BaseMod","Better Third Choice","BetterRewards","Downfall","Friendly Minions","Gensokyo","Hubris","Infinite Spire","Kiyohime????","Koishi","Marisa????????","Minty Spire (QoL Compilation)","Reimu??????","Remilia??????","Replay The Spire","Robot Space Explorer","Shop Mod","Spicy Shops","StSLib","Td1madao Mod","The Administrix","The Animator","The Judge","The Marked","The Servant 0.9.4","Waifu the Spire","WarShipGirlsR/????R mod","Youmu??????","Yuri Mod"],"gold_per_floor":[115,115,15,15,31,31,61,61,87,101,116,129,33,33,33,133,133,149,149,164,164,264,306,334,385,477,489,36,36,36,16,16,135,135,174,84,129,129,164,164,40,40,40,40,40,96,96,96,96,96,96,396],"floor_reached":53,"language":"ENG","playtime":2644,"items_purged":["KiyohimeMod:Defend","ReplayTheSpireMod:Doomed"],"score":1095,"play_id":"bd01b20c-5378-4194-b573-1fc4d0b8f882","local_time":"20210223105148","is_ascension_mode":false,"campfire_choices":[{"data":"KiyohimeMod:Berserker","floor":6.0,"key":"SMITH"},{"data":"KiyohimeMod:FlameKiss","floor":8.0,"key":"SMITH"},{"data":"KiyohimeMod:Tenacious","floor":15.0,"key":"SMITH"},{"data":"hubris:InfiniteBlow","floor":27.0,"key":"SMITH"},{"data":"hubris:InfiniteBlow+1","floor":32.0,"key":"SMITH"},{"floor":40.0,"key":"REST"},{"floor":45,"key":"REST"},{"floor":47,"key":"REST"},{"floor":51,"key":"REST"}],"circlet_count":0,"master_deck":["KiyohimeMod:Strike","KiyohimeMod:Strike","KiyohimeMod:Defend","KiyohimeMod:Defend","KiyohimeMod:Defend","KiyohimeMod:Track","KiyohimeMod:FlameKiss+1","KiyohimeMod:Shapeshift","Pot Of Greed","KiyohimeMod:Fragarach+1","Pot Of Greed","KiyohimeMod:Berserker+1","KiyohimeMod:BlueBlackKey","KiyohimeMod:Berserker","KiyohimeMod:CommandCard_Arts","KiyohimeMod:Tenacious+1","KiyohimeMod:RealityMarble","KiyohimeMod:Projection+1","KiyohimeMod:Preemptive","KiyohimeMod:PrismaCosmos","KiyohimeMod:RedBlackKey+1","hubris:Wrath","Pot Of Greed","hubris:Greed","KiyohimeMod:PrismaCosmos","hubris:Greed","hubris:InfiniteBlow+4","KiyohimeMod:ImaginaryAround","KiyohimeMod:BlueBlackKey+1","Writhe","hubris:Despair","WordoMod:FoggyMind","downfall:Bewildered","KiyohimeMod:GreenBlackKey","Pot Of Greed","Panache","Gensokyo:FourOfAKind","Gensokyo:FourOfAKind","Gensokyo:FourOfAKind","Gensokyo:FourOfAKind","KiyohimeMod:AndSoTheShipConquers","KiyohimeMod:BlueBlackKey","KiyohimeMod:FiringTheFirstArrow","hubris:Greed","KiyohimeMod:CastleOfTheSun","hubris:Greed","hubris:Greed","Pot Of Greed","KiyohimeMod:AndSoTheShipConquers+1","Gensokyo:CustomPotion","KiyohimeMod:BlueBlackKey","KiyohimeMod:GreenBlackKey+1","KiyohimeMod:BlueBlackKey","CommonCold","yuri:RhapsodyCurse","infinitespire:UltimateForm","Writhe","hubris:Gluttony","KiyohimeMod:RedBlackKey+1","KiyohimeMod:EatSoul","Pot Of Greed","KiyohimeMod:DragonVein+1","KiyohimeMod:Tenacious+1"],"relics":["KiyohimeMod:FireDragon","Grinning Jar","infinitespire:EmpoweringShard","hubris:EmptyBottle","MerchantsRug","ReplayTheSpireMod:TigerMarble","infinitespire:WardingShard","Juzu Bracelet","Happy Flower","Gensokyo:OccultBall","SacredBark","Bird Faced Urn","downfall:ExtraCursedKey","Anchor","MawBank","Replay:Bottled Snecko","Strange Spoon","Gensokyo:DirgeOfMelancholy","Replay:Grab Bag","Fusion Hammer","Philosopher\u0027s Stone","Black Star","Unceasing Top","SlaversCollar","Dream Catcher","Golden Egg","Smiling Mask","Replay:Bandana","hubris:SphereOfDissonance"],"acts_visited":["Gensokyo:Gensokyo","Gensokyo:Gensokyoer","Gensokyo:Gensokyoest"],"potions_floor_usage":[46,52,52],"damage_taken":[{"damage":0.0,"enemies":"Gensokyo:Python","floor":1.0,"turns":3.0},{"damage":0.0,"enemies":"Gensokyo:2_Kodama","floor":5.0,"turns":1.0},{"damage":7.0,"enemies":"Gensokyo:Aya","floor":7.0,"turns":4.0},{"damage":0.0,"enemies":"Gensokyo:Gryphon","floor":10.0,"turns":2.0},{"damage":1.0,"enemies":"Gensokyo:Kitsune","floor":11.0,"turns":2.0},{"damage":1.0,"enemies":"Gensokyo:3_Kodama","floor":12.0,"turns":3.0},{"damage":18.0,"enemies":"Gensokyo:Reimu","floor":16.0,"turns":7.0},{"damage":0.0,"enemies":"Gensokyo:Chomper","floor":18.0,"turns":4.0},{"damage":0.0,"enemies":"Gensokyo:2_Gloops","floor":20.0,"turns":4.0},{"damage":24.0,"enemies":"Nightmare","floor":23.0,"turns":6.0},{"damage":0.0,"enemies":"Gensokyo:Mirror_and_Dog","floor":24.0,"turns":1.0},{"damage":26.0,"enemies":"Gensokyo:Eternal_Rivals","floor":33.0,"turns":5.0},{"damage":1.0,"enemies":"Gensokyo:3_Bats","floor":35.0,"turns":5.0},{"damage":43.0,"enemies":"Gensokyo:AncientGuardian","floor":39.0,"turns":4.0},{"damage":26,"enemies":"Gensokyo:Doremy","floor":46,"turns":7},{"damage":27,"enemies":"Gensokyo:Yuyuko","floor":52,"turns":2}],"seed_played":"5183637481491003947","potions_obtained":[{"floor":5.0,"key":"Languid Potion"},{"floor":7.0,"key":"PowerPotion"},{"floor":11.0,"key":"PowerPotion"},{"floor":16.0,"key":"BlessingOfTheForge"},{"floor":18.0,"key":"Fire Potion"},{"floor":23.0,"key":"SkillPotion"},{"floor":46,"key":"Strength Potion"}],"is_trial":false,"path_per_floor":["M","T","?","COS","M","R","E","R","T","M","M","M","$","?","R","B",null,"M","COS","M","AVR","?","NM","M","T","T","R","$","?","?","?","R","B",null,"M","?","?","AVR","M","R","$","?","T","?","R","E","R","PTL","PTL","?","R","B",null],"character_chosen":"Kiyohime","items_purchased":["Grinning Jar","infinitespire:EmpoweringShard","Lee\u0027s Waffle","hubris:EmptyBottle","MerchantsRug","KiyohimeMod:Fragarach+1","KiyohimeMod:Berserker","Happy Flower","KiyohimeMod:Projection+1","KiyohimeMod:Preemptive","KiyohimeMod:GreenBlackKey","Panache","Strange Spoon","Golden Egg"],"campfire_rested":4,"item_purchase_floors":[0,0,0,0,0,0,0,13,13,13,28,28,28,41],"current_hp_per_floor":[67,67,67,67,67,67,60,60,60,60,59,58,58,58,58,43,67,67,67,67,67,72,48,50,50,50,50,50,50,50,50,50,31,51,51,51,39,39,4,19,19,19,19,22,38,22,38,38,38,41,54,27],"gold":396,"neow_bonus":"","is_daily":false,"chose_seed":false,"campfire_upgraded":5,"win_rate":0.0,"timestamp":1614099108,"path_taken":["M","?","?","COS","M","R","E","R","T","M","M","M","$","?","R","BOSS","M","COS","M","AVR","?","NM","M","?","T","R","?","?","?","?","R","BOSS","M","?","?","AVR","M","R","?","?","T","?","R","E","R","PTL","PTL","?","R","BOSS"],"items_purchased_type":["Relic","Relic","Relic","Relic","Relic","Card","Card","Relic","Card","Card","Card","Card","Relic","Relic"],"build_version":"2020-12-22","purchased_purges":2,"victory":true,"max_hp_per_floor":[67,67,67,67,67,67,67,67,67,67,67,67,67,67,67,67,67,67,67,67,67,72,72,72,72,72,72,72,72,51,51,51,51,51,51,51,51,51,51,51,51,51,51,54,54,54,54,54,54,54,54,54],"card_choices":[{"not_picked":["KiyohimeMod:RedBlackKey","KiyohimeMod:SteelTraining"],"picked":"KiyohimeMod:BlueBlackKey","floor":1.0},{"not_picked":["KiyohimeMod:Grimoire","KiyohimeMod:SteelTraining"],"picked":"KiyohimeMod:Berserker","floor":5.0},{"not_picked":["KiyohimeMod:ExSpicyMapoTofu","KiyohimeMod:FirstPremonition"],"picked":"KiyohimeMod:CommandCard_Arts","floor":7.0},{"not_picked":["KiyohimeMod:BeastOfBillows","KiyohimeMod:Fragarach"],"picked":"KiyohimeMod:RealityMarble","floor":10.0},{"not_picked":["KiyohimeMod:SteelTraining","KiyohimeMod:RedBlackKey"],"picked":"KiyohimeMod:Tenacious","floor":11.0},{"not_picked":["KiyohimeMod:EatSoul","KiyohimeMod:Berserker"],"picked":"KiyohimeMod:RealityMarble","floor":12.0},{"not_picked":["KiyohimeMod:FiringTheFirstArrow","KiyohimeMod:Barrier"],"picked":"KiyohimeMod:PrismaCosmos","floor":16.0},{"not_picked":["KiyohimeMod:Preemptive","KiyohimeMod:Berserker"],"picked":"KiyohimeMod:RedBlackKey+1","floor":18.0},{"not_picked":["KiyohimeMod:LimitedZeroOver","KiyohimeMod:WaterTurn","KiyohimeMod:SteelTraining"],"picked":"SKIP","floor":20.0},{"not_picked":["infinitespire:FutureSight","ReplayTheSpireMod:Black Plague"],"picked":"hubris:InfiniteBlow","floor":23.0},{"not_picked":["KiyohimeMod:MagicCrystal","KiyohimeMod:SteelTraining+1"],"picked":"KiyohimeMod:ImaginaryAround","floor":23.0},{"not_picked":["KiyohimeMod:CommandCard_Arts","KiyohimeMod:EatSoul"],"picked":"KiyohimeMod:BlueBlackKey+1","floor":24.0},{"not_picked":[],"picked":"KiyohimeMod:AndSoTheShipConquers","floor":31.0},{"not_picked":[],"picked":"KiyohimeMod:BlueBlackKey","floor":31.0},{"not_picked":[],"picked":"KiyohimeMod:FiringTheFirstArrow","floor":31.0},{"not_picked":["KiyohimeMod:JeweledSword","KiyohimeMod:FragmentsOf2030"],"picked":"KiyohimeMod:CastleOfTheSun","floor":33.0},{"not_picked":["KiyohimeMod:GreenBlackKey+1","KiyohimeMod:Fragarach"],"picked":"KiyohimeMod:AndSoTheShipConquers+1","floor":35.0},{"not_picked":["KiyohimeMod:AndSoTheShipConquers+1","KiyohimeMod:CommandCard_Arts"],"picked":"KiyohimeMod:BlueBlackKey","floor":37.0},{"not_picked":["KiyohimeMod:EatSoul+1","KiyohimeMod:WaterTurn+1"],"picked":"KiyohimeMod:GreenBlackKey+1","floor":39.0},{"not_picked":["KiyohimeMod:JeweledSword","KiyohimeMod:Preemptive+1"],"picked":"KiyohimeMod:BlueBlackKey","floor":40.0},{"not_picked":["ReplayTheSpireMod:Black Plague","Replay:Fractal Strike"],"picked":"infinitespire:UltimateForm","floor":42},{"not_picked":["KiyohimeMod:Preemptive","KiyohimeMod:CelestialInvertedMoon"],"picked":"KiyohimeMod:RedBlackKey+1","floor":45},{"not_picked":["KiyohimeMod:CelestialInvertedMoon+1","KiyohimeMod:FormalCraft+1","KiyohimeMod:BeastOfBillows+1"],"picked":"SKIP","floor":46},{"not_picked":["KiyohimeMod:Fragarach+1","KiyohimeMod:FirstPremonition+1"],"picked":"KiyohimeMod:DragonVein+1","floor":47},{"not_picked":["KiyohimeMod:DragonVein+1","KiyohimeMod:SteelTraining"],"picked":"KiyohimeMod:Tenacious+1","floor":51}],"player_experience":355027,"relics_obtained":[{"floor":2.0,"key":"ReplayTheSpireMod:TigerMarble"},{"floor":7.0,"key":"hubris:AstralHammer"},{"floor":9.0,"key":"Juzu Bracelet"},{"floor":16.0,"key":"Gensokyo:OccultBall"},{"floor":23.0,"key":"Anchor"},{"floor":25.0,"key":"MawBank"},{"floor":26.0,"key":"Replay:Bottled Snecko"},{"floor":33.0,"key":"Gensokyo:OccultBall"},{"floor":37.0,"key":"Unceasing Top"},{"floor":43,"key":"Smiling Mask"},{"floor":46,"key":"Replay:Bandana"},{"floor":46,"key":"hubris:SphereOfDissonance"}],"event_choices":[],"is_beta":false,"boss_relics":[{"not_picked":["Busted Crown","Runic Pyramid"],"picked":"SacredBark"},{"not_picked":["RedLine:ReiMu","hubris:GrandSneckoEye"],"picked":"Replay:Grab Bag"},{"not_picked":["ReplayTheSpireMod:DimensionalGlitch","bronze:MakeshiftBattery"],"picked":"Fusion Hammer"},{"not_picked":["Coffee Dripper","hubris:TerracottaHorce"],"picked":"Philosopher\u0027s Stone"},{"not_picked":["Snecko Eye","hubris:Backtick"],"picked":"Black Star"}],"items_purged_floors":[21,28],"is_endless":false,"potions_floor_spawned":[5,7,11,16,18,23,46],"ascension_level":0}}