{"host":"zxd2l8an9de7z7b9","time":1614065168,"event":{"mods":["100% Spire Juice","2.2 Compatiblity","AchievementEnabler","BaseMod","CapriCore","Colored Map","Colored Powertips","Marisa£¨Ùöéë¡¡Øª×âÞÞ£©","Minty Spire (QoL Compilation)","Rare Cards Sparkle","StSLib","SuperFastMode","Td1madao Mod","everything is the same but u backflip on backflip"],"gold_per_floor":[362,66,66,84,84,84,94,105,128,128,147,181,181,197,197,301,301,317,330,342,418,418,448,459,472,472,372,372,372],"floor_reached":28,"language":"KOR","playtime":825,"items_purged":["Strike_P","Strike_P"],"score":242,"play_id":"1e5ebba7-c724-4ef3-b1cc-90397cbbffac","local_time":"20210223162608","is_ascension_mode":false,"campfire_choices":[{"data":"Adaptation","floor":6.0,"key":"SMITH"},{"floor":10.0,"key":"REST"},{"floor":13.0,"key":"REST"},{"floor":15.0,"key":"REST"}],"circlet_count":0,"master_deck":["Strike_P+1","Defend_P","Defend_P","Eruption+1","Adaptation+1","FearNoEvil"],"relics":["PureWater","Whetstone","Boot","Tiny Chest","Empty Cage","Ornamental Fan","CloakClasp","Damaru","Unceasing Top"],"acts_visited":["Exordium","TheCity"],"potions_floor_usage":[23,28],"damage_taken":[{"damage":1.0,"enemies":"Jaw Worm","floor":1.0,"turns":3.0},{"damage":0.0,"enemies":"Small Slimes","floor":4.0,"turns":3.0},{"damage":2.0,"enemies":"Cultist","floor":7.0,"turns":3.0},{"damage":12.0,"enemies":"Gremlin Gang","floor":8.0,"turns":7.0},{"damage":30.0,"enemies":"Exordium Thugs","floor":11.0,"turns":3.0},{"damage":9.0,"enemies":"Lagavulin","floor":12.0,"turns":4.0},{"damage":11.0,"enemies":"3 Louse","floor":14.0,"turns":3.0},{"damage":26.0,"enemies":"The Guardian","floor":16.0,"turns":10.0},{"damage":0.0,"enemies":"3 Byrds","floor":18.0,"turns":3.0},{"damage":0.0,"enemies":"Spheric Guardian","floor":19.0,"turns":2.0},{"damage":15.0,"enemies":"Snake Plant","floor":20.0,"turns":3.0},{"damage":40,"enemies":"Book of Stabbing","floor":23,"turns":6},{"damage":0,"enemies":"Cultist and Chosen","floor":24,"turns":3},{"damage":14,"enemies":"Shelled Parasite and Fungi","floor":25,"turns":3},{"damage":0,"enemies":"Centurion and Healer","floor":28,"turns":1}],"seed_played":"-1982575456616525117","potions_obtained":[{"floor":4.0,"key":"Block Potion"},{"floor":11.0,"key":"Fire Potion"},{"floor":14.0,"key":"PowerPotion"},{"floor":16.0,"key":"DistilledChaos"},{"floor":19.0,"key":"Strength Potion"},{"floor":23,"key":"Fire Potion"},{"floor":25,"key":"PowerPotion"}],"is_trial":false,"path_per_floor":["M","$","?","M","?","R","M","M","T","R","M","E","R","M","R","B",null,"M","M","M","T","T","E","M","M","T","$","M"],"character_chosen":"WATCHER","items_purchased":["Whetstone","Adaptation"],"campfire_rested":3,"item_purchase_floors":[2,2],"current_hp_per_floor":[50,50,43,43,43,43,41,29,29,50,20,11,32,21,42,16,72,72,72,57,57,57,17,17,3,3,3,3,3],"gold":372,"neow_bonus":"TWO_FIFTY_GOLD","is_daily":false,"chose_seed":false,"campfire_upgraded":1,"win_rate":0.0,"timestamp":1614065168,"path_taken":["M","$","?","M","?","R","M","M","T","R","M","E","R","M","R","BOSS","M","?","?","?","?","E","M","M","T","$","?"],"items_purchased_type":["Relic","Card"],"build_version":"2020-12-22","purchased_purges":2,"victory":false,"max_hp_per_floor":[72,72,72,72,72,72,72,72,72,72,72,72,72,72,72,72,72,72,72,72,72,72,72,72,72,72,72,72,72],"card_choices":[{"not_picked":["JustLucky","FlyingSleeves","ForeignInfluence"],"picked":"SKIP","floor":1.0},{"not_picked":["ClearTheMind","Halt","Pray"],"picked":"SKIP","floor":4.0},{"not_picked":["BowlingBash","Weave","FollowUp"],"picked":"SKIP","floor":7.0},{"not_picked":["BowlingBash","ReachHeaven","SashWhip"],"picked":"SKIP","floor":8.0},{"not_picked":["Perseverance","MentalFortress"],"picked":"FearNoEvil","floor":11.0},{"not_picked":["CrushJoints","JustLucky","PathToVictory"],"picked":"SKIP","floor":12.0},{"not_picked":["Protect","FearNoEvil","TalkToTheHand"],"picked":"SKIP","floor":14.0},{"not_picked":["WreathOfFlame","Halt","Consecrate"],"picked":"SKIP","floor":18.0},{"not_picked":["Vengeance","Evaluate+1","EmptyFist"],"picked":"SKIP","floor":19.0},{"not_picked":["WreathOfFlame","Evaluate","Omniscience"],"picked":"SKIP","floor":20.0},{"not_picked":["FlurryOfBlows+1","SignatureMove","SashWhip"],"picked":"SKIP","floor":23},{"not_picked":["PathToVictory","FollowUp","LikeWater+1"],"picked":"SKIP","floor":24},{"not_picked":["Pray+1","Sanctity+1","CutThroughFate+1"],"picked":"SKIP","floor":25}],"player_experience":452317,"relics_obtained":[{"floor":9.0,"key":"Boot"},{"floor":12.0,"key":"Tiny Chest"},{"floor":21.0,"key":"Ornamental Fan"},{"floor":22.0,"key":"CloakClasp"},{"floor":23,"key":"Damaru"},{"floor":26,"key":"Unceasing Top"}],"event_choices":[{"cards_removed":["Defend_P"],"damage_healed":0.0,"max_hp_gain":0.0,"max_hp_loss":0.0,"gold_gain":0.0,"event_name":"Golden Wing","player_choice":"Card Removal","floor":3.0,"gold_loss":0.0,"damage_taken":7.0},{"cards_removed":["Vigilance"],"damage_healed":0.0,"max_hp_gain":0.0,"max_hp_loss":0.0,"gold_gain":0.0,"event_name":"Bonfire Elementals","player_choice":"Offered Basic","floor":5.0,"gold_loss":0.0,"damage_taken":0.0}],"is_beta":false,"boss_relics":[{"not_picked":["Pandora\u0027s Box","Runic Dome"],"picked":"Empty Cage"}],"items_purged_floors":[2,27],"is_endless":false,"potions_floor_spawned":[4,11,14,16,19,23,25],"killed_by":"Centurion and Healer","ascension_level":0}}