{"host":"j0lq4v91luowxwha","time":1614099128,"event":{"mods":["BaseMod","Colored Powertips","Downfall","Hermit","Minty Spire (QoL Compilation)","Quick Restart","Replay The Spire","StSLib","SuperFastMode","The Cursed"],"gold_per_floor":[99,99,99,99,116,128,151,178,178,193,193,208,235,235,248,350,350,350,360,371,149,165,184,254,254,274,274,6,6,6,24,38,141,141,141,159,159,149,167,167,190,210,222,240,240,269,269,286,302,302,302,302],"floor_reached":50,"language":"ENG","playtime":3212,"items_purged":["bronze:Strike"],"score":528,"play_id":"63b8bdc8-8602-4e5b-8fba-18018910cf8a","local_time":"20210223115208","is_ascension_mode":false,"campfire_choices":[{"data":"bronze:Replicate","floor":1,"key":"SMITH"},{"data":"bronze:Mutator","floor":9,"key":"SMITH"},{"data":"bronze:Goto","floor":11,"key":"SMITH"},{"data":"bronze:BuggyMess","floor":18,"key":"SMITH"},{"data":"bronze:Turbo","floor":25,"key":"SMITH"},{"data":"bronze:Branch","floor":27,"key":"SMITH"},{"data":"bronze:Optimize","floor":29,"key":"SMITH"},{"data":"bronze:MaxOutput","floor":35,"key":"SMITH"},{"data":"bronze:Turbo","floor":47,"key":"SMITH"}],"circlet_count":0,"master_deck":["bronze:Strike","bronze:Strike","bronze:Defend","bronze:Defend","bronze:Defend","bronze:Defend","bronze:Goto+1","bronze:ChildClass","bronze:Optimize+1","bronze:WhirlingStrike","bronze:WildBeam","bronze:Flail","bronze:Mutator+1","bronze:Repair","bronze:Branch+1","bronze:BuggyMess+1","bronze:ChosenStrike","bronze:ItsAFeature","bronze:Format","bronze:DelayedGuard+1","bronze:Iterate","bronze:Boost+1","bronze:Turbo+1","bronze:Backtrace+1","bronze:Iterate+1","bronze:OilSpill+1","bronze:MaxOutput+1","bronze:HyperBeam","bronze:Return","bronze:Turbo+1","bronze:MaxOutput","bronze:BronzeOrb+1","bronze:DelayedSlice+1"],"relics":["bronze:BronzeCore","downfall:HeartsMalice","Pet Ghost","Odd Mushroom","Replay:Towering Pillar of Hats","SacredBark","Happy Flower","InkBottle","Bottled Tornado","Ring of Chaos","ReplayTheSpireMod:Lightbulb","Replay:Rubber Ducky","Anchor"],"acts_visited":["Exordium","TheCity","TheBeyond"],"potions_floor_usage":[50],"damage_taken":[{"damage":0,"enemies":"Jaw Worm","floor":2,"turns":1},{"damage":0,"enemies":"downfall:FleeingMerchant","floor":3,"turns":1},{"damage":0,"enemies":"Small Slimes","floor":4,"turns":1},{"damage":0,"enemies":"Cultist","floor":5,"turns":3},{"damage":4,"enemies":"Blue Slaver","floor":6,"turns":4},{"damage":0,"enemies":"The Mushroom Lair","floor":8,"turns":2},{"damage":0,"enemies":"Gremlin Gang","floor":10,"turns":1},{"damage":4,"enemies":"Exordium Thugs","floor":12,"turns":3},{"damage":18,"enemies":"Lagavulin","floor":13,"turns":3},{"damage":0,"enemies":"Blue Slaver","floor":15,"turns":2},{"damage":48,"enemies":"DF_ARCHETYPE_STREAMLINE","floor":16,"turns":7},{"damage":14,"enemies":"Spheric Guardian","floor":19,"turns":4},{"damage":0,"enemies":"Chosen","floor":20,"turns":4},{"damage":0,"enemies":"downfall:FleeingMerchant","floor":21,"turns":4},{"damage":10,"enemies":"Sentry and Sphere","floor":22,"turns":5},{"damage":14,"enemies":"Centurion and Healer","floor":23,"turns":3},{"damage":0,"enemies":"Snecko","floor":26,"turns":4},{"damage":0,"enemies":"downfall:FleeingMerchant","floor":28,"turns":4},{"damage":0,"enemies":"Snake Plant","floor":31,"turns":2},{"damage":0,"enemies":"Cultist and Chosen","floor":32,"turns":3},{"damage":38,"enemies":"SI_MIRROR_ARCHETYPE","floor":33,"turns":8},{"damage":0,"enemies":"3 Shapes","floor":36,"turns":1},{"damage":0,"enemies":"downfall:FleeingMerchant","floor":38,"turns":4},{"damage":1,"enemies":"3 Darklings","floor":39,"turns":3},{"damage":0,"enemies":"Maw","floor":42,"turns":5},{"damage":5,"enemies":"Jaw Worm Horde","floor":43,"turns":4},{"damage":0,"enemies":"Sphere and 2 Shapes","floor":44,"turns":2},{"damage":0,"enemies":"Giant Head","floor":46,"turns":5},{"damage":25,"enemies":"Maw","floor":48,"turns":6},{"damage":0,"enemies":"3 Darklings","floor":49,"turns":3},{"damage":52,"enemies":"WA_ARCHETYPE_DIVINITY","floor":50,"turns":3}],"seed_played":"6429058462890643154","potions_obtained":[{"floor":5,"key":"Elixir"},{"floor":6,"key":"DuplicationPotion"},{"floor":13,"key":"Elixir"},{"floor":15,"key":"SpeedPotion"},{"floor":36,"key":"LiquidMemories"}],"is_trial":false,"path_per_floor":["R","M","$","M","M","M","T","?","R","M","R","M","E","?","M","B",null,"R","M","M","$","M","M","T","R","M","R","$","R","?","M","M","B",null,"R","M","?","$","M","?","T","M","M","M","?","E","R","M","M","B"],"character_chosen":"THE_AUTOMATON","items_purchased":["bronze:Boost+1","Happy Flower","Bottled Tornado","bronze:MaxOutput","ReplayTheSpireMod:Lightbulb"],"campfire_rested":0,"item_purchase_floors":[21,21,28,38,38],"current_hp_per_floor":[70,70,70,70,70,66,66,66,66,66,66,70,59,59,59,18,70,70,56,63,70,67,60,60,60,67,67,70,70,70,70,70,39,70,70,70,70,70,69,69,69,69,70,70,70,70,70,45,45,0,0,0],"gold":302,"neow_bonus":"THREE_ENEMY_KILL","is_daily":false,"chose_seed":false,"campfire_upgraded":9,"win_rate":0.0,"timestamp":1614099128,"path_taken":["R","M","$","M","M","M","T","?","R","M","R","M","E","?","M","BOSS","R","M","M","$","M","?","T","R","M","R","$","R","?","?","M","BOSS","R","M","?","$","M","?","T","M","M","M","?","E","R","?","M","BOSS"],"items_purchased_type":["Card","Relic","Relic","Card","Relic"],"build_version":"2020-12-22","purchased_purges":1,"victory":false,"max_hp_per_floor":[70,70,70,70,70,70,70,70,70,70,70,70,70,70,70,70,70,70,70,70,70,70,70,70,70,70,70,70,70,70,70,70,70,70,70,70,70,70,70,70,70,70,70,70,70,70,70,70,70,70,70,70],"card_choices":[{"not_picked":["bronze:Shell","bronze:Shield"],"picked":"bronze:ChildClass","floor":2},{"not_picked":["bronze:CutThrough","bronze:Invalidate"],"picked":"bronze:Optimize","floor":3},{"not_picked":["bronze:Invalidate","bronze:Overload"],"picked":"bronze:WhirlingStrike","floor":4},{"not_picked":["bronze:DelayedGuard","bronze:Optimize"],"picked":"bronze:WildBeam","floor":5},{"not_picked":["bronze:BugBarrage","bronze:Deprecate"],"picked":"bronze:Flail","floor":6},{"not_picked":["bronze:BugBarrage","bronze:BronzeOrb"],"picked":"bronze:Mutator","floor":8},{"not_picked":["bronze:Overheat","bronze:Overload"],"picked":"bronze:Repair","floor":10},{"not_picked":["bronze:ChildClass","bronze:Overload"],"picked":"bronze:Branch","floor":12},{"not_picked":["bronze:Invalidate","bronze:Backtrace"],"picked":"bronze:BuggyMess","floor":13},{"not_picked":["bronze:Branch","bronze:Frontload"],"picked":"bronze:ItsAFeature","floor":15},{"not_picked":["bronze:RecursiveStrike","bronze:Break"],"picked":"bronze:Format","floor":16},{"not_picked":["bronze:WildBeam+1","bronze:OilSpill"],"picked":"bronze:DelayedGuard+1","floor":19},{"not_picked":["bronze:BitShift","bronze:Philosophize+1","bronze:Invalidate+1"],"picked":"SKIP","floor":20},{"not_picked":["bronze:DelayedSlice","bronze:Repair"],"picked":"bronze:Iterate","floor":21},{"not_picked":["bronze:BugBarrage","bronze:Overheat"],"picked":"bronze:Turbo","floor":22},{"not_picked":["bronze:DelayedGuard","bronze:ClassDefault"],"picked":"bronze:Backtrace+1","floor":23},{"not_picked":["bronze:Invalidate","bronze:ForceShield"],"picked":"bronze:Iterate+1","floor":26},{"not_picked":["bronze:Flail","bronze:Fortify","bronze:Shield"],"picked":"SKIP","floor":28},{"not_picked":["bronze:Invalidate","bronze:BronzeOrb+1"],"picked":"bronze:OilSpill+1","floor":31},{"not_picked":["bronze:Repair","bronze:Invalidate"],"picked":"bronze:MaxOutput","floor":32},{"not_picked":["bronze:Verify","bronze:SpaghettiCode"],"picked":"bronze:HyperBeam","floor":33},{"not_picked":["bronze:DelayedGuard","bronze:Frontload"],"picked":"bronze:Return","floor":36},{"not_picked":["bronze:Deprecate+1","bronze:ItsAFeature"],"picked":"bronze:Turbo","floor":38},{"not_picked":["bronze:BitShift","bronze:WildBeam"],"picked":"bronze:BronzeOrb+1","floor":39},{"not_picked":["bronze:MaxOutput+1","bronze:CutThrough+1","bronze:ChosenStrike+1"],"picked":"SKIP","floor":42},{"not_picked":["bronze:Virus","bronze:Repair+1"],"picked":"bronze:DelayedSlice+1","floor":43},{"not_picked":["bronze:Backtrace","bronze:BronzeOrb","bronze:BitShift"],"picked":"SKIP","floor":44},{"not_picked":["bronze:GetLatest","bronze:Invalidate+1","bronze:Flail"],"picked":"SKIP","floor":46},{"not_picked":["bronze:NullPointer+1","bronze:CutThrough","bronze:DarkDash+1"],"picked":"SKIP","floor":48},{"not_picked":["bronze:DelayedSlice","bronze:Turbo+1","bronze:ForceShield"],"picked":"SKIP","floor":49}],"player_experience":252200,"relics_obtained":[{"floor":7,"key":"Pet Ghost"},{"floor":8,"key":"Odd Mushroom"},{"floor":13,"key":"Replay:Towering Pillar of Hats"},{"floor":24,"key":"InkBottle"},{"floor":41,"key":"Replay:Rubber Ducky"},{"floor":46,"key":"Anchor"}],"event_choices":[{"damage_healed":0,"gold_gain":0,"player_choice":"Fought Mushrooms","damage_taken":0,"max_hp_gain":0,"max_hp_loss":0,"event_name":"Mushrooms","floor":8,"gold_loss":0},{"damage_healed":0,"gold_gain":0,"player_choice":"Ignored","damage_taken":0,"max_hp_gain":0,"max_hp_loss":0,"event_name":"NoteForYourself","floor":30,"gold_loss":0},{"cards_removed":["bronze:Replicate"],"damage_healed":0,"gold_gain":0,"player_choice":"Removed Attack","damage_taken":0,"max_hp_gain":0,"max_hp_loss":0,"event_name":"Falling","floor":37,"gold_loss":0},{"damage_healed":0,"gold_gain":0,"player_choice":"Got Potions","damage_taken":0,"max_hp_gain":0,"max_hp_loss":0,"event_name":"Lab","floor":45,"gold_loss":0}],"is_beta":false,"boss_relics":[{"not_picked":["Velvet Choker","Snecko Eye"],"picked":"SacredBark"},{"not_picked":["Kintsugi","Empty Cage"],"picked":"Ring of Chaos"}],"items_purged_floors":[38],"is_endless":false,"potions_floor_spawned":[5,6,13,15,19,20,22,36,44,46,49],"killed_by":"WA_ARCHETYPE_DIVINITY","ascension_level":0}}