{"host":"f8toxsj3bk02pkeu","time":1614098004,"event":{"mods":["BaseMod","Minty Spire (QoL Compilation)","Permanent Neow","Quick Restart","StSLib","SuperFastMode"],"gold_per_floor":[117,267,26,26,37,68,68,84,84,165,176,186,217,229,229,301,301,311,327,597,185,204,204,204,204,230,230,230,20,20,52,52,52,52],"floor_reached":33,"language":"ENG","playtime":712,"items_purged":["Doubt"],"score":596,"play_id":"0d38ab87-1129-4398-8d28-e707fde5de28","local_time":"20210223093324","is_ascension_mode":true,"campfire_choices":[{"data":"Sucker Punch","floor":7,"key":"SMITH"},{"data":"Neutralize","floor":15,"key":"SMITH"},{"floor":23,"key":"REST"},{"floor":25,"key":"REST"},{"floor":27,"key":"REST"},{"floor":32,"key":"REST"}],"circlet_count":0,"master_deck":["AscendersBane","Strike_G","Strike_G","Strike_G","Strike_G","Defend_G","Defend_G","Defend_G","Defend_G","Defend_G","Survivor","Neutralize+1","Sucker Punch+1","Cloak And Dagger","Cloak And Dagger","Bane","Corpse Explosion","Poisoned Stab","A Thousand Cuts","Dodge and Roll+1","Catalyst","Finesse","Noxious Fumes"],"relics":["Ring of the Snake","NeowsBlessing","TwistedFunnel","InkBottle","Potion Belt","Prayer Wheel","Black Star","Tiny Chest","Sling","Art of War","Juzu Bracelet","Strawberry","Singing Bowl","Smiling Mask","Paper Crane"],"acts_visited":["Exordium","TheCity"],"potions_floor_usage":[11,11,12,16,22,31],"damage_taken":[{"damage":0,"enemies":"Small Slimes","floor":1,"turns":1},{"damage":0,"enemies":"Jaw Worm","floor":5,"turns":1},{"damage":0,"enemies":"Lagavulin","floor":6,"turns":1},{"damage":0,"enemies":"Cultist","floor":8,"turns":3},{"damage":0,"enemies":"Exordium Thugs","floor":11,"turns":4},{"damage":5,"enemies":"Gremlin Gang","floor":12,"turns":6},{"damage":29,"enemies":"3 Sentries","floor":13,"turns":10},{"damage":1,"enemies":"2 Fungi Beasts","floor":14,"turns":3},{"damage":10,"enemies":"Hexaghost","floor":16,"turns":9},{"damage":1,"enemies":"3 Byrds","floor":18,"turns":3},{"damage":18,"enemies":"Chosen","floor":19,"turns":5},{"damage":9,"enemies":"Snecko","floor":22,"turns":6},{"damage":51,"enemies":"Book of Stabbing","floor":31,"turns":6},{"damage":38,"enemies":"Champ","floor":33,"turns":7}],"seed_played":"-8019552936107496618","potions_obtained":[{"floor":5,"key":"Poison Potion"},{"floor":8,"key":"BlessingOfTheForge"},{"floor":11,"key":"Regen Potion"},{"floor":14,"key":"PowerPotion"},{"floor":22,"key":"PowerPotion"},{"floor":31,"key":"SpeedPotion"}],"is_trial":false,"path_per_floor":["M","?","$","?","M","E","R","M","T","T","M","M","E","M","R","B",null,"M","M","?","$","M","R","?","R","T","R","T","$","T","E","R","B"],"character_chosen":"THE_SILENT","items_purchased":["TwistedFunnel","Tiny Chest","Sling","Regen Potion","Noxious Fumes","Strawberry"],"campfire_rested":4,"item_purchase_floors":[3,21,21,21,29,29],"current_hp_per_floor":[59,59,59,52,52,52,52,52,52,52,52,62,33,32,32,22,55,54,36,3,3,9,28,10,31,31,52,52,59,59,10,34,0,0],"gold":52,"neow_bonus":"THREE_ENEMY_KILL","is_daily":false,"chose_seed":false,"campfire_upgraded":2,"win_rate":0.0,"timestamp":1614098004,"path_taken":["M","?","$","?","M","E","R","M","T","?","M","M","E","M","R","BOSS","M","?","?","$","?","R","?","R","T","R","?","$","?","E","R","BOSS"],"items_purchased_type":["Relic","Relic","Relic","Potion","Card","Relic"],"build_version":"2020-12-22","purchased_purges":1,"victory":false,"max_hp_per_floor":[66,66,66,66,66,66,66,66,66,66,66,66,66,66,66,66,66,66,66,66,66,66,66,71,71,71,71,71,78,78,80,80,80,80],"card_choices":[{"not_picked":["Accuracy","Quick Slash"],"picked":"Sucker Punch","floor":1},{"not_picked":["Prepared","Quick Slash","Finisher"],"picked":"SKIP","floor":5},{"not_picked":["Underhanded Strike","Malaise"],"picked":"Cloak And Dagger","floor":6},{"not_picked":["Dodge and Roll","Backstab","Reflex"],"picked":"SKIP","floor":8},{"not_picked":["Flechettes","Prepared"],"picked":"Cloak And Dagger","floor":11},{"not_picked":["PiercingWail","Quick Slash"],"picked":"Bane","floor":12},{"not_picked":["Heel Hook","Flying Knee"],"picked":"Corpse Explosion","floor":13},{"not_picked":["Flying Knee","Prepared"],"picked":"Poisoned Stab","floor":14},{"not_picked":["Calculated Gamble","Acrobatics","Outmaneuver"],"picked":"SKIP","floor":14},{"not_picked":["Tools of the Trade","Phantasmal Killer"],"picked":"A Thousand Cuts","floor":16},{"not_picked":["Blade Dance","Quick Slash+1"],"picked":"Dodge and Roll+1","floor":18},{"not_picked":["Underhanded Strike","Deflect","Phantasmal Killer"],"picked":"SKIP","floor":18},{"not_picked":["Leg Sweep","Concentrate"],"picked":"Catalyst","floor":19},{"not_picked":["Choke","Quick Slash","Prepared"],"picked":"SKIP","floor":19},{"not_picked":["PiercingWail","Prepared","Sucker Punch"],"picked":"SKIP","floor":22},{"not_picked":["Deadly Poison","Sucker Punch","Outmaneuver"],"picked":"SKIP","floor":22},{"not_picked":["PiercingWail","Flechettes","Footwork"],"picked":"Singing Bowl","floor":31}],"player_experience":699978,"relics_obtained":[{"floor":6,"key":"InkBottle"},{"floor":9,"key":"Potion Belt"},{"floor":13,"key":"Prayer Wheel"},{"floor":26,"key":"Art of War"},{"floor":28,"key":"Juzu Bracelet"},{"floor":30,"key":"Singing Bowl"},{"floor":31,"key":"Smiling Mask"},{"floor":31,"key":"Paper Crane"}],"event_choices":[{"damage_healed":0,"gold_gain":150,"player_choice":"AGREE","damage_taken":0,"max_hp_gain":0,"max_hp_loss":0,"event_name":"Liars Game","floor":2,"gold_loss":0,"cards_obtained":["Doubt"]},{"cards_removed":["Strike_G"],"damage_healed":0,"gold_gain":0,"player_choice":"Card Removal","damage_taken":7,"max_hp_gain":0,"max_hp_loss":0,"event_name":"Golden Wing","floor":4,"gold_loss":0},{"damage_healed":0,"gold_gain":270,"player_choice":"GOLD GOLD GOLD CARD ","damage_taken":33,"max_hp_gain":0,"max_hp_loss":0,"event_name":"Knowing Skull","floor":20,"potions_obtained":[],"gold_loss":0,"cards_obtained":["Finesse"]},{"damage_healed":0,"gold_gain":0,"player_choice":"Shed Blood","damage_taken":23,"max_hp_gain":5,"max_hp_loss":0,"event_name":"Forgotten Altar","floor":24,"gold_loss":0}],"is_beta":false,"boss_relics":[{"not_picked":["Pandora\u0027s Box","Ring of the Serpent"],"picked":"Black Star"}],"items_purged_floors":[3],"is_endless":false,"potions_floor_spawned":[5,8,11,14,22,31],"killed_by":"Champ","ascension_level":20}}