{"host":"pivahb1bacxk2eup","time":1614073075,"event":{"mods":["AchievementEnabler","BaseMod","Colored Map","Colored Powertips","Downfall","Hermit","Hero for Fun","Hubris","Jedi Mod","Jorbs\u0027s Wanderer Trilogy","Lobotomy","LobotomyExtend","Marisa????????","Minty Spire (QoL Compilation)","Remilia??????","StSLib","The Animator","The Construct","The Hierophant","The Runesmith","The Servant 0.9.4","TheBandit","TheFirefly","Yuri Mod","thorton"],"gold_per_floor":[99,111,127,127,227,227,227,241,266,278,55,55,230,248,266,371,371,171,182,22,22,33,59,59,78,88,35,35,47,47,64,84,189,189,189,202,202,220,220,241,241,281,394,394,449,449,349,391,420,420,420,470,120,120,120,120],"floor_reached":57,"language":"ENG","playtime":6572,"items_purged":["Pride"],"score":1507,"play_id":"0503bf55-afa4-4c07-8fef-c04b27a33fb2","local_time":"20210223043755","is_ascension_mode":true,"campfire_choices":[{"data":"Slimebound:Split","floor":1.0,"key":"SMITH"},{"floor":6.0,"key":"RECALL"},{"floor":12.0,"key":"REST"},{"data":"Apotheosis","floor":18.0,"key":"SMITH"},{"floor":28.0,"key":"REST"},{"floor":30.0,"key":"REST"},{"data":"Slimebound:SelfFormingGoo","floor":35.0,"key":"SMITH"},{"floor":47,"key":"REST"},{"floor":54,"key":"REST"}],"circlet_count":0,"master_deck":["Slimebound:Strike_Slimebound","Slimebound:Strike_Slimebound","Slimebound:Strike_Slimebound","Slimebound:Tackle","Slimebound:Defend_Slimebound","Slimebound:Defend_Slimebound","Slimebound:Defend_Slimebound","Slimebound:Defend_Slimebound","Slimebound:Split+1","Slimebound:CorrosiveSpit","Slimebound:SplitMire","Slimebound:PressTheAttack","Slimebound:Replication","Slimebound:LeechingTouch","Slimebound:GoopSpray","Slimebound:LeadByExample","Apotheosis+1","Slimebound:AcidTongue","Doubt","Slimebound:Prepare+1","Slimebound:SelfFormingGoo+1","Slimebound:Grow","Slimebound:GoopSpray","Slimebound:Grow","Slimebound:SamplingLick+1","Slimebound:Prepare","Slimebound:SlimeBarrage","Slimebound:HauntingLick","Slimebound:Repurpose","Slimebound:SamplingLick+1","Slimebound:Overexert","Slimebound:SpikyOuterGoop+1","hubris:Greed","Slimebound:SlimeSpikes+1","Slimebound:Chomp","Slimebound:SplitLeeching+1","expansioncontent:LastStand","Slimebound:Repurpose+1","Wraith","Slimebound:LivingWall+1","hubris:Greed","Slimebound:AcidTongue+1","hubris:Greed","Slimebound:ViciousTackle+1","Slimebound:ProtectTheBoss","Slimebound:RallyTheTroops","Slimebound:OozeBath"],"relics":["Slimebound:AbsorbEndCombat","Bronze Scales","LetterFromLob","Shuriken","Mango","RedMistMask","jedi:hotpepper","downfall:HeartBlessingRed","downfall:HeartBlessingGreen","Membership Card","Ancient Tea Set","AntiCross","jedi:crownofsimplicity","thethorton:BottledFunds","downfall:TeleportStone","Slimebound:PotencyRelic","StoneCalendar","Slimebound:SlimedTailRelic","hubris:TinFlute","downfall:HeartBlessingBlue","yuri:PortableGlitches","Turnip","hubris:SlimyHat","War Paint","ClockworkSouvenir"],"acts_visited":[],"potions_floor_usage":[55,55,55],"damage_taken":[{"damage":1.0,"enemies":"Cultist","floor":2.0,"turns":4.0},{"damage":10.0,"enemies":"Small Slimes","floor":3.0,"turns":3.0},{"damage":5.0,"enemies":"2 Louse","floor":8.0,"turns":2.0},{"damage":30.0,"enemies":"Gremlin Nob","floor":9.0,"turns":4.0},{"damage":33.0,"enemies":"Exordium Thugs","floor":10.0,"turns":3.0},{"damage":0.0,"enemies":"downfall:FleeingMerchant","floor":11.0,"turns":4.0},{"damage":3.0,"enemies":"Gremlin Gang","floor":14.0,"turns":5.0},{"damage":8.0,"enemies":"3 Louse","floor":15.0,"turns":3.0},{"damage":29.0,"enemies":"DF_ARCHETYPE_STREAMLINE","floor":16.0,"turns":10.0},{"damage":6.0,"enemies":"Chosen","floor":19.0,"turns":3.0},{"damage":4.0,"enemies":"downfall:FleeingMerchant","floor":20.0,"turns":4.0},{"damage":16.0,"enemies":"Spheric Guardian","floor":22.0,"turns":4.0},{"damage":27.0,"enemies":"Gremlin Leader","floor":23.0,"turns":5.0},{"damage":15.0,"enemies":"Snake Plant","floor":25.0,"turns":3.0},{"damage":0.0,"enemies":"Chosen and Byrds","floor":26.0,"turns":3.0},{"damage":6.0,"enemies":"downfall:FleeingMerchant","floor":27.0,"turns":4.0},{"damage":0.0,"enemies":"Centurion and Healer","floor":29.0,"turns":3.0},{"damage":0.0,"enemies":"3 Cultists","floor":31.0,"turns":3.0},{"damage":18.0,"enemies":"Snecko","floor":32.0,"turns":3.0},{"damage":13.0,"enemies":"SI_MIRROR_ARCHETYPE","floor":33.0,"turns":6.0},{"damage":0.0,"enemies":"3 Darklings","floor":36.0,"turns":3.0},{"damage":9.0,"enemies":"3 Shapes","floor":38.0,"turns":2.0},{"damage":0.0,"enemies":"Maw","floor":39.0,"turns":1.0},{"damage":38.0,"enemies":"Transient","floor":40.0,"turns":5.0},{"damage":8.0,"enemies":"Nemesis","floor":42.0,"turns":4.0},{"damage":0,"enemies":"downfall:FleeingMerchant","floor":43,"turns":2},{"damage":0,"enemies":"downfall:FleeingMerchant","floor":45,"turns":3},{"damage":0,"enemies":"Giant Head","floor":48,"turns":5},{"damage":7,"enemies":"Jaw Worm Horde","floor":49,"turns":2},{"damage":27,"enemies":"IC_BLOCK_ARCHETYPE","floor":50,"turns":7},{"damage":37,"enemies":"downfall:CharBossMerchant","floor":52,"turns":6},{"damage":15,"enemies":"downfall:NeowBoss","floor":55,"turns":11},{"damage":35,"enemies":"downfall:NeowBossFinal","floor":56,"turns":9}],"seed_played":"-8169140468499146801","potions_obtained":[{"floor":8.0,"key":"GamblersBrew"},{"floor":9.0,"key":"Slimebound:SlimedPotion"},{"floor":14.0,"key":"EssenceOfSteel"},{"floor":22.0,"key":"jedi:StrikingPotion"},{"floor":23.0,"key":"SmokeBomb"},{"floor":31.0,"key":"Block Potion"},{"floor":32.0,"key":"Block Potion"},{"floor":33.0,"key":"Dexterity Potion"},{"floor":40.0,"key":"construct:ShiftPotion"},{"floor":42.0,"key":"bronze:BurnAndBuffPotion"},{"floor":45,"key":"champ:CounterPotion"},{"floor":49,"key":"Strength Potion"}],"is_trial":false,"path_per_floor":["R","M","M","?","?","R","T","M","E","M","$","R","?","M","M","B",null,"R","M","$","?","M","E","T","M","M","$","R","M","R","M","M","B",null,"R","M","?","M","M","M","T","E","$","?","?","T","R","E","M","B",null,"E","$","R","B","B",null],"character_chosen":"SLIMEBOUND","items_purchased":["Apotheosis","Slimebound:AcidTongue","Membership Card","StoneCalendar","expansioncontent:LastStand","Slimebound:Repurpose","hubris:SlimyHat","jedi:holywater","Slimebound:RallyTheTroops","War Paint","ClockworkSouvenir"],"campfire_rested":5,"item_purchase_floors":[11,11,20,43,43,43,53,53,53,53,53],"current_hp_per_floor":[65,65,57,57,57,57,57,52,42,17,25,48,48,53,45,24,59,59,55,55,55,45,26,26,13,15,17,34,42,59,59,45,40,59,59,59,59,50,50,20,20,16,22,22,30,30,54,62,61,41,64,33,33,52,45,28],"gold":120,"neow_bonus":"RANDOM_COMMON_RELIC","is_daily":false,"chose_seed":false,"campfire_upgraded":3,"win_rate":0.0,"timestamp":1614073075,"path_taken":["R","M","M","?","?","R","T","M","E","M","$","R","?","M","M","BOSS","R","M","$","?","M","E","T","M","M","$","R","M","R","M","M","BOSS","R","M","?","?","?","M","T","E","$","?","?","?","R","E","M","BOSS","E","$","R","BOSS","BOSS"],"items_purchased_type":["Card","Card","Relic","Relic","Card","Card","Relic","Potion","Card","Relic","Relic"],"build_version":"2020-12-22","purchased_purges":1,"victory":true,"max_hp_per_floor":[65,65,65,65,65,65,65,65,79,79,79,79,79,79,79,79,59,59,59,59,59,59,59,59,59,59,59,59,59,59,59,59,59,59,59,59,59,59,59,59,59,59,59,59,59,59,64,64,64,64,64,64,64,64,64,64],"card_choices":[{"not_picked":["Slimebound:MegaLick","Slimebound:SlimeSpikes"],"picked":"Slimebound:SplitMire","floor":2.0},{"not_picked":["Slimebound:SplitAcid","Slimebound:RollThrough"],"picked":"Slimebound:PressTheAttack","floor":3.0},{"not_picked":["Slimebound:SamplingLick","Slimebound:SlimeSpikes"],"picked":"Slimebound:Replication","floor":8.0},{"not_picked":["Slimebound:ComboTackle","Slimebound:SlimeBarrage"],"picked":"Slimebound:LeechingTouch","floor":9.0},{"not_picked":["Slimebound:GrowthPunch","Slimebound:LivingWall"],"picked":"Slimebound:GoopSpray","floor":10.0},{"not_picked":["Slimebound:Dissolve","Slimebound:SlimeSpikes"],"picked":"Slimebound:LeadByExample","floor":11.0},{"not_picked":["Slimebound:FinishingTackle","Slimebound:DivideAndConquer"],"picked":"Slimebound:Prepare","floor":14.0},{"not_picked":["Slimebound:SlimeSpikes","Slimebound:ComboTackle","Slimebound:DisruptingSlam"],"picked":"SKIP","floor":15.0},{"not_picked":["Slimebound:LeechLife","Slimebound:Recycling"],"picked":"Slimebound:SelfFormingGoo","floor":16.0},{"not_picked":["Slimebound:ComboTackle","Slimebound:SlimeSpikes","Slimebound:MegaLick"],"picked":"SKIP","floor":19.0},{"not_picked":["Slimebound:GoopSpray","Slimebound:LeechEnergy+1"],"picked":"Slimebound:Grow","floor":20.0},{"not_picked":["Slimebound:HauntingLick","Slimebound:Replication"],"picked":"Slimebound:GoopSpray","floor":22.0},{"not_picked":["Slimebound:LivingWall","Slimebound:HungryTackle"],"picked":"Slimebound:Grow","floor":23.0},{"not_picked":["Slimebound:BestDefense","Slimebound:LeadByExample"],"picked":"Slimebound:SamplingLick+1","floor":25.0},{"not_picked":["Slimebound:SplitAcid","Slimebound:LeechEnergy+1"],"picked":"Slimebound:Prepare","floor":26.0},{"not_picked":["Slimebound:RollThrough","Slimebound:FlameTackle"],"picked":"Slimebound:SlimeBarrage","floor":27.0},{"not_picked":["Slimebound:ComboTackle","Slimebound:Schlurp"],"picked":"Slimebound:HauntingLick","floor":29.0},{"not_picked":["Slimebound:SlimeBrawl","Slimebound:ViciousTackle+1"],"picked":"Slimebound:Repurpose","floor":31.0},{"not_picked":["Slimebound:RollThrough","Slimebound:HungryTackle"],"picked":"Slimebound:SamplingLick+1","floor":32.0},{"not_picked":["Slimebound:WasteNot","Slimebound:TagTeam"],"picked":"Slimebound:Overexert","floor":33.0},{"not_picked":["Slimebound:SplitBruiser+1","Slimebound:Replication"],"picked":"Slimebound:SpikyOuterGoop+1","floor":36.0},{"not_picked":["Slimebound:SlimeSpikes+1","Slimebound:GoopTackle+1","Slimebound:LeechEnergy"],"picked":"SKIP","floor":38.0},{"not_picked":["Slimebound:DouseInSlime","Slimebound:ForwardTackle+1"],"picked":"Slimebound:SlimeSpikes+1","floor":40.0},{"not_picked":["Slimebound:GoopTackle","Slimebound:Replication"],"picked":"Slimebound:Chomp","floor":42.0},{"not_picked":["Slimebound:ItLooksTasty","Slimebound:ComboTackle+1"],"picked":"Slimebound:SplitLeeching+1","floor":43},{"not_picked":["Slimebound:PressTheAttack+1","Slimebound:RollThrough"],"picked":"Slimebound:LivingWall+1","floor":45},{"not_picked":["Slimebound:SplitMire","Slimebound:DivideAndConquer"],"picked":"Slimebound:AcidTongue+1","floor":48},{"not_picked":["Slimebound:Gluttony","Slimebound:SplitBruiser+1"],"picked":"Slimebound:ViciousTackle+1","floor":49},{"not_picked":["Slimebound:LeechEnergy","Slimebound:SplitSpecialist"],"picked":"Slimebound:ProtectTheBoss","floor":52}],"player_experience":521530,"relics_obtained":[{"floor":2.0,"key":"LetterFromLob"},{"floor":7.0,"key":"Shuriken"},{"floor":9.0,"key":"Mango"},{"floor":16.0,"key":"RedMistMask"},{"floor":23.0,"key":"AntiCross"},{"floor":24.0,"key":"jedi:crownofsimplicity"},{"floor":42.0,"key":"Slimebound:PotencyRelic"},{"floor":45,"key":"Slimebound:SlimedTailRelic"},{"floor":46,"key":"hubris:TinFlute"},{"floor":48,"key":"yuri:PortableGlitches"},{"floor":52,"key":"Turnip"}],"event_choices":[{"damage_healed":0.0,"max_hp_gain":0.0,"max_hp_loss":0.0,"gold_gain":0.0,"event_name":"Addict","player_choice":"Stole Relic","floor":21.0,"gold_loss":0.0,"damage_taken":0.0,"relics_obtained":["Ancient Tea Set"],"cards_obtained":["Pride"]},{"damage_healed":0,"gold_gain":0,"player_choice":"Ignored","damage_taken":0,"max_hp_gain":0,"max_hp_loss":0,"event_name":"OrinTheCat","floor":44,"gold_loss":0}],"is_beta":false,"boss_relics":[{"not_picked":["hubris:VirtuousBlindfold","Cursed Key"],"picked":"jedi:hotpepper"},{"not_picked":["Runesmith:UraniumAnvil","hubris:ScarierMask"],"picked":"thethorton:BottledFunds"}],"items_purged_floors":[27],"is_endless":false,"potions_floor_spawned":[8,9,14,22,23,31,32,33,40,42,45,49],"ascension_level":2}}