{"host":"snggrqcauaf0m8fe","time":1614109156,"event":{"mods":["BaseMod","Minty Spire (QoL Compilation)","Quick Restart"],"gold_per_floor":[118,137,137,212,212,212,251,276,302,10,28,43,118,152,152,152,152],"floor_reached":16,"language":"ENG","playtime":373,"items_purged":[],"score":240,"play_id":"943ac18f-f46c-4014-896b-0a6489125c30","local_time":"20210223203916","is_ascension_mode":true,"campfire_choices":[{"data":"Survivor","floor":6,"key":"SMITH"},{"floor":15,"key":"REST"}],"circlet_count":0,"master_deck":["AscendersBane","Strike_G","Strike_G","Strike_G","Strike_G","Defend_G","Defend_G","Defend_G","Defend_G","Defend_G","Survivor+1","Neutralize","Backstab","Die Die Die","Backstab","Cloak And Dagger"],"relics":["Ring of the Snake","NeowsBlessing","Golden Idol","Ancient Tea Set","Dream Catcher","Akabeko","Sling","PreservedInsect","Matryoshka"],"acts_visited":["Exordium"],"potions_floor_usage":[12,12,13,16],"damage_taken":[{"damage":0,"enemies":"Cultist","floor":1,"turns":1},{"damage":0,"enemies":"Small Slimes","floor":2,"turns":1},{"damage":0,"enemies":"3 Sentries","floor":7,"turns":1},{"damage":1,"enemies":"2 Louse","floor":8,"turns":3},{"damage":3,"enemies":"Red Slaver","floor":11,"turns":3},{"damage":7,"enemies":"Large Slime","floor":12,"turns":9},{"damage":25,"enemies":"Lagavulin Event","floor":13,"turns":4},{"damage":0,"enemies":"Gremlin Nob","floor":14,"turns":2},{"damage":56,"enemies":"Hexaghost","floor":16,"turns":14}],"seed_played":"3217574627085625508","potions_obtained":[{"floor":1,"key":"Regen Potion"},{"floor":2,"key":"Dexterity Potion"},{"floor":7,"key":"GamblersBrew"},{"floor":14,"key":"LiquidBronze"}],"is_trial":false,"path_per_floor":["M","M","?","?","?","R","E","M","T","$","M","M","?","E","R","B"],"character_chosen":"THE_SILENT","items_purchased":["Akabeko","Sling"],"campfire_rested":1,"item_purchase_floors":[10,10],"current_hp_per_floor":[63,63,63,52,52,52,52,51,51,51,48,56,31,31,50,0,0],"gold":152,"neow_bonus":"THREE_ENEMY_KILL","is_daily":false,"chose_seed":false,"campfire_upgraded":1,"win_rate":0.0,"timestamp":1614109156,"path_taken":["M","M","?","?","?","R","E","?","T","?","?","M","?","E","R","BOSS"],"items_purchased_type":["Relic","Relic"],"build_version":"2020-12-22","purchased_purges":0,"victory":false,"max_hp_per_floor":[70,70,65,65,65,65,65,65,65,65,65,65,65,65,65,65,65],"card_choices":[{"not_picked":["Prepared","Underhanded Strike","Flying Knee"],"picked":"SKIP","floor":1},{"not_picked":["Quick Slash","Crippling Poison","Dagger Throw"],"picked":"SKIP","floor":2},{"not_picked":["Infinite Blades","Dagger Spray"],"picked":"Backstab","floor":7},{"not_picked":["PiercingWail","Bane"],"picked":"Die Die Die","floor":8},{"not_picked":["Noxious Fumes","Quick Slash","Sucker Punch"],"picked":"SKIP","floor":11},{"not_picked":["Distraction","PiercingWail"],"picked":"Backstab","floor":12},{"not_picked":["Footwork","Endless Agony"],"picked":"Cloak And Dagger","floor":13},{"not_picked":["Riddle With Holes","Flying Knee","Backflip"],"picked":"SKIP","floor":14}],"player_experience":808375,"relics_obtained":[{"floor":7,"key":"Ancient Tea Set"},{"floor":9,"key":"Dream Catcher"},{"floor":13,"key":"PreservedInsect"},{"floor":14,"key":"Matryoshka"}],"event_choices":[{"damage_healed":0,"gold_gain":0,"player_choice":"Lose Max HP","damage_taken":0,"relics_obtained":["Golden Idol"],"max_hp_gain":0,"max_hp_loss":5,"event_name":"Golden Idol","floor":3,"gold_loss":0},{"damage_healed":0,"gold_gain":75,"player_choice":"Gather Gold","damage_taken":11,"max_hp_gain":0,"max_hp_loss":0,"event_name":"World of Goop","floor":4,"gold_loss":0},{"cards_removed":["Strike_G"],"damage_healed":0,"gold_gain":0,"player_choice":"Offered Basic","damage_taken":0,"max_hp_gain":0,"max_hp_loss":0,"event_name":"Bonfire Elementals","floor":5,"gold_loss":0},{"damage_healed":0,"gold_gain":0,"player_choice":"Searched \u00271\u0027 times","damage_taken":0,"max_hp_gain":0,"max_hp_loss":0,"event_name":"Dead Adventurer","floor":13,"gold_loss":0}],"is_beta":false,"boss_relics":[],"items_purged_floors":[],"is_endless":false,"potions_floor_spawned":[1,2,7,14],"killed_by":"Hexaghost","ascension_level":10}}