{"host":"5sw3zovcv0q4yiho","time":1614068980,"event":{"mods":["BaseMod","Minty Spire (QoL Compilation)","Replay The Spire","StSLib"],"gold_per_floor":[118,35,48,59,59,59,69,88,88,88,117,133,133,168,168,266,266,279,279,86,99,115,115,41,68,68,96,115,115,115,127,127,225,225,245,245,105,121,134,134,20,20,20,20,20,20,20,50,50,58,58,58,21,58,62,62],"floor_reached":55,"language":"ENG","playtime":7723,"items_purged":["Strike_R","Strike_R","Decay","Hallucinations"],"score":1019,"play_id":"bfce1385-541a-44f8-8f10-0dfbcb2f5d92","local_time":"20210223022940","is_ascension_mode":false,"campfire_choices":[{"data":"Cleave","floor":6,"key":"SMITH"},{"data":"Entrench","floor":13,"key":"SMITH"},{"data":"Bash","floor":15,"key":"PURGE"},{"floor":23,"key":"RECALL"},{"data":"Body Slam","floor":30,"key":"SMITH"},{"data":"Shrug It Off","floor":32,"key":"SMITH"},{"floor":40,"key":"DIG"},{"floor":42,"key":"DIG"},{"floor":47,"key":"DIG"},{"data":"Body Slam","floor":49,"key":"SMITH"},{"floor":52,"key":"DIG"}],"circlet_count":0,"master_deck":["Strike_R","Strike_R","Defend_R+1","Defend_R+1","Defend_R+3","Defend_R+2","ReplayReversal+1","Cleave+1","Thunderclap","Shrug It Off+1","Thunderclap","Headbutt","Entrench+1","Shrug It Off","Shrug It Off+1","Body Slam+1","Seeing Red+1","Feed","Voices","Purity","Body Slam+1"],"relics":["Black Blood","Unceasing Top","ReplayTheSpireMod:Shallot","Replay:Bottled Eggs","Lizard Tail","Dream Catcher","Membership Card","Charon\u0027s Ashes","Replay:Bottled Steam","Replay:Ancient Bell","Juzu Bracelet","Paper Frog","Shovel","Simple Rune","Divine Protection","Replay:Bandana","Replay:WaspNest","PreservedInsect","Letter Opener","StoneCalendar"],"acts_visited":["Exordium","TheCity","TheBeyond","TheEnding"],"potions_floor_usage":[4,11,14,19,22,38,39,48,50,50,54,55],"damage_taken":[{"damage":6,"enemies":"Cultist","floor":1,"turns":3},{"damage":7,"enemies":"Small Slimes","floor":2,"turns":5},{"damage":6,"enemies":"Jaw Worm","floor":3,"turns":4},{"damage":17,"enemies":"Exordium Thugs","floor":4,"turns":6},{"damage":5,"enemies":"Looter","floor":7,"turns":4},{"damage":14,"enemies":"Large Slime","floor":8,"turns":8},{"damage":0,"enemies":"3 Sentries","floor":11,"turns":4},{"damage":0,"enemies":"Blue Slaver","floor":12,"turns":3},{"damage":47,"enemies":"Gremlin Nob","floor":14,"turns":5},{"damage":30,"enemies":"Fading Forest","floor":16,"turns":11},{"damage":0,"enemies":"Chosen","floor":18,"turns":6},{"damage":0,"enemies":"2 Thieves","floor":19,"turns":1},{"damage":0,"enemies":"Centurion and Healer","floor":21,"turns":13},{"damage":8,"enemies":"Shelled Parasite and Fungi","floor":22,"turns":10},{"damage":10,"enemies":"Book of Stabbing","floor":25,"turns":7},{"damage":27,"enemies":"Slavers","floor":27,"turns":10},{"damage":1,"enemies":"Chosen and Byrds","floor":28,"turns":5},{"damage":0,"enemies":"Cultist and Chosen","floor":31,"turns":5},{"damage":4,"enemies":"Pondfish","floor":33,"turns":8},{"damage":9,"enemies":"Orb Walker","floor":35,"turns":5},{"damage":17,"enemies":"3 Darklings","floor":38,"turns":6},{"damage":6,"enemies":"Jaw Worm Horde","floor":39,"turns":7},{"damage":1,"enemies":"Maw","floor":48,"turns":11},{"damage":128,"enemies":"Donu and Deca","floor":50,"turns":13},{"damage":77,"enemies":"Shield and Spear","floor":54,"turns":8},{"damage":39,"enemies":"The Heart","floor":55,"turns":2}],"seed_played":"-7899068123720861859","potions_obtained":[{"floor":1,"key":"Energy Potion"},{"floor":7,"key":"Adrenaline Potion"},{"floor":8,"key":"Explosive Potion"},{"floor":12,"key":"SmokeBomb"},{"floor":18,"key":"Dexterity Potion"},{"floor":21,"key":"Reflective Coating"},{"floor":28,"key":"Flashbang"},{"floor":35,"key":"Explosive Potion"},{"floor":38,"key":"PowerPotion"},{"floor":54,"key":"BlessingOfTheForge"}],"is_trial":false,"path_per_floor":["M","M","M","M","?","R","M","M","T","T","E","M","R","E","R","B",null,"M","M","$","M","M","R","$","E","T","E","M","?","R","M","R","B",null,"M","?","$","M","M","R","$","R","T","?","?","?","R","M","R","B",null,"R","$","E","B"],"character_chosen":"IRONCLAD","items_purchased":["Membership Card","Body Slam","Simple Rune","EssenceOfSteel","Regen Potion"],"campfire_rested":0,"item_purchase_floors":[20,24,37,41,53],"current_hp_per_floor":[80,79,79,68,68,68,69,61,61,61,67,73,73,32,32,18,80,80,80,80,80,80,80,80,80,80,65,76,76,76,80,80,80,80,83,83,83,81,86,86,86,86,86,86,86,82,82,85,85,17,85,85,85,35,0,0],"gold":62,"neow_bonus":"ONE_RARE_RELIC","is_daily":false,"chose_seed":false,"campfire_upgraded":5,"win_rate":0.0,"timestamp":1614068980,"path_taken":["M","M","?","M","?","R","M","M","T","?","E","M","R","E","R","BOSS","M","M","$","M","M","R","$","E","T","E","M","?","R","M","R","BOSS","M","?","$","M","M","R","$","R","T","?","?","?","R","M","R","BOSS","R","$","E","BOSS"],"items_purchased_type":["Relic","Card","Relic","Potion","Potion"],"build_version":"2020-12-22","purchased_purges":4,"victory":false,"max_hp_per_floor":[80,80,80,80,80,80,80,80,80,80,80,80,80,80,80,80,80,80,80,80,80,80,80,80,80,80,80,80,80,80,80,80,80,80,83,83,83,86,86,86,86,86,86,86,86,82,82,85,85,85,85,85,85,85,85,85],"card_choices":[{"not_picked":["Headbutt","Flex"],"picked":"ReplayReversal","floor":1},{"not_picked":["Second Wind","Clash","Perfected Strike"],"picked":"SKIP","floor":2},{"not_picked":["Warcry","Shockwave"],"picked":"Cleave","floor":3},{"not_picked":["Abandon","Wild Strike"],"picked":"Thunderclap","floor":4},{"not_picked":["Warcry","Body Slam"],"picked":"Shrug It Off","floor":7},{"not_picked":["Dropkick","Clothesline"],"picked":"Thunderclap","floor":8},{"not_picked":["Abandon","Life Link"],"picked":"Headbutt","floor":11},{"not_picked":["Abandon","Reckless Charge"],"picked":"Entrench","floor":12},{"not_picked":["Rage","Perfected Strike"],"picked":"Shrug It Off","floor":14},{"not_picked":["Perfected Strike+1","Wild Strike","Heavy Blade+1"],"picked":"SKIP","floor":18},{"not_picked":["Carnage","Sentinel+1","Power Through+1"],"picked":"SKIP","floor":21},{"not_picked":["ReplayTheSpireMod:Corrosion Curse+1","Anger"],"picked":"Shrug It Off+1","floor":22},{"not_picked":["ReplayTheSpireMod:Muscle Training","ReplayTheSpireMod:Corrosion Curse","Run Through"],"picked":"SKIP","floor":25},{"not_picked":["Impervious","Flame Barrier","Perfected Strike"],"picked":"SKIP","floor":27},{"not_picked":["Shrug It Off","Blood for Blood","Warcry"],"picked":"SKIP","floor":28},{"not_picked":["Flame Barrier+1","ReplayTheSpireMod:Stacked"],"picked":"Seeing Red+1","floor":31},{"not_picked":["Bludgeon","Reaper"],"picked":"Feed","floor":33},{"not_picked":["Pain","Looming Evil"],"picked":"Decay","floor":34},{"not_picked":["Delirium","ReplayTheSpireMod:Restless Dread"],"picked":"Voices","floor":34},{"not_picked":["Spreading Infection","CurseOfTheBell"],"picked":"Hallucinations","floor":34},{"not_picked":["Cleave+1","Flex+1","Rupture+1"],"picked":"SKIP","floor":35},{"not_picked":["Rampage+1","Reckless Charge+1","Heavy Blade+1"],"picked":"SKIP","floor":38},{"not_picked":["Replay:Many Hands","Heavy Blade+1","Cleave+1"],"picked":"SKIP","floor":39},{"not_picked":["ReplayTheSpireMod:Uncanny Aura","Violence"],"picked":"Purity","floor":44},{"not_picked":["Headbutt+1","Infernal Blade"],"picked":"Body Slam","floor":48},{"not_picked":["Flex","Sword Boomerang","Reaper"],"picked":"SKIP","floor":54}],"player_experience":313063,"relics_obtained":[{"floor":9,"key":"ReplayTheSpireMod:Shallot"},{"floor":10,"key":"Replay:Bottled Eggs"},{"floor":11,"key":"Lizard Tail"},{"floor":14,"key":"Dream Catcher"},{"floor":25,"key":"Charon\u0027s Ashes"},{"floor":27,"key":"Replay:Bottled Steam"},{"floor":40,"key":"Divine Protection"},{"floor":42,"key":"Replay:Bandana"},{"floor":43,"key":"Replay:WaspNest"},{"floor":47,"key":"PreservedInsect"},{"floor":52,"key":"Letter Opener"},{"floor":54,"key":"StoneCalendar"}],"event_choices":[{"damage_healed":0,"gold_gain":0,"player_choice":"Grow","damage_taken":0,"max_hp_gain":0,"max_hp_loss":0,"event_name":"Living Wall","floor":5,"gold_loss":0,"cards_upgraded":["ReplayReversal"]},{"cards_removed":["Strike_R"],"damage_healed":0,"gold_gain":0,"player_choice":"Elegance","damage_taken":0,"max_hp_gain":0,"max_hp_loss":0,"event_name":"Back to Basics","floor":29,"gold_loss":0},{"damage_healed":0,"gold_gain":0,"player_choice":"Ignored","damage_taken":0,"max_hp_gain":0,"max_hp_loss":0,"event_name":"Tomb of Lord Red Mask","floor":36,"gold_loss":0},{"damage_healed":0,"gold_gain":0,"player_choice":"Memory 1","damage_taken":0,"max_hp_gain":0,"max_hp_loss":0,"event_name":"SensoryStone","floor":44,"gold_loss":0},{"damage_healed":0,"gold_gain":0,"player_choice":"Forge","damage_taken":0,"max_hp_gain":0,"max_hp_loss":0,"event_name":"Accursed Blacksmith","floor":45,"gold_loss":0,"cards_upgraded":["Defend_R"]},{"damage_healed":0,"gold_gain":0,"player_choice":"Max HP","damage_taken":0,"max_hp_gain":0,"max_hp_loss":4,"event_name":"Winding Halls","floor":46,"gold_loss":0}],"is_beta":false,"boss_relics":[{"not_picked":["ChewingGum","Velvet Choker"],"picked":"Black Blood"},{"not_picked":["Replay:Bronze Core","Painkiller Herb"],"picked":"Replay:Ancient Bell"},{"not_picked":["War Paint","Red Skull"],"picked":"Juzu Bracelet"},{"not_picked":["Pear","Golden Egg"],"picked":"Paper Frog"},{"not_picked":["Replay:Multitool","FossilizedHelix"],"picked":"Shovel"}],"items_purged_floors":[20,24,37,41],"is_endless":false,"potions_floor_spawned":[1,7,8,12,18,19,21,28,35,38,54],"killed_by":"The Heart","ascension_level":0}}