{"host":"insagfzijja1377g","time":1614106569,"event":{"mods":["BaseMod","Bestiary","Highlight Path","Minty Spire (QoL Compilation)","Relic Stats","Slay the Relics Exporter"],"gold_per_floor":[361,436,15,15,31,31,59,98,122,122,178,189,206,241,241,361,361,401,413,444,444,414,477,526,526,526,580,603,28,47,92,92,222,249,273,322,11,31,50,109,165,232,232,266,266,266,291,68,68,98,98,98,98,135,135],"floor_reached":56,"language":"ENG","playtime":3442,"items_purged":["Defend_P+1","Strike_P+1"],"score":1831,"play_id":"593b683d-b794-4ed2-af5e-b667e6997eae","local_time":"20210223125609","is_ascension_mode":true,"campfire_choices":[{"floor":6,"key":"REST"},{"data":"Tantrum","floor":15,"key":"SMITH"},{"data":"Vault","floor":25,"key":"SMITH"},{"data":"Wish","floor":32,"key":"SMITH"},{"data":"1","floor":45,"key":"LIFT"},{"floor":49,"key":"RECALL"},{"data":"2","floor":52,"key":"LIFT"}],"circlet_count":0,"master_deck":["Strike_P+1","Strike_P+1","Eruption+1","Vigilance","TalkToTheHand+1","Tantrum+1","FlurryOfBlows+1","Wish+1","TalkToTheHand+1","EmptyFist+1","TalkToTheHand+1","Consecrate+1","SashWhip","Vault+1","WheelKick","CarveReality+1","EmptyMind+1","LessonLearned","Vengeance+1","FearNoEvil+1","Wallop+1","ClearTheMind","DeceiveReality+1","Adaptation+1","Vault+1","LikeWater+1","CutThroughFate+1","Judgement+1","Scrawl+1","Swivel+1","CutThroughFate+1","FlurryOfBlows","Nirvana+1","ThirdEye+1","MentalFortress+1","Tantrum+1","Weave+1","SpiritShield"],"relics":["PureWater","Orrery","Happy Flower","Orichalcum","Vajra","Toy Ornithopter","Philosopher\u0027s Stone","Red Mask","CeramicFish","Eternal Feather","Singing Bowl","PreservedInsect","OrangePellets","Astrolabe","Bag of Marbles","Oddly Smooth Stone","Girya","Damaru","Bag of Preparation","Calipers"],"acts_visited":["Exordium","TheCity","TheBeyond","TheEnding"],"potions_floor_usage":[7,12,16,20,27,27,33,40,41,55,55,55],"damage_taken":[{"damage":0,"enemies":"Small Slimes","floor":1,"turns":3},{"damage":0,"enemies":"2 Louse","floor":5,"turns":1},{"damage":14,"enemies":"3 Sentries","floor":7,"turns":4},{"damage":0,"enemies":"Cultist","floor":8,"turns":3},{"damage":0,"enemies":"Gremlin Nob","floor":11,"turns":4},{"damage":2,"enemies":"Gremlin Gang","floor":12,"turns":2},{"damage":0,"enemies":"Blue Slaver","floor":13,"turns":2},{"damage":10,"enemies":"Exordium Wildlife","floor":14,"turns":2},{"damage":0,"enemies":"Slime Boss","floor":16,"turns":6},{"damage":13,"enemies":"3 Byrds","floor":18,"turns":7},{"damage":0,"enemies":"Spheric Guardian","floor":19,"turns":2},{"damage":0,"enemies":"Masked Bandits","floor":20,"turns":2},{"damage":0,"enemies":"Gremlin Leader","floor":23,"turns":7},{"damage":0,"enemies":"Cultist and Chosen","floor":24,"turns":7},{"damage":15,"enemies":"Slavers","floor":27,"turns":4},{"damage":0,"enemies":"Snecko","floor":28,"turns":2},{"damage":2,"enemies":"Snake Plant","floor":30,"turns":3},{"damage":2,"enemies":"Cultist and Chosen","floor":31,"turns":3},{"damage":0,"enemies":"Collector","floor":33,"turns":7},{"damage":0,"enemies":"3 Darklings","floor":35,"turns":6},{"damage":1,"enemies":"3 Shapes","floor":36,"turns":7},{"damage":0,"enemies":"Sphere and 2 Shapes","floor":38,"turns":4},{"damage":0,"enemies":"Writhing Mass","floor":39,"turns":6},{"damage":16,"enemies":"Reptomancer","floor":40,"turns":6},{"damage":0,"enemies":"2 Orb Walkers","floor":41,"turns":3},{"damage":0,"enemies":"Giant Head","floor":42,"turns":6},{"damage":14,"enemies":"Nemesis","floor":44,"turns":9},{"damage":0,"enemies":"3 Darklings","floor":47,"turns":4},{"damage":33,"enemies":"Time Eater","floor":50,"turns":11},{"damage":2,"enemies":"Shield and Spear","floor":54,"turns":2},{"damage":54,"enemies":"The Heart","floor":55,"turns":9}],"seed_played":"-5045412932234683783","potions_obtained":[{"floor":7,"key":"DistilledChaos"},{"floor":11,"key":"Energy Potion"},{"floor":12,"key":"Dexterity Potion"},{"floor":13,"key":"Ancient Potion"},{"floor":16,"key":"PowerPotion"},{"floor":20,"key":"SteroidPotion"},{"floor":30,"key":"SpeedPotion"},{"floor":31,"key":"BlessingOfTheForge"},{"floor":33,"key":"Swift Potion"},{"floor":35,"key":"EssenceOfSteel"},{"floor":40,"key":"FairyPotion"},{"floor":42,"key":"DistilledChaos"},{"floor":44,"key":"PowerPotion"}],"is_trial":false,"path_per_floor":["M","?","$","?","M","R","E","M","T","?","E","M","M","M","R","B",null,"M","M","?","?","?","E","M","R","T","E","M","$","M","M","R","B",null,"M","M","$","M","M","E","?","E","T","E","R","?","M","$","R","B",null,"R","$","E","B",null],"character_chosen":"WATCHER","items_purchased":["Orrery","TalkToTheHand","Happy Flower","Fire Potion","PreservedInsect","OrangePellets","Vault","LikeWater","FlurryOfBlows","Nirvana","Bag of Marbles","SteroidPotion","SteroidPotion","Weave"],"campfire_rested":1,"item_purchase_floors":[3,3,3,3,29,29,29,29,37,37,37,37,48,48],"current_hp_per_floor":[47,36,36,36,36,57,43,43,43,43,43,46,46,36,36,41,64,51,51,56,56,56,56,56,56,56,53,53,53,51,51,69,76,78,78,79,79,81,83,74,79,79,79,67,88,88,88,88,88,55,80,88,88,86,39],"gold":135,"neow_bonus":"TWO_FIFTY_GOLD","is_daily":false,"chose_seed":false,"campfire_upgraded":3,"win_rate":0.0,"timestamp":1614106569,"path_taken":["M","?","$","?","M","R","E","M","T","?","E","M","?","?","R","BOSS","M","M","?","?","?","E","M","R","T","E","M","$","?","M","R","BOSS","M","M","$","M","M","E","?","E","T","E","R","?","?","$","R","BOSS","R","$","E","BOSS"],"items_purchased_type":["Relic","Card","Relic","Potion","Relic","Relic","Card","Card","Card","Card","Relic","Potion","Potion","Card"],"build_version":"2020-12-22","purchased_purges":2,"victory":true,"max_hp_per_floor":[72,72,72,72,72,72,72,72,72,72,72,72,72,72,72,72,72,72,72,72,72,72,72,72,72,72,74,74,74,74,76,76,78,78,78,80,80,82,84,86,86,86,86,88,88,88,88,88,88,88,88,88,88,88,88],"relic_stats":{"OrangePellets":[10],"Happy Flower":[47],"Singing Bowl":16,"counters":[31,144],"CeramicFish":153,"Astrolabe":["Judgement","Scrawl","Swivel"],"Eternal Feather":47,"PreservedInsect":300,"Bag of Preparation":[8],"Orichalcum":[174],"obtain_stats":[{"Girya":41,"Calipers":54,"Happy Flower":3,"Singing Bowl":27,"CeramicFish":23,"Astrolabe":34,"Vajra":9,"Oddly Smooth Stone":40,"Damaru":42,"Eternal Feather":26,"PreservedInsect":29,"Bag of Preparation":44,"Orichalcum":7,"OrangePellets":29,"Orrery":3,"Philosopher\u0027s Stone":17,"Red Mask":20,"Bag of Marbles":37,"PureWater":0,"Toy Ornithopter":11},{"Girya":25,"Calipers":30,"Happy Flower":1,"Singing Bowl":15,"CeramicFish":13,"Astrolabe":19,"Vajra":4,"Oddly Smooth Stone":24,"Damaru":26,"Eternal Feather":14,"PreservedInsect":16,"Bag of Preparation":27,"Orichalcum":3,"OrangePellets":16,"Orrery":1,"Philosopher\u0027s Stone":9,"Red Mask":12,"Bag of Marbles":21,"PureWater":0,"Toy Ornithopter":5},{"Girya":103,"Calipers":135,"Happy Flower":3,"Singing Bowl":56,"CeramicFish":45,"Astrolabe":71,"Vajra":11,"Oddly Smooth Stone":100,"Damaru":109,"Eternal Feather":52,"PreservedInsect":58,"Bag of Preparation":118,"Orichalcum":8,"OrangePellets":58,"Orrery":3,"Philosopher\u0027s Stone":27,"Red Mask":38,"Bag of Marbles":84,"PureWater":0,"Toy Ornithopter":15}],"Toy Ornithopter":47},"card_choices":[{"not_picked":["FlurryOfBlows","Perseverance"],"picked":"TalkToTheHand","floor":1},{"not_picked":["ClearTheMind","Evaluate"],"picked":"Tantrum","floor":3},{"not_picked":["BattleHymn","SignatureMove"],"picked":"FlurryOfBlows","floor":3},{"not_picked":["Prostrate","WreathOfFlame"],"picked":"Wish","floor":3},{"not_picked":["MentalFortress","ThirdEye"],"picked":"TalkToTheHand","floor":3},{"not_picked":["Worship","FollowUp"],"picked":"EmptyFist","floor":3},{"not_picked":["WheelKick","JustLucky"],"picked":"Consecrate","floor":5},{"not_picked":["Prostrate","Sanctity","EmptyFist"],"picked":"SKIP","floor":7},{"not_picked":["ForeignInfluence","BowlingBash"],"picked":"SashWhip","floor":8},{"not_picked":["ThirdEye","JustLucky"],"picked":"Vault","floor":11},{"not_picked":["Prostrate","SandsOfTime"],"picked":"WheelKick","floor":12},{"not_picked":["ReachHeaven","Nirvana"],"picked":"CarveReality","floor":13},{"not_picked":["Evaluate","EmptyFist"],"picked":"EmptyMind","floor":14},{"not_picked":["Alpha","Vault"],"picked":"LessonLearned","floor":16},{"not_picked":["PathToVictory","Evaluate"],"picked":"Vengeance","floor":18},{"not_picked":["EmptyFist","Sanctity"],"picked":"FearNoEvil","floor":19},{"not_picked":["Halt","EmptyBody"],"picked":"Wallop","floor":20},{"not_picked":["Protect","FlyingSleeves"],"picked":"ClearTheMind","floor":23},{"not_picked":["Protect","JustLucky+1"],"picked":"DeceiveReality+1","floor":24},{"not_picked":["FollowUp+1","WindmillStrike+1","Prostrate"],"picked":"Singing Bowl","floor":27},{"not_picked":["MentalFortress","ThirdEye"],"picked":"Adaptation+1","floor":28},{"not_picked":["LikeWater","Tantrum"],"picked":"CutThroughFate","floor":30},{"not_picked":["FlyingSleeves","PathToVictory","FollowUp"],"picked":"Singing Bowl","floor":31},{"not_picked":["Establishment","DeusExMachina","Alpha"],"picked":"Singing Bowl","floor":33},{"not_picked":["Protect","BowlingBash+1"],"picked":"CutThroughFate+1","floor":35},{"not_picked":["FlyingSleeves","Crescendo+1","Prostrate+1"],"picked":"Singing Bowl","floor":36},{"not_picked":["SignatureMove","Protect","JustLucky+1"],"picked":"Singing Bowl","floor":38},{"not_picked":["Nirvana+1","Halt+1","EmptyBody+1"],"picked":"Singing Bowl","floor":39},{"not_picked":["Perseverance+1","SashWhip","EmptyFist"],"picked":"Singing Bowl","floor":40},{"not_picked":["Consecrate+1","DeceiveReality+1"],"picked":"ThirdEye+1","floor":41},{"not_picked":["LessonLearned","ClearTheMind+1"],"picked":"MentalFortress+1","floor":42},{"not_picked":["TalkToTheHand","Consecrate","Brilliance"],"picked":"Singing Bowl","floor":44},{"not_picked":["CrushJoints","Crescendo"],"picked":"Tantrum+1","floor":47},{"not_picked":["Pray+1","WreathOfFlame"],"picked":"SpiritShield","floor":54}],"player_experience":2209229,"relics_obtained":[{"floor":7,"key":"Orichalcum"},{"floor":9,"key":"Vajra"},{"floor":11,"key":"Toy Ornithopter"},{"floor":20,"key":"Red Mask"},{"floor":23,"key":"CeramicFish"},{"floor":26,"key":"Eternal Feather"},{"floor":27,"key":"Singing Bowl"},{"floor":40,"key":"Oddly Smooth Stone"},{"floor":41,"key":"Girya"},{"floor":42,"key":"Damaru"},{"floor":44,"key":"Bag of Preparation"},{"floor":54,"key":"Calipers"}],"event_choices":[{"damage_healed":0,"gold_gain":75,"player_choice":"Gather Gold","damage_taken":11,"max_hp_gain":0,"max_hp_loss":0,"event_name":"World of Goop","floor":2,"gold_loss":0},{"damage_healed":0,"gold_gain":0,"player_choice":"Grow","damage_taken":0,"max_hp_gain":0,"max_hp_loss":0,"event_name":"Living Wall","floor":4,"gold_loss":0,"cards_upgraded":["TalkToTheHand"]},{"cards_removed":["Defend_P"],"damage_healed":0,"gold_gain":0,"player_choice":"Offered Basic","damage_taken":0,"max_hp_gain":0,"max_hp_loss":0,"event_name":"Bonfire Elementals","floor":10,"gold_loss":0},{"damage_healed":0,"gold_gain":0,"player_choice":"Fought Bandits","damage_taken":0,"max_hp_gain":0,"max_hp_loss":0,"event_name":"Masked Bandits","floor":20,"gold_loss":0},{"damage_healed":0,"gold_gain":0,"player_choice":"Simplicity","damage_taken":0,"max_hp_gain":0,"max_hp_loss":0,"event_name":"Back to Basics","floor":21,"gold_loss":0,"cards_upgraded":["Strike_P","Strike_P","Strike_P","Strike_P","Defend_P","Defend_P","Defend_P"]},{"damage_healed":0,"gold_gain":0,"player_choice":"Bought 2 Potions","damage_taken":0,"max_hp_gain":0,"max_hp_loss":0,"event_name":"The Woman in Blue","floor":22,"gold_loss":0},{"damage_healed":0,"gold_gain":0,"player_choice":"Fight","damage_taken":0,"max_hp_gain":0,"max_hp_loss":0,"event_name":"Mysterious Sphere","floor":41,"gold_loss":0},{"damage_healed":0,"gold_gain":0,"player_choice":"Upgraded","damage_taken":0,"max_hp_gain":0,"max_hp_loss":0,"event_name":"Upgrade Shrine","floor":46,"gold_loss":0,"cards_upgraded":["Nirvana"]}],"is_beta":false,"boss_relics":[{"not_picked":["Sozu","Busted Crown"],"picked":"Philosopher\u0027s Stone"},{"not_picked":["Velvet Choker","Fusion Hammer"],"picked":"Astrolabe"}],"items_purged_floors":[29,48],"is_endless":false,"potions_floor_spawned":[7,11,12,13,16,19,20,30,31,33,35,40,42,44,47],"ascension_level":6}}