{"host":"hfxp6ue4pvwo3fit","time":1614056987,"event":{"mods":["AchievementEnabler","BaseMod","Colored Map","Colored Powertips","Highlight Path","Minty Spire (QoL Compilation)","Relic Stats","StSLib","SuperFastMode"],"gold_per_floor":[109,109,120,120,132,158,123,152,178,178,206,216,227,242,242,319,319,296,296,315,329,244,256,268,280,319,357,384,416,456,65,65,138,138,152,152,77,93,109,109,124,124,203,233,233,244,244,261,261,261,261],"floor_reached":50,"language":"ENG","playtime":1954,"items_purged":["Strike_G+1"],"score":1193,"play_id":"9e979cc0-74b8-4ff4-926c-7100b1b65212","local_time":"20210222230947","is_ascension_mode":true,"campfire_choices":[{"floor":10.0,"key":"REST"},{"floor":15.0,"key":"REST"},{"data":"Wraith Form v2","floor":23.0,"key":"SMITH"},{"data":"Leg Sweep","floor":32.0,"key":"SMITH"},{"data":"Night Terror","floor":40,"key":"SMITH"},{"floor":45,"key":"REST"},{"data":"Catalyst","floor":47,"key":"SMITH"},{"data":"Blur","floor":49,"key":"SMITH"}],"circlet_count":0,"master_deck":["AscendersBane","Strike_G+1","Strike_G+1","Defend_G+1","Defend_G+1","Defend_G+1","Defend_G+1","Defend_G+1","Survivor+1","Neutralize","Leg Sweep+1","Noxious Fumes+1","Dash","Escape Plan","Noxious Fumes","Deadly Poison","Poisoned Stab","PiercingWail","Wraith Form v2+1","Deadly Poison+1","Doppelganger","Blur+1","Footwork","Acrobatics","Noxious Fumes","Noxious Fumes","Night Terror+1","Backflip+1","Catalyst+1","Catalyst","Malaise"],"relics":["Ring of the Snake","NeowsBlessing","War Paint","Oddly Smooth Stone","Mummified Hand","MealTicket","StrikeDummy","Philosopher\u0027s Stone","MawBank","Dream Catcher","Snake Skull","Bag of Preparation","Pocketwatch","Black Star","Sundial","Pen Nib","Dead Branch"],"acts_visited":["Exordium","TheCity","TheBeyond"],"potions_floor_usage":[48],"damage_taken":[{"damage":0.0,"enemies":"Jaw Worm","floor":1.0,"turns":1.0},{"damage":0.0,"enemies":"Small Slimes","floor":3.0,"turns":1.0},{"damage":0.0,"enemies":"2 Louse","floor":5.0,"turns":1.0},{"damage":27.0,"enemies":"3 Sentries","floor":6.0,"turns":10.0},{"damage":25.0,"enemies":"Gremlin Nob","floor":8.0,"turns":6.0},{"damage":5.0,"enemies":"3 Sentries","floor":11.0,"turns":9.0},{"damage":0.0,"enemies":"Blue Slaver","floor":12.0,"turns":4.0},{"damage":9.0,"enemies":"Red Slaver","floor":13.0,"turns":4.0},{"damage":0.0,"enemies":"Looter","floor":14.0,"turns":3.0},{"damage":11.0,"enemies":"Slime Boss","floor":16.0,"turns":10.0},{"damage":0.0,"enemies":"2 Thieves","floor":18.0,"turns":4.0},{"damage":4.0,"enemies":"Shell Parasite","floor":20.0,"turns":5.0},{"damage":12.0,"enemies":"Snake Plant","floor":21.0,"turns":4.0},{"damage":3.0,"enemies":"Book of Stabbing","floor":27.0,"turns":6.0},{"damage":0.0,"enemies":"Chosen and Byrds","floor":28.0,"turns":6.0},{"damage":2.0,"enemies":"Cultist and Chosen","floor":29.0,"turns":7.0},{"damage":0.0,"enemies":"Slavers","floor":30.0,"turns":5.0},{"damage":34.0,"enemies":"Automaton","floor":33.0,"turns":9.0},{"damage":2,"enemies":"3 Shapes","floor":35,"turns":4},{"damage":4,"enemies":"3 Darklings","floor":38,"turns":6},{"damage":18,"enemies":"4 Shapes","floor":39,"turns":4},{"damage":12,"enemies":"Sphere and 2 Shapes","floor":41,"turns":5},{"damage":0,"enemies":"Nemesis","floor":44,"turns":9},{"damage":2,"enemies":"Transient","floor":46,"turns":6},{"damage":0,"enemies":"Jaw Worm Horde","floor":48,"turns":4},{"damage":66,"enemies":"Awakened One","floor":50,"turns":4}],"seed_played":"7636131002518359385","potions_obtained":[{"floor":3.0,"key":"Dexterity Potion"},{"floor":6.0,"key":"Block Potion"},{"floor":8.0,"key":"BlessingOfTheForge"},{"floor":12.0,"key":"PowerPotion"},{"floor":16.0,"key":"Explosive Potion"},{"floor":18.0,"key":"Fruit Juice"},{"floor":21.0,"key":"EssenceOfSteel"},{"floor":30.0,"key":"Fire Potion"},{"floor":38,"key":"SkillPotion"},{"floor":48,"key":"Fruit Juice"}],"is_trial":false,"path_per_floor":["M","?","M","?","M","E","?","E","T","R","E","M","M","M","R","B",null,"M","?","M","M","?","R","?","$","T","E","M","M","E","$","R","B",null,"M","?","$","M","M","R","M","?","T","E","R","M","R","M","R","B"],"character_chosen":"THE_SILENT","items_purchased":["Pocketwatch","Noxious Fumes"],"campfire_rested":3,"item_purchase_floors":[31,31],"current_hp_per_floor":[59,48,48,48,48,21,37,12,12,31,26,26,17,17,36,25,56,56,56,52,45,45,45,45,60,60,57,57,55,55,70,70,36,62,60,60,71,67,49,49,37,37,37,37,58,56,56,61,61,0,0],"gold":261,"neow_bonus":"THREE_ENEMY_KILL","is_daily":false,"chose_seed":false,"campfire_upgraded":5,"win_rate":0.0,"timestamp":1614056987,"path_taken":["M","?","M","?","M","E","?","E","T","R","E","M","M","?","R","BOSS","M","?","?","M","?","R","?","?","T","E","M","M","E","$","R","BOSS","M","?","$","M","M","R","M","?","T","E","R","M","R","M","R","BOSS"],"items_purchased_type":["Relic","Card"],"build_version":"2020-12-22","purchased_purges":1,"victory":false,"max_hp_per_floor":[66,66,66,66,66,66,66,66,66,66,66,66,66,66,66,66,66,66,66,66,71,71,71,71,71,71,71,71,71,71,71,71,71,71,71,71,71,71,71,71,71,71,71,71,71,71,71,76,76,76,76],"relic_stats":{"counters":[26,137],"Dead Branch":[16],"Snake Skull":[144],"Pen Nib":[1],"Bag of Preparation":[18],"War Paint":["Survivor","Defend_G"],"MawBank":108,"Dream Catcher":1,"Mummified Hand":[104],"Sundial":[2],"MealTicket":41,"Black Star":1,"obtain_stats":[{"NeowsBlessing":0,"Dead Branch":44,"Oddly Smooth Stone":6,"Snake Skull":27,"Pen Nib":44,"Bag of Preparation":30,"War Paint":2,"MawBank":22,"Dream Catcher":26,"Mummified Hand":8,"Sundial":43,"MealTicket":9,"Philosopher\u0027s Stone":17,"Black Star":34,"StrikeDummy":11,"Ring of the Snake":0,"Pocketwatch":31},{"NeowsBlessing":0,"Dead Branch":23,"Oddly Smooth Stone":4,"Snake Skull":14,"Pen Nib":23,"Bag of Preparation":17,"War Paint":1,"MawBank":13,"Dream Catcher":13,"Mummified Hand":5,"Sundial":22,"MealTicket":5,"Philosopher\u0027s Stone":10,"Black Star":18,"StrikeDummy":6,"Ring of the Snake":0,"Pocketwatch":17},{"NeowsBlessing":0,"Dead Branch":123,"Oddly Smooth Stone":13,"Snake Skull":68,"Pen Nib":123,"Bag of Preparation":86,"War Paint":1,"MawBank":62,"Dream Catcher":62,"Mummified Hand":19,"Sundial":114,"MealTicket":19,"Philosopher\u0027s Stone":49,"Black Star":95,"StrikeDummy":28,"Ring of the Snake":0,"Pocketwatch":86}],"Ring of the Snake":[52],"Pocketwatch":[46]},"card_choices":[{"not_picked":["Backflip","Setup"],"picked":"Leg Sweep","floor":1.0},{"not_picked":["Leg Sweep","Prepared"],"picked":"Noxious Fumes","floor":3.0},{"not_picked":["Terror","Concentrate","Accuracy"],"picked":"SKIP","floor":5.0},{"not_picked":["A Thousand Cuts","Leg Sweep"],"picked":"Dash","floor":6.0},{"not_picked":["Dodge and Roll","Acrobatics"],"picked":"Escape Plan","floor":8.0},{"not_picked":["Tactician","Deadly Poison"],"picked":"Noxious Fumes","floor":11.0},{"not_picked":["Sucker Punch","Terror"],"picked":"Deadly Poison","floor":12.0},{"not_picked":["Setup","Finisher"],"picked":"Poisoned Stab","floor":13.0},{"not_picked":["Underhanded Strike","Acrobatics"],"picked":"PiercingWail","floor":14.0},{"not_picked":["Night Terror","After Image"],"picked":"Wraith Form v2","floor":16.0},{"not_picked":["Calculated Gamble","Sucker Punch"],"picked":"Deadly Poison+1","floor":18.0},{"not_picked":["Skewer","Sucker Punch"],"picked":"Blur","floor":20.0},{"not_picked":["Endless Agony","Skewer","Outmaneuver"],"picked":"SKIP","floor":21.0},{"not_picked":["Setup","PiercingWail"],"picked":"Footwork","floor":27.0},{"not_picked":["Deadly Poison","Sucker Punch"],"picked":"Acrobatics","floor":28.0},{"not_picked":["Phantasmal Killer","Blade Dance","Dash"],"picked":"SKIP","floor":29.0},{"not_picked":["Prepared","Acrobatics"],"picked":"Noxious Fumes","floor":30.0},{"not_picked":["Venomology","Unload"],"picked":"Night Terror","floor":33.0},{"not_picked":["Slice","Tactician"],"picked":"Backflip+1","floor":35},{"not_picked":["Infinite Blades+1","Dodge and Roll+1","Eviscerate"],"picked":"SKIP","floor":38},{"not_picked":["Outmaneuver","Terror+1","Deflect"],"picked":"SKIP","floor":39},{"not_picked":["Envenom","Underhanded Strike+1","Backflip"],"picked":"SKIP","floor":41},{"not_picked":["Masterful Stab+1","Slice+1"],"picked":"Catalyst","floor":44},{"not_picked":["Slice","PiercingWail+1"],"picked":"Catalyst","floor":45},{"not_picked":["Dodge and Roll","Infinite Blades"],"picked":"Malaise","floor":46},{"not_picked":["Deadly Poison","Eviscerate+1","Acrobatics"],"picked":"SKIP","floor":48}],"player_experience":525338,"relics_obtained":[{"floor":6.0,"key":"Oddly Smooth Stone"},{"floor":8.0,"key":"Mummified Hand"},{"floor":9.0,"key":"MealTicket"},{"floor":11.0,"key":"StrikeDummy"},{"floor":26.0,"key":"Dream Catcher"},{"floor":27.0,"key":"Snake Skull"},{"floor":30.0,"key":"Bag of Preparation"},{"floor":43,"key":"Sundial"},{"floor":44,"key":"Pen Nib"},{"floor":44,"key":"Dead Branch"}],"event_choices":[{"damage_healed":0.0,"max_hp_gain":0.0,"max_hp_loss":0.0,"gold_gain":0.0,"event_name":"Scrap Ooze","player_choice":"Success","floor":2.0,"gold_loss":0.0,"damage_taken":11.0,"relics_obtained":["War Paint"]},{"damage_healed":0.0,"max_hp_gain":0.0,"max_hp_loss":0.0,"gold_gain":0.0,"event_name":"Living Wall","player_choice":"Grow","floor":4.0,"gold_loss":0.0,"damage_taken":0.0,"cards_upgraded":["Noxious Fumes"]},{"damage_healed":16.0,"max_hp_gain":0.0,"max_hp_loss":0.0,"gold_gain":0.0,"event_name":"The Cleric","player_choice":"Healed","floor":7.0,"gold_loss":35.0,"damage_taken":0.0},{"damage_healed":0.0,"max_hp_gain":0.0,"max_hp_loss":0.0,"gold_gain":0.0,"cards_transformed":["Strike_G"],"event_name":"Transmorgrifier","player_choice":"Transformed","floor":19.0,"gold_loss":0.0,"damage_taken":0.0,"cards_obtained":["Doppelganger"]},{"damage_healed":0.0,"max_hp_gain":0.0,"max_hp_loss":0.0,"gold_gain":0.0,"event_name":"Addict","player_choice":"Obtained Relic","floor":22.0,"gold_loss":85.0,"damage_taken":0.0,"relics_obtained":["MawBank"]},{"damage_healed":0.0,"max_hp_gain":0.0,"max_hp_loss":0.0,"gold_gain":0.0,"event_name":"Back to Basics","player_choice":"Simplicity","floor":24.0,"gold_loss":0.0,"damage_taken":0.0,"cards_upgraded":["Strike_G","Strike_G","Strike_G","Strike_G","Defend_G","Defend_G","Defend_G","Defend_G"]},{"damage_healed":0,"gold_gain":0,"player_choice":"Memory 1","damage_taken":0,"max_hp_gain":0,"max_hp_loss":0,"event_name":"SensoryStone","floor":36,"gold_loss":0},{"cards_removed":["Strike_G"],"damage_healed":0,"gold_gain":0,"player_choice":"Removed Attack","damage_taken":0,"max_hp_gain":0,"max_hp_loss":0,"event_name":"Falling","floor":42,"gold_loss":0}],"is_beta":false,"boss_relics":[{"not_picked":["Pandora\u0027s Box","Empty Cage"],"picked":"Philosopher\u0027s Stone"},{"not_picked":["Tiny House","Velvet Choker"],"picked":"Black Star"}],"items_purged_floors":[37],"is_endless":false,"potions_floor_spawned":[3,6,8,12,13,16,18,21,30,38,46,48],"killed_by":"Awakened One","ascension_level":20}}