{"host":"mqpbkea33q7k5ozs","time":1614050662,"event":{"mods":["AchievementEnabler","BaseMod","Colored Map","Highlight Path","Minty Spire (QoL Compilation)"],"gold_per_floor":[116,116,130,148,80,111,34,44,44,58,58,58,75,86,86,86,86],"floor_reached":16,"language":"ENG","playtime":583,"items_purged":[],"score":125,"play_id":"a5588b4e-7e90-4449-bf46-a77813ccc6b0","local_time":"20210222222422","is_ascension_mode":true,"campfire_choices":[{"floor":15,"key":"REST"}],"circlet_count":0,"master_deck":["Strike_G","Strike_G","Strike_G","Strike_G","Strike_G","Defend_G","Defend_G","Defend_G","Defend_G","Defend_G","Survivor","Neutralize","Quick Slash","Underhanded Strike","Noxious Fumes","Riddle With Holes","Caltrops","Dagger Spray","Backflip","Dagger Throw","Crippling Poison"],"relics":["SlaversCollar","StrikeDummy","Gremlin Horn","HornCleat","Pear","CultistMask"],"acts_visited":["Exordium"],"potions_floor_usage":[14,14],"damage_taken":[{"damage":1.0,"enemies":"Jaw Worm","floor":1.0,"turns":4.0},{"damage":1.0,"enemies":"Cultist","floor":3.0,"turns":3.0},{"damage":7.0,"enemies":"Small Slimes","floor":4.0,"turns":3.0},{"damage":4.0,"enemies":"Lagavulin","floor":6.0,"turns":7.0},{"damage":47.0,"enemies":"Gremlin Gang","floor":8.0,"turns":4.0},{"damage":8.0,"enemies":"3 Louse","floor":10.0,"turns":2.0},{"damage":7,"enemies":"Lots of Slimes","floor":13,"turns":1},{"damage":9,"enemies":"Exordium Thugs","floor":14,"turns":4},{"damage":32,"enemies":"The Guardian","floor":16,"turns":9}],"seed_played":"-830811610190660345","potions_obtained":[{"floor":1.0,"key":"Regen Potion"},{"floor":4.0,"key":"Dexterity Potion"},{"floor":6.0,"key":"FearPotion"},{"floor":13,"key":"DistilledChaos"}],"is_trial":false,"path_per_floor":["M","?","M","M","$","E","$","M","T","M","T","?","M","M","R","B"],"character_chosen":"THE_SILENT","items_purchased":["Noxious Fumes","Caltrops"],"campfire_rested":1,"item_purchase_floors":[5,7],"current_hp_per_floor":[69,69,68,61,61,57,57,22,22,14,24,24,17,8,32,0,0],"gold":86,"neow_bonus":"BOSS_RELIC","is_daily":false,"chose_seed":false,"campfire_upgraded":0,"win_rate":0.0,"timestamp":1614050662,"path_taken":["M","?","M","M","?","E","$","M","T","M","?","?","M","M","R","BOSS"],"items_purchased_type":["Card","Card"],"build_version":"2020-12-22","purchased_purges":0,"victory":false,"max_hp_per_floor":[70,70,70,70,70,70,70,70,70,70,80,80,80,80,80,80,80],"card_choices":[{"not_picked":["Backflip","Distraction"],"picked":"Dagger Throw","floor":1.0},{"not_picked":["Bane","Heel Hook"],"picked":"Quick Slash","floor":3.0},{"not_picked":["Bane","Blur"],"picked":"Underhanded Strike","floor":4.0},{"not_picked":["Tactician","Underhanded Strike"],"picked":"Riddle With Holes","floor":6.0},{"not_picked":["Tactician","Prepared"],"picked":"Dagger Spray","floor":8.0},{"not_picked":["Deadly Poison","Masterful Stab"],"picked":"Backflip","floor":10.0},{"not_picked":["Tactician","Underhanded Strike"],"picked":"Dagger Throw","floor":13},{"not_picked":["Poisoned Stab","Deadly Poison"],"picked":"Crippling Poison","floor":14}],"player_experience":463090,"relics_obtained":[{"floor":6.0,"key":"Gremlin Horn"},{"floor":9.0,"key":"HornCleat"},{"floor":11.0,"key":"Pear"}],"event_choices":[{"cards_removed":["Dagger Throw"],"damage_healed":0.0,"max_hp_gain":0.0,"max_hp_loss":0.0,"gold_gain":0.0,"event_name":"WeMeetAgain","player_choice":"Gave Card","floor":2.0,"gold_loss":0.0,"damage_taken":0.0,"relics_obtained":["StrikeDummy"]},{"damage_healed":0.0,"max_hp_gain":0.0,"max_hp_loss":0.0,"gold_gain":0.0,"event_name":"FaceTrader","player_choice":"Trade","floor":12.0,"gold_loss":0.0,"damage_taken":0.0,"relics_obtained":["CultistMask"]}],"is_beta":false,"boss_relics":[],"items_purged_floors":[],"is_endless":false,"potions_floor_spawned":[1,4,6,13],"killed_by":"The Guardian","ascension_level":4}}