{"host":"50qwps766cbz6ukm","time":1614073035,"event":{"mods":["BaseMod","Colored Map","Colored Powertips","DeckTracker","Highlight Path","Minty Spire (QoL Compilation)","Quick Restart","Remove Card Discount Mod","StSLib","SuperFastMode","Synergy Search"],"gold_per_floor":[110,98,113,113,78,109,109,125,125,144,140,140,115,46,46,176,176,197,51,51,51,75,75,75,75],"floor_reached":24,"language":"ENG","playtime":408,"items_purged":["Strike_P","Strike_P","Strike_P","Defend_P","Defend_P","Defend_P","Strike_P","Defend_P","FlyingSleeves"],"score":326,"play_id":"d65c2a8b-b4ba-4af8-8e1f-fb2f77668594","local_time":"20210223113715","is_ascension_mode":true,"campfire_choices":[{"data":"Vigilance","floor":12,"key":"SMITH"},{"data":"TalkToTheHand","floor":15,"key":"SMITH"},{"data":"Adaptation","floor":23,"key":"SMITH"}],"circlet_count":0,"master_deck":["AscendersBane","Eruption+1","Vigilance+1","Adaptation+1","TalkToTheHand+1","Consecrate","FollowUp","Brilliance"],"relics":["PureWater","NeowsBlessing","Golden Idol","Happy Flower","Yang","SacredBark","Vajra","MutagenicStrength"],"acts_visited":["Exordium","TheCity"],"potions_floor_usage":[24],"damage_taken":[{"damage":0,"enemies":"Small Slimes","floor":1,"turns":1},{"damage":7,"enemies":"2 Louse","floor":3,"turns":2},{"damage":0,"enemies":"Gremlin Nob","floor":6,"turns":1},{"damage":4,"enemies":"Jaw Worm","floor":8,"turns":2},{"damage":0,"enemies":"Large Slime","floor":10,"turns":2},{"damage":11,"enemies":"The Guardian","floor":16,"turns":7},{"damage":0,"enemies":"Shell Parasite","floor":18,"turns":4},{"damage":23,"enemies":"2 Thieves","floor":22,"turns":3},{"damage":17,"enemies":"Slavers","floor":24,"turns":3}],"seed_played":"3927687046489632629","potions_obtained":[{"floor":1,"key":"FearPotion"},{"floor":6,"key":"EssenceOfSteel"},{"floor":10,"key":"LiquidMemories"}],"is_trial":false,"path_per_floor":["M","$","M","?","?","E","?","M","T","M","$","R","$","$","R","B",null,"M","$","?","?","M","R","E"],"character_chosen":"WATCHER","items_purchased":["FollowUp","Brilliance","Vajra"],"campfire_rested":0,"item_purchase_floors":[13,14,19],"current_hp_per_floor":[65,65,58,40,58,58,58,54,54,54,54,54,54,54,54,43,65,65,65,65,65,42,42,25,25],"gold":75,"neow_bonus":"THREE_ENEMY_KILL","is_daily":false,"chose_seed":false,"campfire_upgraded":3,"win_rate":0.0,"timestamp":1614073035,"path_taken":["M","$","M","?","?","E","?","M","T","M","$","R","?","$","R","BOSS","M","$","?","?","M","R","E"],"items_purchased_type":["Card","Card","Relic"],"build_version":"2020-12-22","purchased_purges":9,"victory":false,"max_hp_per_floor":[72,72,72,72,72,72,72,72,72,72,72,72,72,72,72,72,72,72,72,72,72,72,72,72,72],"card_choices":[{"not_picked":["BowlingBash","ClearTheMind"],"picked":"Adaptation","floor":1},{"not_picked":["Fasting2","EmptyBody","ThirdEye"],"picked":"SKIP","floor":3},{"not_picked":["Fasting2","Crescendo"],"picked":"FlyingSleeves","floor":6},{"not_picked":["PathToVictory","Halt","TalkToTheHand"],"picked":"SKIP","floor":8},{"not_picked":["PathToVictory","Halt"],"picked":"TalkToTheHand","floor":8},{"not_picked":["FollowUp","EmptyBody"],"picked":"Consecrate","floor":10},{"not_picked":["ThirdEye+1","PathToVictory","Evaluate"],"picked":"SKIP","floor":18},{"not_picked":["Halt","Crescendo","Protect"],"picked":"SKIP","floor":22}],"player_experience":603222,"relics_obtained":[{"floor":6,"key":"Happy Flower"},{"floor":9,"key":"Yang"}],"event_choices":[{"damage_healed":0,"gold_gain":0,"player_choice":"Take Damage","damage_taken":18,"relics_obtained":["Golden Idol"],"max_hp_gain":0,"max_hp_loss":0,"event_name":"Golden Idol","floor":4,"gold_loss":0},{"damage_healed":18,"gold_gain":0,"player_choice":"Healed","damage_taken":0,"max_hp_gain":0,"max_hp_loss":0,"event_name":"The Cleric","floor":5,"gold_loss":35},{"damage_healed":0,"gold_gain":0,"player_choice":"Grow","damage_taken":0,"max_hp_gain":0,"max_hp_loss":0,"event_name":"Living Wall","floor":7,"gold_loss":0,"cards_upgraded":["Eruption"]},{"damage_healed":0,"gold_gain":0,"player_choice":"Ignored","damage_taken":0,"max_hp_gain":0,"max_hp_loss":0,"event_name":"Ghosts","floor":20,"gold_loss":0},{"damage_healed":0,"gold_gain":0,"player_choice":"Inject Mutagens","damage_taken":0,"relics_obtained":["MutagenicStrength"],"max_hp_gain":0,"max_hp_loss":0,"event_name":"Drug Dealer","floor":21,"gold_loss":0}],"is_beta":false,"boss_relics":[{"not_picked":["HolyWater","Runic Pyramid"],"picked":"SacredBark"}],"items_purged_floors":[2,2,2,2,2,2,11,11,14],"is_endless":false,"potions_floor_spawned":[1,6,10],"killed_by":"Slavers","ascension_level":10}}