{"host":"sav7uxregyirlf69","time":1614069788,"event":{"mods":["AchievementEnabler","BaseMod","Colored Map","DeckTracker","Keyboard Shortcuts","Minty Spire (QoL Compilation)","READ ME - Guardian Mod","StSLib","SuperFastMode"],"gold_per_floor":[111,121,121,136,151,151,76,76,76,76,96,13,33,33,33,126,189,205,205,47,62,62,62],"floor_reached":22,"language":"KOR","playtime":345,"items_purged":[],"score":352,"play_id":"2707adbc-4af0-4f1a-b1c7-487992aa0040","local_time":"20210223174308","is_ascension_mode":true,"campfire_choices":[{"data":"Darkness","floor":6,"key":"SMITH"},{"data":"Fusion","floor":8,"key":"SMITH"},{"data":"Dualcast","floor":10,"key":"SMITH"},{"data":"Hologram","floor":15,"key":"SMITH"}],"circlet_count":0,"master_deck":["AscendersBane","Strike_B","Strike_B","Defend_B","Defend_B","Defend_B","Zap+1","Dualcast+1","Fusion+1","Darkness+1","Leap","Steam","Capacitor","Hologram+1","Buffer","Lockon","Loop","Turbo"],"relics":["Cracked Core","Golden Idol","Tiny House","ClockworkSouvenir"],"acts_visited":["Exordium","TheCity"],"potions_floor_usage":[13,16,21,22],"damage_taken":[{"damage":1,"enemies":"Cultist","floor":1,"turns":3},{"damage":2,"enemies":"2 Louse","floor":2,"turns":3},{"damage":2,"enemies":"Jaw Worm","floor":4,"turns":3},{"damage":7,"enemies":"Looter","floor":5,"turns":4},{"damage":10,"enemies":"Exordium Thugs","floor":11,"turns":5},{"damage":14,"enemies":"Lots of Slimes","floor":13,"turns":5},{"damage":24,"enemies":"The Guardian","floor":16,"turns":7},{"damage":34,"enemies":"Spheric Guardian","floor":18,"turns":7},{"damage":17,"enemies":"Chosen","floor":21,"turns":6},{"damage":8,"enemies":"Snake Plant","floor":22,"turns":2}],"seed_played":"-439354325714080988","potions_obtained":[{"floor":4,"key":"Weak Potion"},{"floor":11,"key":"LiquidMemories"},{"floor":16,"key":"Block Potion"},{"floor":17,"key":"EssenceOfDarkness"}],"is_trial":false,"path_per_floor":["M","M","?","M","M","R","?","R","T","R","M","$","M","?","R","B",null,"M","?","$","M","M"],"character_chosen":"DEFECT","items_purchased":["Capacitor","ClockworkSouvenir"],"campfire_rested":0,"item_purchase_floors":[12,20],"current_hp_per_floor":[63,61,61,59,52,52,52,52,52,52,42,42,28,28,28,4,54,20,20,20,3,0,0],"gold":62,"neow_bonus":"REMOVE_CARD","is_daily":false,"chose_seed":false,"campfire_upgraded":4,"win_rate":0.0,"timestamp":1614069788,"path_taken":["M","M","?","M","?","R","?","R","T","R","M","?","M","?","R","BOSS","M","?","$","M","M"],"items_purchased_type":["Card","Relic"],"build_version":"2020-12-22","purchased_purges":0,"victory":false,"max_hp_per_floor":[71,71,71,71,71,71,71,71,71,71,71,71,71,64,64,64,69,69,69,69,69,69,69],"card_choices":[{"not_picked":["Turbo","Steam Power"],"picked":"Fusion","floor":1},{"not_picked":["Go for the Eyes","Beam Cell"],"picked":"Darkness","floor":2},{"not_picked":["Streamline","Doom and Gloom","Amplify"],"picked":"SKIP","floor":4},{"not_picked":["Go for the Eyes","Melter"],"picked":"Leap","floor":5},{"not_picked":["Ball Lightning","Conserve Battery"],"picked":"Steam","floor":11},{"not_picked":["Turbo","Compile Driver"],"picked":"Hologram","floor":13},{"not_picked":["Amplify","Biased Cognition"],"picked":"Buffer","floor":16},{"not_picked":["Redo","Leap"],"picked":"Lockon","floor":17},{"not_picked":["Gash","Reprogram"],"picked":"Loop","floor":18},{"not_picked":["Conserve Battery","Steam Power"],"picked":"Turbo","floor":21}],"player_experience":1673471,"relics_obtained":[],"event_choices":[{"cards_removed":["Defend_B"],"damage_healed":0,"gold_gain":0,"player_choice":"Purged","damage_taken":0,"max_hp_gain":0,"max_hp_loss":0,"event_name":"Purifier","floor":3,"gold_loss":0},{"cards_removed":["Strike_B"],"damage_healed":0,"gold_gain":0,"player_choice":"Card Removal","damage_taken":0,"max_hp_gain":0,"max_hp_loss":0,"event_name":"The Cleric","floor":7,"gold_loss":75},{"damage_healed":0,"gold_gain":0,"player_choice":"Lose Max HP","damage_taken":0,"relics_obtained":["Golden Idol"],"max_hp_gain":0,"max_hp_loss":7,"event_name":"Golden Idol","floor":14,"gold_loss":0},{"damage_healed":0,"gold_gain":0,"player_choice":"Got Potions","damage_taken":0,"max_hp_gain":0,"max_hp_loss":0,"event_name":"Lab","floor":19,"gold_loss":0}],"is_beta":false,"boss_relics":[{"not_picked":["Empty Cage","Snecko Eye"],"picked":"Tiny House"}],"items_purged_floors":[],"is_endless":false,"potions_floor_spawned":[4,11,16],"killed_by":"Snake Plant","ascension_level":20}}