{"host":"egwexuw5uvnxf11j","time":1614044953,"event":{"mods":["2.2 Compatiblity","Aspiration","BaseMod","Better Note","Better Sensory Stone","Better Third Choice","Displayed Cursed Tome","Downfall","Hermit","Key Reminder","Koishi","Marisa????????","Minty Spire (QoL Compilation)","Quick Restart","Shade Mod","Spicy Shops","StSLib","The Construct","The Cursed","The Runesmith","The Senshi","The Servant 0.9.4","Transform Curses"],"gold_per_floor":[110,122,122,136,36,66,66,98,98,98,98,98,98,128,128,227,227,247,247,263,140,156,156,156],"floor_reached":23,"language":"ENG","playtime":1811,"items_purged":["Decay"],"score":248,"play_id":"47241e67-03b2-4abe-90b5-e21fccfd7bcc","local_time":"20210222204913","is_ascension_mode":true,"campfire_choices":[{"floor":7,"key":"REST"},{"data":"Parasite","floor":11,"key":"PURGE"},{"floor":15,"key":"REST"}],"circlet_count":0,"master_deck":["Strike_R","Strike_R","Strike_R","Strike_R","Strike_R","Defend_R","Defend_R","Defend_R","Bash","Thunderclap","Perfected Strike","Twin Strike","Pommel Strike","Fire Breathing+1","Twin Strike","Feed","CurseOfTheBell","Perfected Strike","Inflame","Iron Wave","Anger"],"relics":["Burning Blood","Membership Card","Gremlin Horn","Peace Pipe","Singing Bowl","Smiling Mask","aspiration:Lifesprig","Calling Bell","Pen Nib","aspiration:SeaSaltIceCream","PreservedInsect","Turnip","ClockworkSouvenir"],"acts_visited":["Exordium","TheCity"],"potions_floor_usage":[23],"damage_taken":[{"damage":12,"enemies":"Small Slimes","floor":1,"turns":4},{"damage":11,"enemies":"Cultist","floor":2,"turns":4},{"damage":12,"enemies":"Jaw Worm","floor":4,"turns":2},{"damage":40,"enemies":"3 Sentries","floor":6,"turns":7},{"damage":16,"enemies":"Gremlin Nob","floor":8,"turns":3},{"damage":43,"enemies":"Lagavulin","floor":14,"turns":6},{"damage":13,"enemies":"Slime Boss","floor":16,"turns":6},{"damage":19,"enemies":"3 Byrds","floor":18,"turns":4},{"damage":23,"enemies":"Shell Parasite","floor":20,"turns":3},{"damage":20,"enemies":"Snecko","floor":22,"turns":4},{"damage":72,"enemies":"Book of Stabbing","floor":23,"turns":3}],"seed_played":"8623599703509522413","potions_obtained":[{"floor":2,"key":"FearPotion"},{"floor":8,"key":"ElixirPotion"},{"floor":16,"key":"HeartOfIron"}],"is_trial":false,"path_per_floor":["M","M","?","M","$","E","R","E","T","?","R","?","T","E","R","B",null,"M","?","M","$","M","E"],"character_chosen":"IRONCLAD","items_purchased":["Membership Card","ClockworkSouvenir","Inflame","Iron Wave"],"campfire_rested":2,"item_purchase_floors":[5,21,21,21],"current_hp_per_floor":[82,77,77,71,71,37,63,53,53,75,75,75,75,38,63,56,85,72,72,60,60,46,0,0],"gold":156,"neow_bonus":"TEN_PERCENT_HP_BONUS","is_daily":false,"chose_seed":false,"campfire_upgraded":0,"win_rate":0.0,"timestamp":1614044953,"path_taken":["M","M","?","?","$","E","R","E","T","?","R","?","?","E","R","BOSS","M","?","M","?","M","E"],"items_purchased_type":["Relic","Relic","Card","Card"],"build_version":"2020-12-22","purchased_purges":1,"victory":false,"max_hp_per_floor":[88,88,88,88,88,88,88,88,88,88,85,85,85,85,85,85,85,85,85,90,90,90,90,90],"card_choices":[{"not_picked":["Body Slam","Power Through"],"picked":"Thunderclap","floor":1},{"not_picked":["True Grit","Pommel Strike"],"picked":"Perfected Strike","floor":2},{"not_picked":["Pommel Strike","Disarm"],"picked":"Twin Strike","floor":4},{"not_picked":["Heavy Blade","Wild Strike"],"picked":"Pommel Strike","floor":6},{"not_picked":["Battle Trance","Carnage"],"picked":"Fire Breathing","floor":8},{"not_picked":["Flex","Havoc"],"picked":"Twin Strike","floor":14},{"not_picked":["Immolate","Juggernaut"],"picked":"Feed","floor":16},{"not_picked":["Sever Soul","Power Through+1"],"picked":"Perfected Strike","floor":18},{"not_picked":["Fire Breathing","Battle Trance","Sentinel"],"picked":"Singing Bowl","floor":20},{"not_picked":["Sever Soul","Warcry+1"],"picked":"Anger","floor":22}],"player_experience":2124931,"relics_obtained":[{"floor":6,"key":"Gremlin Horn"},{"floor":8,"key":"Peace Pipe"},{"floor":9,"key":"Singing Bowl"},{"floor":13,"key":"Smiling Mask"},{"floor":14,"key":"aspiration:Lifesprig"},{"floor":17,"key":"Pen Nib"},{"floor":17,"key":"aspiration:SeaSaltIceCream"},{"floor":17,"key":"Turnip"}],"event_choices":[{"cards_removed":["Defend_R"],"damage_healed":0,"gold_gain":0,"player_choice":"Card Removal","damage_taken":0,"max_hp_gain":0,"max_hp_loss":0,"event_name":"Wheel of Change","floor":3,"gold_loss":0},{"damage_healed":22,"gold_gain":0,"player_choice":"Healed and dodged fight","damage_taken":0,"max_hp_gain":0,"max_hp_loss":0,"event_name":"Mushrooms","floor":10,"gold_loss":0,"cards_obtained":["Parasite"]},{"damage_healed":0,"gold_gain":0,"player_choice":"Grow","damage_taken":0,"max_hp_gain":0,"max_hp_loss":0,"event_name":"Living Wall","floor":12,"gold_loss":0,"cards_upgraded":["Fire Breathing"]},{"damage_healed":0,"gold_gain":0,"player_choice":"Bought 0 Potions","damage_taken":0,"max_hp_gain":0,"max_hp_loss":0,"event_name":"The Woman in Blue","floor":19,"gold_loss":0}],"is_beta":false,"boss_relics":[{"not_picked":["Coffee Dripper","aspiration:MarisaSkillbook"],"picked":"Calling Bell"}],"items_purged_floors":[5],"is_endless":false,"potions_floor_spawned":[2,8,16],"killed_by":"Book of Stabbing","ascension_level":4}}