{"host":"blhqr6uo32maonpv","time":1614108115,"event":{"mods":["BaseMod","Colored Powertips","Downfall","Hermit","Minty Spire (QoL Compilation)","Replay The Spire","StSLib","The Bug Knight","The Marked"],"gold_per_floor":[99,109,48,64,49,49,125,125,140,168,180,180,180,191,205,205,205,205],"floor_reached":16,"language":"ENG","playtime":896,"items_purged":[],"score":102,"play_id":"9f39454c-4701-4885-9a4f-4690c854baec","local_time":"20210223152155","is_ascension_mode":false,"campfire_choices":[{"floor":1,"key":"RECALL"},{"floor":8,"key":"REST"},{"floor":13,"key":"REST"}],"circlet_count":0,"master_deck":["Guardian:Strike_Guardian","Guardian:Strike_Guardian","Guardian:Strike_Guardian","Guardian:Strike_Guardian","Guardian:Defend_Guardian","Guardian:Defend_Guardian","Guardian:Defend_Guardian","Guardian:Defend_Guardian+1","Guardian:CurlUp","Guardian:TwinSlam","Guardian:Harden","Guardian:VentSteam+1","Guardian:DecasProtection","CurseOfTheBell","CurseOfTheBell","Guardian:Clone","Guardian:Gem_Green","Guardian:Recover"],"relics":["Guardian:ModeShifter","Toy Ornithopter","downfall:ExtraCursedBell","Smiling Mask","Matryoshka","Ginger","Bag of Marbles","HollowMod:StagPassRelic","War Paint","Replay:Rubber Ducky","Letter Opener"],"acts_visited":["Exordium"],"potions_floor_usage":[3,14,16,16],"damage_taken":[{"damage":3,"enemies":"Cultist","floor":2,"turns":5},{"damage":10,"enemies":"downfall:FleeingMerchant","floor":3,"turns":5},{"damage":5,"enemies":"Jaw Worm","floor":4,"turns":4},{"damage":15,"enemies":"downfall:FleeingMerchant","floor":5,"turns":4},{"damage":6,"enemies":"2 Louse","floor":9,"turns":5},{"damage":24,"enemies":"Gremlin Nob","floor":10,"turns":6},{"damage":10,"enemies":"downfall:LooterAlt","floor":11,"turns":5},{"damage":0,"enemies":"Red Slaver","floor":14,"turns":5},{"damage":5,"enemies":"Large Slime","floor":15,"turns":8},{"damage":90,"enemies":"DF_ARCHETYPE_STREAMLINE","floor":16,"turns":14}],"seed_played":"3559475614505927071","potions_obtained":[{"floor":2,"key":"Flashbang"},{"floor":10,"key":"AttackPotion"},{"floor":11,"key":"LiquidMemories"},{"floor":15,"key":"BlessingOfTheForge"}],"is_trial":false,"path_per_floor":["R","M","$","M","$","?","T","R","M","E","M","T","R","M","M","B"],"character_chosen":"GUARDIAN","items_purchased":["Guardian:Gem_Green"],"campfire_rested":2,"item_purchase_floors":[3],"current_hp_per_floor":[80,77,70,65,50,50,50,74,68,44,34,34,58,63,58,0,0,0],"gold":205,"neow_bonus":"RANDOM_COMMON_RELIC","is_daily":false,"chose_seed":false,"campfire_upgraded":0,"win_rate":0.0,"timestamp":1614108115,"path_taken":["R","M","$","M","?","?","T","R","M","E","M","?","R","M","M","BOSS"],"items_purchased_type":["Card"],"build_version":"2020-12-22","purchased_purges":0,"victory":false,"max_hp_per_floor":[80,80,80,80,80,80,80,80,80,80,80,80,80,80,80,80,80,80],"card_choices":[{"not_picked":["Guardian:PolyBeam","Guardian:RollAttack"],"picked":"Guardian:Harden","floor":2},{"not_picked":["Guardian:BodySlam","Guardian:CrystalBeam"],"picked":"Guardian:VentSteam","floor":3},{"not_picked":["Guardian:Gem_Yellow","Guardian:Gem_Purple"],"picked":"Guardian:DecasProtection","floor":4},{"not_picked":["Guardian:PrismaticBeam","Guardian:SentryBeam"],"picked":"Guardian:Gem_Blue","floor":5},{"not_picked":["Guardian:CrystalBeam","Guardian:TimeBomb"],"picked":"Guardian:Gem_Cyan","floor":9},{"not_picked":["Guardian:ExploitGems","Guardian:VentSteam"],"picked":"Guardian:Clone","floor":10},{"not_picked":["Guardian:Gem_Green","Guardian:MultiBeam"],"picked":"Guardian:Gem_Lightblue","floor":11},{"not_picked":["Guardian:Incinerate","Guardian:Emergency"],"picked":"Guardian:Gem_Green","floor":14},{"not_picked":["Guardian:TemporalStrike","Guardian:RefractedBeam"],"picked":"Guardian:Recover","floor":15}],"player_experience":63515,"relics_obtained":[{"floor":6,"key":"Smiling Mask"},{"floor":6,"key":"Matryoshka"},{"floor":6,"key":"Ginger"},{"floor":7,"key":"Bag of Marbles"},{"floor":7,"key":"HollowMod:StagPassRelic"},{"floor":10,"key":"War Paint"},{"floor":12,"key":"Replay:Rubber Ducky"},{"floor":12,"key":"Letter Opener"}],"event_choices":[],"is_beta":false,"boss_relics":[],"items_purged_floors":[],"is_endless":false,"potions_floor_spawned":[2,10,11,15],"killed_by":"DF_ARCHETYPE_STREAMLINE","ascension_level":0}}