{"host":"wqwfknj40rilnol1","time":1614100366,"event":{"mods":["AchievementEnabler","Aspiration","BaseMod","BetterRewards","Block Reminder","Colored Map","Conspire","Highlight Path","Hubris","Minty Spire (QoL Compilation)","Permanent Neow","Quick Restart","Relic Stats","Replay The Spire","Shop Mod","StSLib","The Cursed"],"gold_per_floor":[111,17,28,28,38,38,66,66,66,92,92,109,120,49,49,154,154,165,178,198,198,208,208,223,54,77,77,104,120,120,132,132,132,132],"floor_reached":33,"language":"ENG","playtime":1480,"items_purged":[],"score":449,"play_id":"7423758d-a85e-4592-8cbb-a3c98668a54f","local_time":"20210223181246","is_ascension_mode":true,"campfire_choices":[{"data":"Eruption","floor":6,"key":"SMITH"},{"data":"Survey Options","floor":8,"key":"SMITH"},{"data":"BattleHymn","floor":11,"key":"SMITH"},{"data":"Fasting2","floor":15,"key":"SMITH"},{"data":"Fasting2+1","floor":23,"key":"SMITH"},{"data":"hubris:EnhanceAbility","floor":27,"key":"SMITH"}],"circlet_count":0,"master_deck":["Strike_P","Strike_P","Strike_P","Strike_P","Defend_P","Defend_P","Defend_P","Defend_P","Eruption+1","Vigilance","Tantrum","Wallop","BattleHymn+1","Survey Options+1","Brilliance","Protect","Fasting2+2","MasterReality","ClearTheMind","Protect+1","hubris:EnhanceAbility+1"],"relics":["PureWater","Potion Belt","conspire:InfiniteJournal","conspire:Dentures","hubris:Spice","Replay:Grab Bag","hubris:TerracottaHorce","Sozu","conspire:RunicOctahedron","Toy Ornithopter"],"acts_visited":["Exordium","TheCity"],"potions_floor_usage":[28,33],"damage_taken":[{"damage":0,"enemies":"Cultist","floor":1,"turns":2},{"damage":0,"enemies":"Small Slimes","floor":3,"turns":2},{"damage":0,"enemies":"2 Louse","floor":5,"turns":2},{"damage":0,"enemies":"Gremlin Nob","floor":7,"turns":2},{"damage":3,"enemies":"3 Sentries","floor":10,"turns":6},{"damage":7,"enemies":"Large Slime","floor":12,"turns":2},{"damage":0,"enemies":"2 Fungi Beasts","floor":13,"turns":3},{"damage":47,"enemies":"Hexaghost","floor":16,"turns":5},{"damage":0,"enemies":"Spheric Guardian","floor":18,"turns":2},{"damage":12,"enemies":"3 Byrds","floor":19,"turns":4},{"damage":5,"enemies":"Snecko","floor":20,"turns":3},{"damage":3,"enemies":"Cultist and Chosen","floor":22,"turns":4},{"damage":5,"enemies":"Chosen and Byrds","floor":24,"turns":3},{"damage":26,"enemies":"Slavers","floor":28,"turns":4},{"damage":2,"enemies":"Shelled Parasite and Fungi","floor":29,"turns":4},{"damage":3,"enemies":"Snake Plant","floor":31,"turns":4},{"damage":89,"enemies":"Collector","floor":33,"turns":7}],"seed_played":"7920901213271195303","potions_obtained":[{"floor":3,"key":"SkillPotion"},{"floor":5,"key":"BlessingOfTheForge"},{"floor":13,"key":"Fire Potion"}],"is_trial":false,"path_per_floor":["M","$","M","?","M","R","E","R","T","E","R","M","M","$","R","B",null,"M","M","M","?","M","R","M","$","T","R","E","M","?","M","R_BF","B"],"character_chosen":"WATCHER","items_purchased":["Tantrum","Wallop","BattleHymn","Survey Options","Fasting2","hubris:EnhanceAbility"],"campfire_rested":0,"item_purchase_floors":[0,0,0,2,14,25],"current_hp_per_floor":[72,72,72,72,72,72,72,72,72,77,77,70,70,70,70,23,66,66,54,49,49,46,46,41,41,41,41,28,26,55,52,78,0,0],"gold":132,"neow_bonus":"","is_daily":false,"chose_seed":false,"campfire_upgraded":6,"win_rate":0.0,"timestamp":1614100366,"path_taken":["M","$","M","?","M","R","E","R","T","E","R","M","?","?","R","BOSS","M","M","M","?","M","R","M","$","T","R","E","?","?","M","R_BF","BOSS"],"items_purchased_type":["Card","Card","Card","Card","Card","Card"],"build_version":"2020-12-22","purchased_purges":0,"victory":false,"max_hp_per_floor":[72,72,72,72,72,72,72,72,72,80,80,80,80,80,80,80,80,80,80,80,80,80,80,80,80,80,80,88,88,88,88,88,88,88],"relic_stats":{"Sozu":3,"counters":[34,109],"obtain_stats":[{"Gremlin Food":12,"Potion Belt":4,"conspire:Dentures":9,"ReplayTheSpireMod:Ring of Exchange":3,"aspiration:Lifesprig":25,"conspire:RoyalGoblet":17,"Gremlin Horn":36,"Blue Candle":26,"Replay:Grab Bag":17,"Spirit Poop":11,"conspire:SpecialSausage":0,"conspire:RunicOctahedron":17,"conspire:InfiniteJournal":7,"hubris:TerracottaHorce":17,"Sozu":17,"Bottled Flame":7,"hubris:Spice":10,"Replay:Bottled Flurry":9,"hubris:GrandSneckoEye":34,"PureWater":0,"Toy Ornithopter":26},{"Gremlin Food":5,"Potion Belt":19,"conspire:Dentures":21,"ReplayTheSpireMod:Ring of Exchange":2,"aspiration:Lifesprig":10,"conspire:RoyalGoblet":7,"Gremlin Horn":15,"Blue Candle":10,"Replay:Grab Bag":25,"Spirit Poop":4,"conspire:SpecialSausage":0,"conspire:RunicOctahedron":25,"conspire:InfiniteJournal":21,"hubris:TerracottaHorce":25,"Sozu":25,"Bottled Flame":4,"hubris:Spice":22,"Replay:Bottled Flurry":4,"hubris:GrandSneckoEye":14,"PureWater":0,"Toy Ornithopter":30},{"Gremlin Food":14,"Potion Belt":54,"conspire:Dentures":58,"ReplayTheSpireMod:Ring of Exchange":5,"aspiration:Lifesprig":28,"conspire:RoyalGoblet":22,"Gremlin Horn":45,"Blue Candle":28,"Replay:Grab Bag":74,"Spirit Poop":9,"conspire:SpecialSausage":0,"conspire:RunicOctahedron":74,"conspire:InfiniteJournal":58,"hubris:TerracottaHorce":74,"Sozu":74,"Bottled Flame":9,"hubris:Spice":64,"Replay:Bottled Flurry":9,"hubris:GrandSneckoEye":41,"PureWater":0,"Toy Ornithopter":90}],"Toy Ornithopter":10},"card_choices":[{"not_picked":["Replay:BluntJabs","SashWhip","Sanctity"],"picked":"SKIP","floor":1},{"not_picked":["BowlingBash","Replay:BluntJabs","SashWhip"],"picked":"SKIP","floor":3},{"not_picked":["CrushJoints","EmptyBody"],"picked":"Brilliance","floor":5},{"not_picked":["LikeWater","EmptyFist"],"picked":"Protect","floor":7},{"not_picked":["Crescendo","ClearTheMind","WaveOfTheHand"],"picked":"SKIP","floor":10},{"not_picked":["BowlingBash","Replay:BluntJabs","WreathOfFlame"],"picked":"SKIP","floor":12},{"not_picked":["Halt","FollowUp","Evaluate"],"picked":"SKIP","floor":13},{"not_picked":["Scrawl","Ragnarok"],"picked":"MasterReality","floor":16},{"not_picked":["CutThroughFate","BowlingBash","WheelKick"],"picked":"SKIP","floor":18},{"not_picked":["Worship+1","JustLucky","SashWhip"],"picked":"SKIP","floor":19},{"not_picked":["JustLucky+1","PathToVictory"],"picked":"ClearTheMind","floor":20},{"not_picked":["Worship","Halt","Nirvana"],"picked":"SKIP","floor":22},{"not_picked":["CrushJoints","PathToVictory+1","FollowUp"],"picked":"SKIP","floor":24},{"not_picked":["Study","Meditate","Nirvana"],"picked":"SKIP","floor":28},{"not_picked":["Consecrate","Replay:Battleflow","FollowUp+1"],"picked":"SKIP","floor":29},{"not_picked":["ConjureBlade","Wallop","CrushJoints"],"picked":"SKIP","floor":31}],"player_experience":315190,"relics_obtained":[{"floor":7,"key":"conspire:InfiniteJournal"},{"floor":9,"key":"conspire:Dentures"},{"floor":10,"key":"hubris:Spice"},{"floor":26,"key":"Toy Ornithopter"},{"floor":28,"key":"hubris:Spice"}],"event_choices":[{"damage_healed":0,"gold_gain":0,"player_choice":"Gave Potion","damage_taken":0,"relics_obtained":["Potion Belt"],"max_hp_gain":0,"max_hp_loss":0,"event_name":"WeMeetAgain","floor":4,"gold_loss":0},{"damage_healed":0,"gold_gain":0,"player_choice":"Copied","damage_taken":0,"max_hp_gain":0,"max_hp_loss":0,"event_name":"Duplicator","floor":21,"gold_loss":0,"cards_obtained":["Protect"]},{"damage_healed":29,"gold_gain":0,"player_choice":"Heal","damage_taken":0,"max_hp_gain":0,"max_hp_loss":0,"event_name":"The Library","floor":30,"gold_loss":0}],"is_beta":false,"boss_relics":[{"not_picked":["Replay:Wanted Poster","hubris:Spice"],"picked":"Replay:Grab Bag"},{"not_picked":["Busted Crown","conspire:SlowCooker"],"picked":"hubris:TerracottaHorce"},{"not_picked":["conspire:SeveredTorchhead","aspiration:FutureDiary"],"picked":"Sozu"},{"not_picked":["hubris:HollowSoul","aspiration:SilentSkillbook"],"picked":"conspire:RunicOctahedron"}],"items_purged_floors":[],"is_endless":false,"potions_floor_spawned":[3,5,13,19,24,28],"killed_by":"Collector","ascension_level":1}}