{"host":"d03homr1y3d7d3ir","time":1614052955,"event":{"mods":["BaseMod","GifTheSpireLib","Minty Spire (QoL Compilation)","StSLib","The Animator","The Wild Card","Waifu the Spire"],"gold_per_floor":[119,130,130,55,72,72,101,101,101,116,16,16,16,43,43,143,143,143,143],"floor_reached":18,"language":"ENG","playtime":2476,"items_purged":["animator:Defend","animator:Defend"],"score":185,"play_id":"1d35a5da-ee35-4959-80f1-dac75e07e7af","local_time":"20210222220235","is_ascension_mode":false,"campfire_choices":[{"data":"animator:YuiTsuruno","floor":6.0,"key":"SMITH"},{"data":"animator:KyokoSakura","floor":8.0,"key":"SMITH"},{"data":"animator:Mikaela","floor":12.0,"key":"SMITH"},{"data":"animator:Strike_MadokaMagica","floor":15.0,"key":"SMITH"}],"circlet_count":0,"master_deck":["animator:Strike_MadokaMagica+1","animator:Defend_MadokaMagica","animator:Strike","animator:Strike","animator:Strike","animator:Defend","animator:IrohaTamaki+1","animator:YuiTsuruno+1","animator:KyokoSakura+1","animator:Mikaela+1"],"relics":["animator:LivingPicture","animator:TheMissingPiece","animator:PurgingStone","animator:BattleDrones","Mango","Vajra","Busted Crown"],"acts_visited":["Exordium","TheCity"],"potions_floor_usage":[],"damage_taken":[{"damage":1.0,"enemies":"2 Louse","floor":1.0,"turns":4.0},{"damage":1.0,"enemies":"Cultist","floor":2.0,"turns":4.0},{"damage":8.0,"enemies":"Jaw Worm","floor":5.0,"turns":4.0},{"damage":1.0,"enemies":"3 Louse","floor":7.0,"turns":3.0},{"damage":1.0,"enemies":"Blue Slaver","floor":10.0,"turns":3.0},{"damage":0.0,"enemies":"Gremlin Nob","floor":14.0,"turns":3.0},{"damage":12.0,"enemies":"Slime Boss","floor":16.0,"turns":7.0},{"damage":0,"enemies":"2 Thieves","floor":18,"turns":1}],"seed_played":"-7701598308388522848","potions_obtained":[{"floor":1.0,"key":"FearPotion"},{"floor":10.0,"key":"EntropicBrew"},{"floor":14.0,"key":"PowerPotion"}],"is_trial":false,"path_per_floor":["M","M","?","$","M","R","M","R","T","M","$","R","?","E","R","B",null,"M"],"character_chosen":"THE_ANIMATOR","items_purchased":[],"campfire_rested":0,"item_purchase_floors":[],"current_hp_per_floor":[65,64,64,64,56,56,55,55,69,68,68,68,68,68,68,56,80,80,80],"gold":143,"neow_bonus":"UPGRADE_CARD","is_daily":false,"chose_seed":false,"campfire_upgraded":4,"win_rate":0.0,"timestamp":1614052955,"path_taken":["M","M","?","$","?","R","M","R","T","?","$","R","?","E","R","BOSS","M"],"items_purchased_type":[],"build_version":"2020-12-22","purchased_purges":2,"victory":false,"max_hp_per_floor":[66,66,66,66,66,66,66,66,80,80,80,80,80,80,80,80,80,80,80],"card_choices":[{"not_picked":["animator:Mitsuba","animator:Nanami","animator:Hakurou"],"picked":"SKIP","floor":1.0},{"not_picked":["animator:Shinoa","animator:Souei","animator:Raven"],"picked":"SKIP","floor":2.0},{"not_picked":["animator:Emonzaemon","animator:AcuraTooru","animator:Ain"],"picked":"SKIP","floor":5.0},{"not_picked":["animator:MadokaKaname","animator:SayakaMiki"],"picked":"animator:KyokoSakura","floor":7.0},{"not_picked":["animator:Guy","animator:Cocytus"],"picked":"animator:Mikaela","floor":10.0},{"not_picked":["animator:AcuraShin","animator:Eris","animator:Evileye"],"picked":"SKIP","floor":14.0}],"player_experience":177882,"relics_obtained":[{"floor":9.0,"key":"Mango"},{"floor":14.0,"key":"Vajra"}],"event_choices":[{"damage_healed":0.0,"max_hp_gain":0.0,"max_hp_loss":0.0,"gold_gain":0.0,"event_name":"WeMeetAgain","player_choice":"Gave Potion","floor":3.0,"gold_loss":0.0,"damage_taken":0.0,"relics_obtained":["animator:BattleDrones"]}],"is_beta":false,"boss_relics":[{"not_picked":["Calling Bell","SacredBark"],"picked":"Busted Crown"}],"items_purged_floors":[4,11],"is_endless":false,"potions_floor_spawned":[1,10,14,16],"killed_by":"2 Thieves","ascension_level":0}}