{"host":"uceopoba4zvqsgiy","time":1614061457,"event":{"mods":["2.2 Compatiblity","Act Like it!","BaseMod","Better Skull","Better Third Choice","Elementarium","Evolution","GifTheSpireLib","Hermit","Humility","Infinite Spire","Jorbs\u0027s Wanderer Trilogy","Marked Mod","Minty Spire (QoL Compilation)","Potionbrewer","Reliquary","Replay The Spire","Robot Space Explorer","Shade Mod","Spicy Shops","StS++","StSLib","Stuff the Spire","The Blue Laboratory","The Caster","The Cursed","The Dragon Tamer","The Dragonkin","The Hierophant","The Judge","The Jungle","TheSurvivalist","Wandering Minibosses"],"gold_per_floor":[113,113,211,221,301,327,327,358,358,358,358],"floor_reached":10,"language":"ENG","playtime":443,"items_purged":[],"score":224,"play_id":"343102c9-a6f8-47e2-afe4-98c85f1a3ecb","local_time":"20210223165417","is_ascension_mode":true,"campfire_choices":[{"data":"WordoMod:EndOfTheWorld","floor":7,"key":"SMITH"}],"circlet_count":0,"master_deck":["WordoMod:StrikeCard","WordoMod:StrikeCard","WordoMod:StrikeCard","WordoMod:StrikeCard","WordoMod:DefendCard","WordoMod:DefendCard","WordoMod:DefendCard","WordoMod:DefendCard","WordoMod:Accursed","WordoMod:IllWill","Replay:Hysterical Blindness","Injury","infinitespire:Starlight","StuffTheSpire:CuriosityCurse","WordoMod:Cleanse+1","Delirium","Clumsy","WordoMod:EndOfTheWorld+1"],"relics":["WordoMod:Obsidian","WordoMod:Effigy","EVO:Axolotl","NeowsBlessing","ReplayTheSpireMod:CursedCoin","StuffTheSpire:PointBlank","infinitespire:Bottled Soul","StuffTheSpire:SapphireSignet"],"acts_visited":["Exordium"],"potions_floor_usage":[8,10],"damage_taken":[{"damage":0,"enemies":"Small Slimes","floor":1,"turns":1},{"damage":0,"enemies":"2 Louse","floor":4,"turns":1},{"damage":0,"enemies":"3 Sentries","floor":6,"turns":1},{"damage":36,"enemies":"Lagavulin","floor":8,"turns":4},{"damage":51,"enemies":"Gremlin Nob","floor":10,"turns":3}],"seed_played":"-5105211558358821204","potions_obtained":[{"floor":1,"key":"DistilledChaos"},{"floor":8,"key":"Weak Potion"}],"is_trial":false,"path_per_floor":["M","?","$","M","?","E","R","E","T","E"],"character_chosen":"JUDGE_CLASS","items_purchased":["ReplayTheSpireMod:CursedCoin","WordoMod:Cleanse+1"],"campfire_rested":0,"item_purchase_floors":[3,3],"current_hp_per_floor":[75,75,75,75,75,75,75,49,49,0,0],"gold":358,"neow_bonus":"THREE_ENEMY_KILL","is_daily":false,"chose_seed":false,"campfire_upgraded":1,"win_rate":0.0,"timestamp":1614061457,"path_taken":["M","?","$","M","?","E","R","E","T","E"],"items_purchased_type":["Relic","Card"],"build_version":"2020-12-22","purchased_purges":0,"victory":false,"max_hp_per_floor":[75,75,75,75,75,75,75,75,75,75,75],"card_choices":[{"not_picked":["WordoMod:BeneathTheMask","WordoMod:Retaliate","WordoMod:WillOWisp"],"picked":"SKIP","floor":1},{"not_picked":["ReplayTheSpireMod:Black Plague","ReplayTheSpireMod:Haul"],"picked":"infinitespire:Starlight","floor":2},{"not_picked":["WordoMod:HoldTheFort","WordoMod:Retaliate","WordoMod:Resurrection"],"picked":"SKIP","floor":4},{"not_picked":["Amnesia","Languid"],"picked":"Clumsy","floor":6},{"not_picked":["WordoMod:CloudOfDust","WordoMod:FalseDiagnosis"],"picked":"WordoMod:EndOfTheWorld","floor":6},{"not_picked":["WordoMod:FamousTechnique","WordoMod:Exorcism","WordoMod:Sacrilege"],"picked":"SKIP","floor":8}],"player_experience":1861560,"relics_obtained":[{"floor":6,"key":"StuffTheSpire:PointBlank"},{"floor":8,"key":"infinitespire:Bottled Soul"},{"floor":9,"key":"StuffTheSpire:SapphireSignet"}],"event_choices":[],"is_beta":false,"boss_relics":[],"items_purged_floors":[],"is_endless":false,"potions_floor_spawned":[1,8],"killed_by":"Gremlin Nob","ascension_level":5,"is_humility":true}}