{"host":"xauhhfeuacw2ajt1","time":1614069076,"event":{"mods":["BaseMod","GifTheSpireLib","KinomotoSakuraMod(????)","Minty Spire (QoL Compilation)","StSLib","The Senshi"],"gold_per_floor":[118,118,128,128,128,153,172,186,186,204,204,231,231,231,231,231,231],"floor_reached":16,"language":"ENG","playtime":550,"items_purged":[],"score":110,"play_id":"8a05385c-aa48-499f-9198-86ad54663b9b","local_time":"20210223103116","is_ascension_mode":false,"campfire_choices":[{"floor":11,"key":"RECALL"},{"floor":15,"key":"REST"}],"circlet_count":0,"master_deck":["Strike_R","Strike_R","Strike_R","Strike_R","Strike_R+1","Defend_R","Defend_R+1","Defend_R+1","Bash+1","Headbutt","Flex","Flex","Burning Pact","Warcry","Bloodletting","Iron Wave+1","Carnage","Injury","Combust"],"relics":["Burning Blood","War Paint","Meat on the Bone","Dream Catcher","Golden Idol"],"acts_visited":["Exordium"],"potions_floor_usage":[],"damage_taken":[{"damage":3,"enemies":"Small Slimes","floor":1,"turns":3},{"damage":0,"enemies":"2 Louse","floor":3,"turns":2},{"damage":15,"enemies":"Gremlin Nob","floor":6,"turns":4},{"damage":6,"enemies":"Cultist","floor":7,"turns":3},{"damage":22,"enemies":"Large Slime","floor":8,"turns":8},{"damage":10,"enemies":"2 Fungi Beasts","floor":10,"turns":5},{"damage":48,"enemies":"Lagavulin","floor":12,"turns":7},{"damage":33,"enemies":"Hexaghost","floor":16,"turns":5}],"seed_played":"-2049637526696336840","potions_obtained":[{"floor":1,"key":"Swift Potion"},{"floor":8,"key":"FearPotion"}],"is_trial":false,"path_per_floor":["M","?","M","?","?","E","M","M","T","M","R","E","?","?","R","B"],"character_chosen":"IRONCLAD","items_purchased":[],"campfire_rested":1,"item_purchase_floors":[],"current_hp_per_floor":[80,77,80,80,80,71,71,55,55,51,51,21,21,5,29,0,0],"gold":231,"neow_bonus":"UPGRADE_CARD","is_daily":false,"chose_seed":false,"campfire_upgraded":0,"win_rate":0.0,"timestamp":1614069076,"path_taken":["M","?","M","?","?","E","M","?","T","M","R","E","?","?","R","BOSS"],"items_purchased_type":[],"build_version":"2020-12-22","purchased_purges":0,"victory":false,"max_hp_per_floor":[80,80,80,80,80,80,80,80,80,80,80,80,80,80,80,80,80],"card_choices":[{"not_picked":["Power Through","Warcry"],"picked":"Headbutt","floor":1},{"not_picked":["Heavy Blade","Wild Strike"],"picked":"Flex","floor":3},{"not_picked":["Infernal Blade","Cleave"],"picked":"Burning Pact","floor":6},{"not_picked":["Clothesline","Cleave"],"picked":"Warcry","floor":7},{"not_picked":["Twin Strike","Second Wind"],"picked":"Bloodletting","floor":8},{"not_picked":["Flex","Cleave"],"picked":"Iron Wave","floor":10},{"not_picked":["Warcry","Metallicize"],"picked":"Carnage","floor":12},{"not_picked":["Body Slam","Entrench"],"picked":"Combust","floor":15}],"player_experience":217048,"relics_obtained":[{"floor":6,"key":"Meat on the Bone"},{"floor":12,"key":"Dream Catcher"}],"event_choices":[{"damage_healed":0,"gold_gain":0,"player_choice":"Success","damage_taken":3,"relics_obtained":["War Paint"],"max_hp_gain":0,"max_hp_loss":0,"event_name":"Scrap Ooze","floor":2,"gold_loss":0},{"damage_healed":0,"gold_gain":0,"cards_transformed":["Defend_R"],"player_choice":"Change","damage_taken":0,"max_hp_gain":0,"max_hp_loss":0,"event_name":"Living Wall","floor":4,"gold_loss":0,"cards_obtained":["Carnage"]},{"damage_healed":0,"gold_gain":0,"cards_transformed":["Carnage"],"player_choice":"Transformed","damage_taken":0,"max_hp_gain":0,"max_hp_loss":0,"event_name":"Transmorgrifier","floor":5,"gold_loss":0,"cards_obtained":["Flex"]},{"damage_healed":0,"gold_gain":0,"player_choice":"Take Wound","damage_taken":0,"relics_obtained":["Golden Idol"],"max_hp_gain":0,"max_hp_loss":0,"event_name":"Golden Idol","floor":13,"gold_loss":0,"cards_obtained":["Injury"]},{"damage_healed":0,"gold_gain":0,"player_choice":"Entered Light","damage_taken":16,"max_hp_gain":0,"max_hp_loss":0,"event_name":"Shining Light","floor":14,"gold_loss":0,"cards_upgraded":["Strike_R","Iron Wave"]}],"is_beta":false,"boss_relics":[],"items_purged_floors":[],"is_endless":false,"potions_floor_spawned":[1,8],"killed_by":"Hexaghost","ascension_level":0}}