{"host":"4xh8v5undae39mue","time":1614111493,"event":{"mods":["AchievementEnabler","BaseMod","Minty Spire (QoL Compilation)"],"gold_per_floor":[12,32,49,60,60,90,90,119,119,194,194,194,213,226,226,326,326,337,36,53,53,66,66,84,84,84],"floor_reached":25,"language":"ENG","playtime":1926,"items_purged":[],"score":237,"play_id":"0fe6fa8e-70fa-41fe-8e69-cf87fd7ce891","local_time":"20210223151813","is_ascension_mode":true,"campfire_choices":[{"data":"LessonLearned","floor":7,"key":"SMITH"},{"floor":12,"key":"REST"},{"floor":15,"key":"REST"},{"floor":23,"key":"REST"}],"circlet_count":0,"master_deck":["Strike_P+1","Strike_P","Strike_P+1","Strike_P+1","Defend_P+1","Defend_P+1","Defend_P+1","Eruption+1","Vigilance","LessonLearned+1","EmptyBody+1","FlurryOfBlows+1","Perseverance","Judgement","Meditate+1","Establishment+1","Study+1","BowlingBash","CarveReality","Alpha","EmptyBody+1","CutThroughFate+1","Writhe"],"relics":["PureWater","Turnip","Dream Catcher","Fusion Hammer","Vajra","Lee\u0027s Waffle","Singing Bowl"],"acts_visited":["Exordium","TheCity"],"potions_floor_usage":[8,16,16,22],"damage_taken":[{"damage":0,"enemies":"2 Louse","floor":1,"turns":2},{"damage":12,"enemies":"Cultist","floor":2,"turns":6},{"damage":0,"enemies":"Jaw Worm","floor":3,"turns":2},{"damage":0,"enemies":"2 Fungi Beasts","floor":4,"turns":2},{"damage":3,"enemies":"3 Sentries","floor":6,"turns":8},{"damage":26,"enemies":"Gremlin Nob","floor":8,"turns":4},{"damage":18,"enemies":"Exordium Thugs","floor":13,"turns":5},{"damage":0,"enemies":"Blue Slaver","floor":14,"turns":3},{"damage":18,"enemies":"The Guardian","floor":16,"turns":15},{"damage":25,"enemies":"Shell Parasite","floor":18,"turns":4},{"damage":22,"enemies":"2 Thieves","floor":20,"turns":5},{"damage":27,"enemies":"Shelled Parasite and Fungi","floor":22,"turns":4},{"damage":28,"enemies":"Cultist and Chosen","floor":24,"turns":6},{"damage":34,"enemies":"Slavers","floor":25,"turns":1}],"seed_played":"-6641241376002541498","potions_obtained":[{"floor":3,"key":"Dexterity Potion"},{"floor":4,"key":"Fire Potion"},{"floor":14,"key":"PowerPotion"},{"floor":16,"key":"LiquidMemories"},{"floor":18,"key":"BlessingOfTheForge"}],"is_trial":false,"path_per_floor":["M","M","M","M","?","E","R","E","T","?","?","R","M","M","R","B",null,"M","$","M","?","M","R","M","E"],"character_chosen":"WATCHER","items_purchased":["Vajra","Lee\u0027s Waffle"],"campfire_rested":3,"item_purchase_floors":[19,19],"current_hp_per_floor":[72,60,60,60,60,57,57,31,31,20,20,41,23,23,44,26,72,47,79,57,57,32,58,32,0,0],"gold":84,"neow_bonus":"THREE_RARE_CARDS","is_daily":false,"chose_seed":false,"campfire_upgraded":1,"win_rate":0.0,"timestamp":1614111493,"path_taken":["M","M","M","M","?","E","R","E","T","?","?","R","?","M","R","BOSS","M","$","M","?","M","R","M","E"],"items_purchased_type":["Relic","Relic"],"build_version":"2020-12-22","purchased_purges":0,"victory":false,"max_hp_per_floor":[72,72,72,72,72,72,72,72,72,72,72,72,72,72,72,72,72,72,79,79,79,81,83,85,85,85],"card_choices":[{"not_picked":["Devotion","Judgement"],"picked":"LessonLearned","floor":0},{"not_picked":["Fasting2","FlyingSleeves"],"picked":"EmptyBody","floor":1},{"not_picked":["JustLucky","FlyingSleeves"],"picked":"FlurryOfBlows","floor":2},{"not_picked":["ClearTheMind","PathToVictory","Consecrate"],"picked":"SKIP","floor":3},{"not_picked":["WreathOfFlame","ClearTheMind"],"picked":"Perseverance","floor":4},{"not_picked":["Indignation","DeceiveReality"],"picked":"Meditate","floor":6},{"not_picked":["Consecrate","ClearTheMind"],"picked":"Establishment","floor":8},{"not_picked":["FollowUp","JustLucky"],"picked":"Study","floor":13},{"not_picked":["FollowUp","JustLucky"],"picked":"BowlingBash","floor":14},{"not_picked":["Perseverance","PathToVictory"],"picked":"CarveReality","floor":15},{"not_picked":["Establishment","Brilliance"],"picked":"Alpha","floor":16},{"not_picked":["WreathOfFlame+1","Adaptation"],"picked":"EmptyBody","floor":18},{"not_picked":["Fasting2","Tantrum"],"picked":"CutThroughFate+1","floor":20},{"not_picked":["SashWhip+1","PathToVictory","EmptyBody"],"picked":"Singing Bowl","floor":22},{"not_picked":["Adaptation","EmptyBody+1","Judgement"],"picked":"Singing Bowl","floor":23},{"not_picked":["Consecrate","FlyingSleeves+1","Crescendo"],"picked":"Singing Bowl","floor":24}],"player_experience":253041,"relics_obtained":[{"floor":6,"key":"Turnip"},{"floor":8,"key":"Dream Catcher"}],"event_choices":[{"damage_healed":0,"gold_gain":0,"cards_transformed":["Defend_P"],"player_choice":"Change","damage_taken":0,"max_hp_gain":0,"max_hp_loss":0,"event_name":"Living Wall","floor":5,"gold_loss":0,"cards_obtained":["Judgement"]},{"damage_healed":0,"gold_gain":75,"player_choice":"Gather Gold","damage_taken":11,"max_hp_gain":0,"max_hp_loss":0,"event_name":"World of Goop","floor":10,"gold_loss":0},{"damage_healed":0,"gold_gain":0,"player_choice":"Forge","damage_taken":0,"max_hp_gain":0,"max_hp_loss":0,"event_name":"Accursed Blacksmith","floor":11,"gold_loss":0,"cards_upgraded":["FlurryOfBlows"]},{"damage_healed":0,"gold_gain":0,"player_choice":"Opened","damage_taken":0,"relics_obtained":["Singing Bowl"],"max_hp_gain":0,"max_hp_loss":0,"event_name":"The Mausoleum","floor":21,"gold_loss":0,"cards_obtained":["Writhe"]}],"is_beta":false,"boss_relics":[{"not_picked":["Empty Cage","Busted Crown"],"picked":"Fusion Hammer"}],"items_purged_floors":[],"is_endless":false,"potions_floor_spawned":[3,4,14,16,18],"killed_by":"Slavers","ascension_level":2}}