{"host":"2l5k2wp87eek7qja","time":1614111906,"event":{"mods":["BaseMod","Colored Map","Minty Spire (QoL Compilation)","Relic Stats"],"gold_per_floor":[109,259,334,347,101,129,129,149,149,184,203,236,236,258,258,336,336,346,303,303,318,49,49,80,80,80,95,95,122,122,156,168,256,268,290,302,327,355,415,455,467,489,501,540,552,564,601,646,658,670,682,694,706,12,39,39,39],"floor_reached":56,"language":"ENG","playtime":2542,"items_purged":["Doubt","Strike_G","Strike_G"],"score":2468,"play_id":"7a2913f8-f2b7-464d-8a8e-1428f58edd8b","local_time":"20210223222506","is_ascension_mode":true,"campfire_choices":[{"data":"Blade Dance","floor":7.0,"key":"SMITH"},{"data":"Finisher","floor":13.0,"key":"SMITH"},{"data":"Neutralize","floor":15.0,"key":"SMITH"},{"floor":23.0,"key":"RECALL"},{"floor":30.0,"key":"REST"},{"floor":32.0,"key":"DIG"},{"floor":41.0,"key":"DIG"},{"floor":45.0,"key":"DIG"},{"data":"Well Laid Plans","floor":49.0,"key":"SMITH"},{"floor":53.0,"key":"DIG"}],"circlet_count":0,"master_deck":["AscendersBane","Strike_G","Strike_G","Defend_G","Defend_G","Defend_G","Defend_G","Defend_G","Survivor","Neutralize+1","Predator","Blade Dance+1","Finisher+1","Prepared+1","Crippling Poison+1","Terror+1","Burst+1","CurseOfTheBell","Cloak And Dagger+1","Backflip+1","Leg Sweep+1","Night Terror+1","Choke","PiercingWail+1","Corpse Explosion+1","Blur+1","Venomology+1","Blade Dance+1","Cloak And Dagger+1","Finisher+1","PiercingWail+1","Adrenaline+1","Cloak And Dagger+1","Panacea+1","Well Laid Plans+1","Caltrops"],"relics":["Ring of the Snake","NeowsBlessing","Vajra","Toxic Egg 2","Gambling Chip","Potion Belt","Odd Mushroom","Calling Bell","Dream Catcher","Paper Crane","Shovel","Sling","PreservedInsect","Question Card","Bird Faced Urn","MawBank","Gremlin Horn","WristBlade","Unceasing Top","Mercury Hourglass","InkBottle","Shuriken","Singing Bowl","Bag of Marbles","Dead Branch","FossilizedHelix","Bottled Lightning","Anchor","CaptainsWheel","Kunai"],"acts_visited":["Exordium","TheCity","TheBeyond","TheEnding"],"potions_floor_usage":[56,56,56,56],"damage_taken":[{"damage":0.0,"enemies":"Jaw Worm","floor":1.0,"turns":1.0},{"damage":0.0,"enemies":"Small Slimes","floor":4.0,"turns":1.0},{"damage":0.0,"enemies":"Gremlin Nob","floor":6.0,"turns":1.0},{"damage":0.0,"enemies":"2 Louse","floor":8.0,"turns":2.0},{"damage":10.0,"enemies":"Lagavulin","floor":10.0,"turns":6.0},{"damage":12.0,"enemies":"Gremlin Gang","floor":11.0,"turns":4.0},{"damage":2.0,"enemies":"3 Sentries","floor":12.0,"turns":4.0},{"damage":0.0,"enemies":"The Mushroom Lair","floor":14.0,"turns":2.0},{"damage":10.0,"enemies":"Slime Boss","floor":16.0,"turns":6.0},{"damage":0.0,"enemies":"Chosen","floor":18.0,"turns":2.0},{"damage":14.0,"enemies":"2 Thieves","floor":19.0,"turns":5.0},{"damage":8.0,"enemies":"Snake Plant","floor":21.0,"turns":3.0},{"damage":15.0,"enemies":"Slavers","floor":24.0,"turns":7.0},{"damage":9.0,"enemies":"Shelled Parasite and Fungi","floor":27.0,"turns":7.0},{"damage":0.0,"enemies":"Gremlin Leader","floor":29.0,"turns":1.0},{"damage":0.0,"enemies":"Book of Stabbing","floor":31.0,"turns":3.0},{"damage":44.0,"enemies":"Automaton","floor":33.0,"turns":9.0},{"damage":3.0,"enemies":"Orb Walker","floor":35.0,"turns":2.0},{"damage":0.0,"enemies":"3 Shapes","floor":37.0,"turns":1.0},{"damage":11.0,"enemies":"Transient","floor":38.0,"turns":6.0},{"damage":0.0,"enemies":"2 Orb Walkers","floor":39.0,"turns":1.0},{"damage":0.0,"enemies":"Reptomancer","floor":40.0,"turns":1.0},{"damage":0.0,"enemies":"Jaw Worm Horde","floor":42.0,"turns":2.0},{"damage":0.0,"enemies":"Nemesis","floor":44.0,"turns":1.0},{"damage":0.0,"enemies":"Mind Bloom Boss Battle","floor":47.0,"turns":2.0},{"damage":7.0,"enemies":"Giant Head","floor":48.0,"turns":2.0},{"damage":10.0,"enemies":"Donu and Deca","floor":50.0,"turns":5.0},{"damage":8.0,"enemies":"Awakened One","floor":51.0,"turns":10.0},{"damage":0.0,"enemies":"Shield and Spear","floor":55.0,"turns":2.0},{"damage":87,"enemies":"The Heart","floor":56,"turns":6}],"seed_played":"368028450018372228","potions_obtained":[{"floor":4.0,"key":"Block Potion"},{"floor":10.0,"key":"FairyPotion"},{"floor":11.0,"key":"SneckoOil"},{"floor":12.0,"key":"AttackPotion"},{"floor":19.0,"key":"FearPotion"},{"floor":24.0,"key":"SpeedPotion"},{"floor":29.0,"key":"Block Potion"},{"floor":31.0,"key":"AttackPotion"},{"floor":37.0,"key":"Poison Potion"},{"floor":38.0,"key":"CunningPotion"},{"floor":42.0,"key":"PowerPotion"},{"floor":48.0,"key":"BlessingOfTheForge"}],"is_trial":false,"path_per_floor":["M","?","?","M","$","E","R","M","T","E","M","E","R","?","R","B",null,"M","M","?","M","$","R","E","?","T","M","?","E","R","E","R","B",null,"M","$","M","M","?","E","R","M","T","E","R","?","?","E","R","B","B",null,"R","$","E","B"],"character_chosen":"THE_SILENT","items_purchased":["Vajra","Sling","Anchor","CaptainsWheel","Caltrops"],"campfire_rested":1,"item_purchase_floors":[5,22,54,54,54],"current_hp_per_floor":[59,59,48,48,48,48,48,48,48,38,26,24,24,24,24,14,53,53,39,39,31,31,31,16,16,16,7,7,7,26,26,26,17,54,51,51,51,40,40,40,40,40,40,42,42,42,42,37,37,43,45,64,64,64,66,0,0],"gold":39,"neow_bonus":"THREE_ENEMY_KILL","is_daily":false,"chose_seed":false,"campfire_upgraded":4,"win_rate":0.0,"timestamp":1614111906,"path_taken":["M","?","?","M","$","E","R","M","T","E","M","E","R","?","R","BOSS","M","M","?","M","$","R","E","?","T","M","?","E","R","E","R","BOSS","M","$","M","?","?","E","R","M","T","E","R","?","?","E","R","BOSS","BOSS","R","$","E","BOSS"],"items_purchased_type":["Relic","Relic","Relic","Relic","Card"],"build_version":"2020-12-22","purchased_purges":3,"victory":false,"max_hp_per_floor":[66,66,66,66,66,66,66,66,66,66,66,66,66,66,66,66,66,66,66,66,66,66,66,66,66,66,66,66,66,66,66,66,66,66,66,66,66,66,66,66,66,66,66,68,68,68,68,70,70,70,70,70,70,70,72,72,72],"relic_stats":{"Gremlin Horn":[11,11],"Singing Bowl":6,"counters":[30,105],"Dead Branch":[106],"PreservedInsect":408,"Question Card":16,"MawBank":276,"Mercury Hourglass":[101],"Dream Catcher":1,"Shovel":4,"Shuriken":[34],"Gambling Chip":[108],"Bird Faced Urn":[20],"Kunai":[6],"obtain_stats":[{"Gremlin Horn":32,"Singing Bowl":44,"Vajra":5,"Sling":22,"Dream Catcher":17,"Shovel":17,"WristBlade":34,"Gambling Chip":10,"Kunai":55,"Toxic Egg 2":6,"InkBottle":41,"Ring of the Snake":0,"Potion Belt":12,"NeowsBlessing":0,"Dead Branch":47,"PreservedInsect":24,"Odd Mushroom":14,"Paper Crane":17,"Question Card":26,"MawBank":31,"Mercury Hourglass":40,"Calling Bell":17,"Anchor":54,"CaptainsWheel":54,"Shuriken":43,"Bird Faced Urn":29,"Bag of Marbles":45,"Bottled Lightning":53,"Unceasing Top":39,"FossilizedHelix":48},{"Gremlin Horn":16,"Singing Bowl":24,"Vajra":2,"Sling":12,"Dream Catcher":9,"Shovel":9,"WristBlade":17,"Gambling Chip":5,"Kunai":29,"Toxic Egg 2":3,"InkBottle":22,"Ring of the Snake":0,"Potion Belt":7,"NeowsBlessing":0,"Dead Branch":25,"PreservedInsect":13,"Odd Mushroom":8,"Paper Crane":9,"Question Card":13,"MawBank":16,"Mercury Hourglass":22,"Calling Bell":9,"Anchor":28,"CaptainsWheel":28,"Shuriken":23,"Bird Faced Urn":15,"Bag of Marbles":24,"Bottled Lightning":28,"Unceasing Top":21,"FossilizedHelix":26},{"Gremlin Horn":55,"Singing Bowl":78,"Vajra":2,"Sling":37,"Dream Catcher":27,"Shovel":27,"WristBlade":64,"Gambling Chip":11,"Kunai":99,"Toxic Egg 2":3,"InkBottle":75,"Ring of the Snake":0,"Potion Belt":19,"NeowsBlessing":0,"Dead Branch":80,"PreservedInsect":44,"Odd Mushroom":21,"Paper Crane":27,"Question Card":44,"MawBank":55,"Mercury Hourglass":75,"Calling Bell":27,"Anchor":97,"CaptainsWheel":97,"Shuriken":77,"Bird Faced Urn":52,"Bag of Marbles":78,"Bottled Lightning":97,"Unceasing Top":74,"FossilizedHelix":82}],"Unceasing Top":[0],"InkBottle":[24],"Ring of the Snake":[60]},"card_choices":[{"not_picked":["Slice","Heel Hook"],"picked":"Predator","floor":1.0},{"not_picked":["Underhanded Strike","PiercingWail"],"picked":"Blade Dance","floor":4.0},{"not_picked":["Calculated Gamble+1","Dagger Spray"],"picked":"Finisher","floor":6.0},{"not_picked":["Outmaneuver+1","Dagger Throw"],"picked":"Prepared+1","floor":8.0},{"not_picked":["Unload","Prepared+1","Reflex+1"],"picked":"SKIP","floor":10.0},{"not_picked":["Dagger Throw","Quick Slash","Underhanded Strike"],"picked":"SKIP","floor":11.0},{"not_picked":["Prepared+1","Slice"],"picked":"Crippling Poison+1","floor":12.0},{"not_picked":["Predator","Caltrops"],"picked":"Terror+1","floor":14.0},{"not_picked":["Corpse Explosion+1","Night Terror+1"],"picked":"Burst+1","floor":16.0},{"not_picked":["Prepared+1","Riddle With Holes","Skewer"],"picked":"SKIP","floor":18.0},{"not_picked":["Crippling Poison+1","Choke"],"picked":"Cloak And Dagger+1","floor":19.0},{"not_picked":["Deflect+1","Predator"],"picked":"Backflip+1","floor":21.0},{"not_picked":["Prepared+1","Noxious Fumes"],"picked":"Leg Sweep+1","floor":24.0},{"not_picked":["Choke","Poisoned Stab","Endless Agony"],"picked":"Night Terror+1","floor":27.0},{"not_picked":["Riddle With Holes","Reflex+1","Bane"],"picked":"PiercingWail+1","floor":29.0},{"not_picked":["Quick Slash","Footwork","Dagger Spray+1"],"picked":"Corpse Explosion+1","floor":30.0},{"not_picked":["Dagger Throw","Reflex+1","Calculated Gamble+1"],"picked":"Blur+1","floor":31.0},{"not_picked":["Storm of Steel+1","Night Terror+1","Envenom"],"picked":"Venomology+1","floor":33.0},{"not_picked":["Deadly Poison+1","Dagger Throw","Underhanded Strike"],"picked":"Blade Dance+1","floor":35.0},{"not_picked":["Acrobatics+1","Glass Knife","Quick Slash"],"picked":"Cloak And Dagger+1","floor":37.0},{"not_picked":["Flying Knee","Sucker Punch+1","Prepared+1"],"picked":"Finisher+1","floor":38.0},{"not_picked":["Poisoned Stab","Infinite Blades","Choke+1"],"picked":"PiercingWail+1","floor":39.0},{"not_picked":["Deflect+1","Infinite Blades+1","Slice"],"picked":"Adrenaline+1","floor":40.0},{"not_picked":["Poisoned Stab","Sucker Punch","Flechettes"],"picked":"Cloak And Dagger+1","floor":42.0},{"not_picked":["Prepared+1","Tools of the Trade","Backflip+1","Deadly Poison+1"],"picked":"Singing Bowl","floor":44.0},{"not_picked":["Dramatic Entrance","Panache","Secret Weapon+1"],"picked":"Panacea+1","floor":46.0},{"not_picked":["Masterful Stab+1","Backflip+1","Underhanded Strike"],"picked":"Well Laid Plans","floor":47.0},{"not_picked":["Deflect+1","Dagger Spray","Finisher","Flying Knee"],"picked":"Singing Bowl","floor":48.0},{"not_picked":["Setup+1","PiercingWail+1","Acrobatics+1","Quick Slash"],"picked":"Singing Bowl","floor":55.0}],"player_experience":870792,"relics_obtained":[{"floor":6.0,"key":"Toxic Egg 2"},{"floor":10.0,"key":"Gambling Chip"},{"floor":12.0,"key":"Potion Belt"},{"floor":14.0,"key":"Odd Mushroom"},{"floor":17.0,"key":"Dream Catcher"},{"floor":17.0,"key":"Paper Crane"},{"floor":17.0,"key":"Shovel"},{"floor":24.0,"key":"PreservedInsect"},{"floor":26.0,"key":"Question Card"},{"floor":29.0,"key":"Bird Faced Urn"},{"floor":31.0,"key":"MawBank"},{"floor":32.0,"key":"Gremlin Horn"},{"floor":39.0,"key":"Unceasing Top"},{"floor":40.0,"key":"Mercury Hourglass"},{"floor":41.0,"key":"InkBottle"},{"floor":43.0,"key":"Shuriken"},{"floor":44.0,"key":"Singing Bowl"},{"floor":45.0,"key":"Bag of Marbles"},{"floor":47.0,"key":"Dead Branch"},{"floor":48.0,"key":"FossilizedHelix"},{"floor":53.0,"key":"Bottled Lightning"},{"floor":55.0,"key":"Kunai"}],"event_choices":[{"damage_healed":0.0,"max_hp_gain":0.0,"max_hp_loss":0.0,"gold_gain":150.0,"event_name":"Liars Game","player_choice":"AGREE","floor":2.0,"gold_loss":0.0,"damage_taken":0.0,"cards_obtained":["Doubt"]},{"damage_healed":0.0,"max_hp_gain":0.0,"max_hp_loss":0.0,"gold_gain":75.0,"event_name":"World of Goop","player_choice":"Gather Gold","floor":3.0,"gold_loss":0.0,"damage_taken":11.0},{"damage_healed":0.0,"max_hp_gain":0.0,"max_hp_loss":0.0,"gold_gain":0.0,"event_name":"Mushrooms","player_choice":"Fought Mushrooms","floor":14.0,"gold_loss":0.0,"damage_taken":0.0},{"damage_healed":0.0,"max_hp_gain":0.0,"max_hp_loss":0.0,"gold_gain":0.0,"event_name":"Vampires","player_choice":"Ignored","floor":20.0,"gold_loss":0.0,"damage_taken":0.0},{"damage_healed":0.0,"max_hp_gain":0.0,"max_hp_loss":0.0,"gold_gain":0.0,"event_name":"The Mausoleum","player_choice":"Ignored","floor":25.0,"gold_loss":0.0,"damage_taken":0.0},{"damage_healed":0.0,"max_hp_gain":0.0,"max_hp_loss":0.0,"gold_gain":0.0,"cards_transformed":["Strike_G"],"event_name":"Transmorgrifier","player_choice":"Transformed","floor":28.0,"gold_loss":0.0,"damage_taken":0.0,"cards_obtained":["Choke"]},{"damage_healed":0.0,"max_hp_gain":0.0,"max_hp_loss":0.0,"gold_gain":0.0,"event_name":"Mysterious Sphere","player_choice":"Fight","floor":39.0,"gold_loss":0.0,"damage_taken":0.0},{"damage_healed":0.0,"max_hp_gain":0.0,"max_hp_loss":0.0,"gold_gain":0.0,"event_name":"SensoryStone","player_choice":"Memory 1","floor":46.0,"gold_loss":0.0,"damage_taken":0.0},{"damage_healed":0.0,"max_hp_gain":0.0,"max_hp_loss":0.0,"gold_gain":0.0,"event_name":"MindBloom","player_choice":"Fight","floor":47.0,"gold_loss":0.0,"damage_taken":0.0}],"is_beta":false,"boss_relics":[{"not_picked":["Empty Cage","Busted Crown"],"picked":"Calling Bell"},{"not_picked":["Ring of the Serpent","HoveringKite"],"picked":"WristBlade"}],"items_purged_floors":[5,22,54],"is_endless":false,"potions_floor_spawned":[4,10,11,12,19,24,29,31,37,38,42,48,55],"killed_by":"The Heart","ascension_level":20}}