{"host":"e8rlfedn69rz2s07","time":1614121448,"event":{"mods":["AchievementEnabler","BaseMod","Minty Spire (QoL Compilation)","Permanent Neow","Relic Stats"],"gold_per_floor":[113,113,113,125,138,173,173,205,205,230,230,230,195,212,212,307,307,322,322,338,263,6,41,41,71,71,85,85,85,85,102,102,205,205,223,223,237,264,282,282,315,315,315,379,426,459,477,477,477,477,477],"floor_reached":50,"language":"ENG","playtime":2910,"items_purged":[],"score":811,"play_id":"ff4bb2de-ef98-49e9-89b9-0f2e3612c11c","local_time":"20210224010408","is_ascension_mode":true,"campfire_choices":[{"floor":7.0,"key":"REST"},{"data":"ForeignInfluence","floor":15.0,"key":"SMITH"},{"floor":24.0,"key":"REST"},{"floor":28.0,"key":"REST"},{"data":"Fasting2","floor":30.0,"key":"SMITH"},{"floor":32.0,"key":"REST"},{"floor":40.0,"key":"RECALL"},{"data":"Wish","floor":42.0,"key":"SMITH"},{"data":"Defend_P","floor":49.0,"key":"SMITH"}],"circlet_count":0,"master_deck":["Strike_P+1","Defend_P+1","Defend_P+1","Defend_P+1","Eruption+1","Vigilance+1","BowlingBash+1","Indignation+1","Fasting2+1","BowlingBash+1","ForeignInfluence+1","Protect+1","Blasphemy+1","LessonLearned+1","FlurryOfBlows+1","LessonLearned","MentalFortress+1","SpiritShield+1","FlyingSleeves","CutThroughFate+1","Sanctity+1","FollowUp+1","EmptyBody+1","Halt+1","Wish+1","SandsOfTime+1","Alpha+1","FlurryOfBlows+1","ThirdEye+1","Consecrate+1","FearNoEvil","TalkToTheHand+1"],"relics":["HolyWater","Potion Belt","Whetstone","Question Card","Juzu Bracelet","Odd Mushroom","Bag of Preparation","Smiling Mask","InkBottle","Coffee Dripper","Thread and Needle","Yang","Unceasing Top","Dream Catcher"],"acts_visited":["Exordium","TheCity","TheBeyond"],"potions_floor_usage":[50],"damage_taken":[{"damage":3.0,"enemies":"Small Slimes","floor":1.0,"turns":3.0},{"damage":0.0,"enemies":"Jaw Worm","floor":4.0,"turns":2.0},{"damage":0.0,"enemies":"2 Louse","floor":5.0,"turns":2.0},{"damage":10.0,"enemies":"Lagavulin","floor":6.0,"turns":7.0},{"damage":18.0,"enemies":"3 Sentries","floor":8.0,"turns":8.0},{"damage":4.0,"enemies":"The Mushroom Lair","floor":10.0,"turns":3.0},{"damage":0.0,"enemies":"Looter","floor":14.0,"turns":1.0},{"damage":9.0,"enemies":"Slime Boss","floor":16.0,"turns":7.0},{"damage":14.0,"enemies":"Shell Parasite","floor":18.0,"turns":6.0},{"damage":4.0,"enemies":"3 Byrds","floor":20.0,"turns":9.0},{"damage":18.0,"enemies":"Gremlin Leader","floor":23.0,"turns":6.0},{"damage":37.0,"enemies":"Slavers","floor":25.0,"turns":7.0},{"damage":28.0,"enemies":"3 Cultists","floor":27.0,"turns":5.0},{"damage":3.0,"enemies":"Cultist and Chosen","floor":31.0,"turns":4.0},{"damage":18.0,"enemies":"Automaton","floor":33.0,"turns":10.0},{"damage":8.0,"enemies":"Orb Walker","floor":35.0,"turns":3.0},{"damage":1.0,"enemies":"3 Darklings","floor":37.0,"turns":2.0},{"damage":0.0,"enemies":"Jaw Worm Horde","floor":39.0,"turns":3.0},{"damage":1.0,"enemies":"Reptomancer","floor":41.0,"turns":2.0},{"damage":11.0,"enemies":"Giant Head","floor":44.0,"turns":6.0},{"damage":30.0,"enemies":"Transient","floor":45.0,"turns":5.0},{"damage":16.0,"enemies":"Nemesis","floor":46.0,"turns":7.0},{"damage":12.0,"enemies":"Spire Growth","floor":47.0,"turns":5.0},{"damage":8,"enemies":"Time Eater","floor":50,"turns":9}],"seed_played":"6584936727067678059","potions_obtained":[{"floor":5.0,"key":"DuplicationPotion"},{"floor":8.0,"key":"Dexterity Potion"},{"floor":10.0,"key":"SkillPotion"},{"floor":14.0,"key":"Energy Potion"},{"floor":16.0,"key":"FairyPotion"},{"floor":20.0,"key":"Weak Potion"},{"floor":25.0,"key":"EntropicBrew"},{"floor":27.0,"key":"DistilledChaos"},{"floor":33.0,"key":"Regen Potion"},{"floor":35.0,"key":"Fire Potion"},{"floor":45.0,"key":"SpeedPotion"}],"is_trial":false,"path_per_floor":["M","?","?","M","M","E","R","E","T","?","?","?","?","M","R","B",null,"M","?","M","?","$","E","R","E","T","M","R","?","R","M","R","B",null,"M","?","M","T","M","R","E","R","T","E","M","E","M","?","R","B"],"character_chosen":"WATCHER","items_purchased":["MentalFortress","SpiritShield","FlyingSleeves","CutThroughFate"],"campfire_rested":4,"item_purchase_floors":[22,22,22,22],"current_hp_per_floor":[62,48,48,48,48,38,59,41,41,37,30,35,54,54,54,45,69,55,55,51,51,51,33,56,19,19,23,46,46,46,43,66,48,70,62,62,61,61,61,61,60,60,60,49,19,18,6,6,6,0,0],"gold":477,"neow_bonus":"RANDOM_COMMON_RELIC","is_daily":false,"chose_seed":false,"campfire_upgraded":4,"win_rate":0.0,"timestamp":1614121448,"path_taken":["M","?","?","M","M","E","R","E","T","?","?","?","?","M","R","BOSS","M","?","M","?","$","E","R","E","T","M","R","?","R","M","R","BOSS","M","?","M","?","M","R","E","R","T","E","M","E","M","?","R","BOSS"],"items_purchased_type":["Card","Card","Card","Card"],"build_version":"2020-12-22","purchased_purges":0,"victory":false,"max_hp_per_floor":[72,72,72,72,72,72,72,72,72,72,72,77,77,77,77,77,77,77,77,77,77,77,77,77,77,77,77,77,77,77,77,77,77,77,77,77,77,77,77,77,77,77,77,77,77,77,77,77,77,77,77],"relic_stats":{"Dream Catcher":0,"counters":[24,122],"Yang":[73],"Juzu Bracelet":4,"Bag of Preparation":[26],"Whetstone":["Eruption","Strike_P"],"Question Card":18,"Smiling Mask":0,"obtain_stats":[{"Potion Belt":0,"Thread and Needle":41,"Yang":43,"Juzu Bracelet":9,"Bag of Preparation":23,"Whetstone":6,"Odd Mushroom":10,"Question Card":8,"Smiling Mask":25,"Dream Catcher":46,"HolyWater":17,"Snecko Eye":34,"Coffee Dripper":34,"PureWater":0,"InkBottle":26,"Unceasing Top":44},{"Potion Belt":0,"Thread and Needle":19,"Yang":19,"Juzu Bracelet":5,"Bag of Preparation":11,"Whetstone":4,"Odd Mushroom":6,"Question Card":5,"Smiling Mask":12,"Dream Catcher":22,"HolyWater":8,"Snecko Eye":15,"Coffee Dripper":15,"PureWater":0,"InkBottle":12,"Unceasing Top":20},{"Potion Belt":0,"Thread and Needle":90,"Yang":90,"Juzu Bracelet":22,"Bag of Preparation":54,"Whetstone":14,"Odd Mushroom":25,"Question Card":22,"Smiling Mask":61,"Dream Catcher":108,"HolyWater":33,"Snecko Eye":80,"Coffee Dripper":80,"PureWater":0,"InkBottle":61,"Unceasing Top":96}],"InkBottle":[26],"Unceasing Top":[0]},"card_choices":[{"not_picked":["Evaluate","Study"],"picked":"BowlingBash","floor":1.0},{"not_picked":["ThirdEye","PathToVictory"],"picked":"Indignation","floor":4.0},{"not_picked":["SignatureMove","FollowUp"],"picked":"Fasting2","floor":5.0},{"not_picked":["Pray","BattleHymn"],"picked":"BowlingBash","floor":6.0},{"not_picked":["SignatureMove","Consecrate"],"picked":"ForeignInfluence","floor":8.0},{"not_picked":["ReachHeaven","Evaluate","CutThroughFate"],"picked":"Protect","floor":10.0},{"not_picked":["EmptyMind","FlyingSleeves","Fasting2"],"picked":"Blasphemy","floor":14.0},{"not_picked":["DevaForm","Alpha","Vault"],"picked":"LessonLearned","floor":16.0},{"not_picked":["MentalFortress","PathToVictory","WheelKick+1"],"picked":"FlurryOfBlows+1","floor":18.0},{"not_picked":["CrushJoints","PathToVictory","BowlingBash","JustLucky"],"picked":"SKIP","floor":20.0},{"not_picked":["FollowUp+1","Study","Indignation"],"picked":"Sanctity+1","floor":23.0},{"not_picked":["FlyingSleeves+1","Nirvana","ConjureBlade"],"picked":"FollowUp","floor":25.0},{"not_picked":["JustLucky","Conclude","BattleHymn"],"picked":"EmptyBody+1","floor":27.0},{"not_picked":["EmptyFist","MentalFortress","FollowUp"],"picked":"Halt","floor":31.0},{"not_picked":["MasterReality","Devotion","Establishment"],"picked":"Wish","floor":33.0},{"not_picked":["CutThroughFate","ClearTheMind+1","Halt"],"picked":"SandsOfTime+1","floor":35.0},{"not_picked":["SandsOfTime+1","ClearTheMind+1","LikeWater+1"],"picked":"Alpha","floor":37.0},{"not_picked":["JustLucky+1","Crescendo+1","Conclude"],"picked":"FlurryOfBlows+1","floor":39.0},{"not_picked":["Weave","Nirvana+1","WaveOfTheHand"],"picked":"ThirdEye+1","floor":41.0},{"not_picked":["WindmillStrike","Prostrate","Fasting2"],"picked":"Consecrate+1","floor":44.0},{"not_picked":["WheelKick+1","BattleHymn","Protect+1"],"picked":"FearNoEvil","floor":45.0},{"not_picked":["SashWhip+1","Consecrate","FollowUp+1","Crescendo"],"picked":"SKIP","floor":46.0},{"not_picked":["CrushJoints+1","Prostrate","EmptyBody+1"],"picked":"TalkToTheHand+1","floor":47.0}],"player_experience":1116920,"relics_obtained":[{"floor":6.0,"key":"Whetstone"},{"floor":8.0,"key":"Question Card"},{"floor":9.0,"key":"Juzu Bracelet"},{"floor":10.0,"key":"Odd Mushroom"},{"floor":23.0,"key":"Bag of Preparation"},{"floor":25.0,"key":"Smiling Mask"},{"floor":26.0,"key":"InkBottle"},{"floor":41.0,"key":"Thread and Needle"},{"floor":43.0,"key":"Yang"},{"floor":44.0,"key":"Unceasing Top"},{"floor":46.0,"key":"Dream Catcher"}],"event_choices":[{"damage_healed":0.0,"max_hp_gain":0.0,"max_hp_loss":0.0,"gold_gain":0.0,"event_name":"Shining Light","player_choice":"Entered Light","floor":2.0,"gold_loss":0.0,"damage_taken":14.0,"cards_upgraded":["Defend_P","Defend_P"]},{"damage_healed":0.0,"max_hp_gain":0.0,"max_hp_loss":0.0,"gold_gain":0.0,"event_name":"Liars Game","player_choice":"Ignored","floor":3.0,"gold_loss":0.0,"damage_taken":0.0},{"damage_healed":0.0,"max_hp_gain":0.0,"max_hp_loss":0.0,"gold_gain":0.0,"event_name":"Mushrooms","player_choice":"Fought Mushrooms","floor":10.0,"gold_loss":0.0,"damage_taken":0.0},{"cards_removed":["Strike_P"],"damage_healed":0.0,"max_hp_gain":0.0,"max_hp_loss":0.0,"gold_gain":0.0,"event_name":"Golden Wing","player_choice":"Card Removal","floor":11.0,"gold_loss":0.0,"damage_taken":7.0},{"damage_healed":0.0,"max_hp_gain":5.0,"max_hp_loss":0.0,"gold_gain":0.0,"event_name":"Big Fish","player_choice":"Donut","floor":12.0,"gold_loss":0.0,"damage_taken":0.0},{"damage_healed":19.0,"max_hp_gain":0.0,"max_hp_loss":0.0,"gold_gain":0.0,"event_name":"The Cleric","player_choice":"Healed","floor":13.0,"gold_loss":35.0,"damage_taken":0.0},{"damage_healed":0.0,"max_hp_gain":0.0,"max_hp_loss":0.0,"gold_gain":0.0,"event_name":"Duplicator","player_choice":"Copied","floor":19.0,"gold_loss":0.0,"damage_taken":0.0,"cards_obtained":["LessonLearned"]},{"cards_removed":["Strike_P"],"damage_healed":0.0,"max_hp_gain":0.0,"max_hp_loss":0.0,"gold_gain":0.0,"event_name":"Beggar","player_choice":"Gave Gold","floor":21.0,"gold_loss":75.0,"damage_taken":0.0},{"cards_removed":["Strike_P"],"damage_healed":0.0,"max_hp_gain":0.0,"max_hp_loss":0.0,"gold_gain":0.0,"event_name":"Purifier","player_choice":"Purged","floor":29.0,"gold_loss":0.0,"damage_taken":0.0},{"damage_healed":0.0,"max_hp_gain":0.0,"max_hp_loss":0.0,"gold_gain":0.0,"event_name":"The Woman in Blue","player_choice":"Bought 0 Potions","floor":36.0,"gold_loss":0.0,"damage_taken":0.0},{"cards_removed":["Defend_P"],"damage_healed":0.0,"max_hp_gain":0.0,"max_hp_loss":0.0,"gold_gain":0.0,"event_name":"Purifier","player_choice":"Purged","floor":48.0,"gold_loss":0.0,"damage_taken":0.0}],"is_beta":false,"boss_relics":[{"not_picked":["Pandora\u0027s Box","Calling Bell"],"picked":"HolyWater"},{"not_picked":["Coffee Dripper","Runic Dome"],"picked":"Snecko Eye"}],"items_purged_floors":[],"is_endless":false,"potions_floor_spawned":[5,8,10,14,16,20,25,27,33,35,45],"killed_by":"Time Eater","ascension_level":7}}