{"host":"36nosutyzulbwemu","time":1614067445,"event":{"mods":["100% Spire Juice","ATMod(∞¢Ë™Mod)","BaseMod","Lobotomy","Minty Spire (QoL Compilation)","Reimu£®≤©¿ˆ¡È√Œ£©","Reliquary","Replay The Spire","Shop Mod","StSLib","The Servant 0.9.4"],"gold_per_floor":[115,115,129,129,129,129,164,183,183,199,232,247,261,279,279,399,399,419,419,429,428,428,428,460,470,470,488,505,523,553,598,598,702,702,719,729,262,262,108,137,137,137,137,137,137,152,7,61,61,61,61],"floor_reached":50,"language":"ZHS","playtime":7252,"items_purged":["Replay:Hysterical Blindness","Strike_Lin:ReiMu"],"score":722,"play_id":"d2367a94-42f4-41f5-ac27-adda7d68e742","local_time":"20210223160405","is_ascension_mode":false,"campfire_choices":[{"data":"AT_FamilyPortrait","floor":6.0,"key":"SMITH"},{"floor":15.0,"key":"REST"},{"floor":23,"key":"RECALL"},{"floor":32,"key":"DIG"},{"data":"SubcavityFantasy:ReiMu","floor":41,"key":"SMITH"},{"floor":44,"key":"REST"},{"floor":49,"key":"REST"}],"circlet_count":0,"master_deck":["Strike_Lin:ReiMu","Strike_Lin:ReiMu","Strike_Lin:ReiMu","Defend_Lin:ReiMu","Defend_Lin:ReiMu","Defend_Lin:ReiMu","Defend_Lin:ReiMu","NB:ReiMu+1","Stagnation:ReiMu","AT_FamilyPortrait+1","Amulet:ReiMu","YinYangSange:ReiMu","CareerPray:ReiMu","LovePray:ReiMu","SubAcupoint:ReiMu","PrepareRite:ReiMu","AlertArray:ReiMu","WonderfulDomain:ReiMu","RainPray2:ReiMu","DependentForm:ReiMu+1","AlertArray:ReiMu+1","OrbThrow:ReiMu+1","ForcedLanding:ReiMu","FoulBorder2:ReiMu+1","OrbThrow:ReiMu+1","Enchanting:ReiMu","CollectionFlower2:ReiMu+1","Enchanting:ReiMu","UniversalSpiritual:ReiMu","AirStrike:ReiMu","AirStrike:ReiMu+1","SubcavityFantasy:ReiMu+1","FantasyBorder:ReiMu+1","ShadowOfCrow2:ReiMu+1","SpiritualOutbreak2:ReiMu","SpiritualOutbreak2:ReiMu","DependentForm:ReiMu","SpreadBorder2:ReiMu","Madness","Madness","DoubleButterfly:ReiMu+1","SafetyPray:ReiMu+1"],"relics":["AT_ATBox","Runic Pyramid","Bloody Idol","Bottled Lightning","Replay:Rubber Ducky","InkBottle","ReplayTheSpireMod:DimensionalGlitch","ReplayTheSpireMod:CursedCoin","reliquary:ExpiredCoupon","Blood Vial","Replay:Accelerometer","Du-Vu Doll","Black Star","PreservedInsect","Sling","Boot","Singing Bowl","CrazyTorch:ReiMu","AT_ChloranthyRing","Calipers"],"acts_visited":["Exordium","TheCity","TheBeyond"],"potions_floor_usage":[24,24,27,28,30,33,48],"damage_taken":[{"damage":1.0,"enemies":"2 Louse","floor":1.0,"turns":2.0},{"damage":0.0,"enemies":"Small Slimes","floor":3.0,"turns":5.0},{"damage":13.0,"enemies":"Lagavulin","floor":7.0,"turns":8.0},{"damage":0.0,"enemies":"Cultist","floor":8.0,"turns":5.0},{"damage":0.0,"enemies":"Looter","floor":10.0,"turns":4.0},{"damage":25.0,"enemies":"Gremlin Nob","floor":11.0,"turns":6.0},{"damage":7.0,"enemies":"2 Fungi Beasts","floor":12.0,"turns":2.0},{"damage":2.0,"enemies":"Lots of Slimes","floor":13.0,"turns":5.0},{"damage":0.0,"enemies":"3 Louse","floor":14.0,"turns":6.0},{"damage":30.0,"enemies":"Fading Forest","floor":16.0,"turns":12.0},{"damage":0,"enemies":"Shell Parasite","floor":18,"turns":6},{"damage":0,"enemies":"Spheric Guardian","floor":20,"turns":5},{"damage":18,"enemies":"Slavers","floor":24,"turns":5},{"damage":0,"enemies":"Snake Plant","floor":25,"turns":6},{"damage":9,"enemies":"Chosen and Byrds","floor":27,"turns":5},{"damage":8,"enemies":"Centurion and Healer","floor":28,"turns":5},{"damage":24,"enemies":"Shelled Parasite and Fungi","floor":29,"turns":6},{"damage":0,"enemies":"Book of Stabbing","floor":30,"turns":5},{"damage":13,"enemies":"Pondfish","floor":33,"turns":10},{"damage":18,"enemies":"3 Darklings","floor":35,"turns":6},{"damage":0,"enemies":"Orb Walker","floor":36,"turns":4},{"damage":23,"enemies":"Giant Head","floor":40,"turns":9},{"damage":21,"enemies":"Transient","floor":46,"turns":5},{"damage":28,"enemies":"2 Orb Walkers","floor":48,"turns":4},{"damage":26,"enemies":"Awakened One","floor":50,"turns":4}],"seed_played":"11282155219209390","potions_obtained":[{"floor":1.0,"key":"ZuzhouPotion:ReiMu"},{"floor":10.0,"key":"FearPotion"},{"floor":11.0,"key":"GamblersBrew"},{"floor":12.0,"key":"BlessingOfTheForge"},{"floor":20,"key":"Fire Potion"},{"floor":24,"key":"BottledKami:ReiMu"},{"floor":25,"key":"Energy Potion"},{"floor":27,"key":"ColorlessPotion"},{"floor":40,"key":"Energy Potion"}],"is_trial":false,"path_per_floor":["M","?","M","?","?","R","E","M","T","M","E","M","M","M","R","B",null,"M","?","M","$","?","R","E","M","T","M","M","M","E","?","R","B",null,"M","M","$","?","$","E","R","?","T","R","?","M","$","?","R","B"],"character_chosen":"REIMU","items_purchased":["ReplayTheSpireMod:CursedCoin","ForcedLanding:ReiMu","PreservedInsect","SpiritualOutbreak2:ReiMu","DependentForm:ReiMu","Sling","AT_ChloranthyRing"],"campfire_rested":3,"item_purchase_floors":[21,21,37,37,37,39,47],"current_hp_per_floor":[64,64,64,64,64,64,51,51,51,51,26,19,17,17,36,16,65,65,65,65,65,65,65,52,57,57,53,50,31,36,25,25,18,65,52,58,58,58,58,41,41,33,33,52,52,37,37,15,34,9,9],"gold":61,"neow_bonus":"BOSS_RELIC","is_daily":false,"chose_seed":true,"campfire_upgraded":2,"win_rate":0.0,"timestamp":1614067445,"path_taken":["M","?","M","?","?","R","E","M","T","M","E","M","?","M","R","BOSS","M","?","M","$","?","R","E","M","T","M","M","?","E","?","R","BOSS","M","M","$","?","$","E","R","?","T","R","?","?","?","?","R","BOSS"],"items_purchased_type":["Relic","Card","Relic","Card","Card","Relic","Relic"],"build_version":"2020-12-22","purchased_purges":2,"victory":false,"max_hp_per_floor":[65,65,65,65,65,65,65,65,65,65,65,65,65,65,65,65,65,65,65,65,65,65,65,65,65,65,65,65,65,65,65,65,65,65,65,65,65,65,65,65,65,65,65,65,65,65,65,65,65,65,65],"card_choices":[{"not_picked":["SafetyPray:ReiMu","Conquer:ReiMu"],"picked":"Amulet:ReiMu","floor":1.0},{"not_picked":["SafetyPray:ReiMu","PassingAway:ReiMu"],"picked":"YinYangSange:ReiMu","floor":3.0},{"not_picked":["AirManeuver:ReiMu","TightArray:ReiMu"],"picked":"CareerPray:ReiMu","floor":7.0},{"not_picked":["Crusade:ReiMu","WonderfulDomain:ReiMu"],"picked":"LovePray:ReiMu","floor":8.0},{"not_picked":["Amulet:ReiMu","HakureiPhantom:ReiMu"],"picked":"SubAcupoint:ReiMu","floor":10.0},{"not_picked":["SubAcupoint:ReiMu","Amulet:ReiMu"],"picked":"PrepareRite:ReiMu","floor":11.0},{"not_picked":["AirManeuver:ReiMu","PhosphorusFlame:ReiMu"],"picked":"AlertArray:ReiMu","floor":12.0},{"not_picked":["TightArray:ReiMu","CareerPray:ReiMu"],"picked":"WonderfulDomain:ReiMu","floor":13.0},{"not_picked":["SafetyPray:ReiMu","PayForSelf:ReiMu"],"picked":"RainPray2:ReiMu","floor":14.0},{"not_picked":["KyokaiOfKami:ReiMu","OctopathSalyBorderN:ReiMu"],"picked":"DependentForm:ReiMu","floor":16.0},{"not_picked":["Meditation:ReiMu","Intuition:ReiMu"],"picked":"AlertArray:ReiMu+1","floor":18},{"not_picked":["Conquer:ReiMu","Intuition:ReiMu+1"],"picked":"OrbThrow:ReiMu+1","floor":20},{"not_picked":["Authority:ReiMu","AirManeuver:ReiMu"],"picked":"FoulBorder2:ReiMu+1","floor":24},{"not_picked":["SubcavityInstant:ReiMu+1","SpringWay:ReiMu+1"],"picked":"OrbThrow:ReiMu+1","floor":25},{"not_picked":["OrbThrow:ReiMu+1","Meditation:ReiMu+1"],"picked":"Enchanting:ReiMu","floor":27},{"not_picked":["AirStrike:ReiMu+1","Enchanting:ReiMu+1"],"picked":"CollectionFlower2:ReiMu+1","floor":28},{"not_picked":["EmergencyTakeOff:ReiMu","BarrageOfMoneybags:ReiMu"],"picked":"Enchanting:ReiMu","floor":29},{"not_picked":["SealNeedle:ReiMu","Free:ReiMu"],"picked":"UniversalSpiritual:ReiMu","floor":30},{"not_picked":["RainPray2:ReiMu","TightArray:ReiMu"],"picked":"AirStrike:ReiMu","floor":31},{"not_picked":["SafetyPray:ReiMu","PayForSelf:ReiMu"],"picked":"AirStrike:ReiMu+1","floor":31},{"not_picked":["DependentForm:ReiMu","BlastKick2:ReiMu"],"picked":"SubcavityFantasy:ReiMu","floor":33},{"not_picked":["SafetyPray:ReiMu+1","AlertArray:ReiMu"],"picked":"FantasyBorder:ReiMu+1","floor":35},{"not_picked":["SubcavityInstant:ReiMu","Amulet:ReiMu"],"picked":"ShadowOfCrow2:ReiMu+1","floor":36},{"not_picked":["PrepareRite:ReiMu+1","LovePray:ReiMu"],"picked":"SpreadBorder2:ReiMu","floor":40},{"not_picked":["SubAcupoint:ReiMu+1","Amulet:ReiMu+1"],"picked":"DoubleButterfly:ReiMu+1","floor":46},{"not_picked":["OrbThrow:ReiMu","Dreaming2:ReiMu"],"picked":"SafetyPray:ReiMu+1","floor":48}],"player_experience":459421,"relics_obtained":[{"floor":7.0,"key":"Bottled Lightning"},{"floor":9.0,"key":"Replay:Rubber Ducky"},{"floor":11.0,"key":"InkBottle"},{"floor":24,"key":"reliquary:ExpiredCoupon"},{"floor":30,"key":"Blood Vial"},{"floor":31,"key":"Replay:Accelerometer"},{"floor":32,"key":"Du-Vu Doll"},{"floor":40,"key":"Boot"},{"floor":40,"key":"Singing Bowl"},{"floor":43,"key":"CrazyTorch:ReiMu"},{"floor":48,"key":"Calipers"}],"event_choices":[{"damage_healed":0.0,"max_hp_gain":0.0,"max_hp_loss":0.0,"gold_gain":0.0,"event_name":"Golden Idol","player_choice":"Take Wound","floor":4.0,"gold_loss":0.0,"damage_taken":0.0,"relics_obtained":["Golden Idol"],"cards_obtained":["Injury"]},{"damage_healed":0.0,"max_hp_gain":0.0,"max_hp_loss":0.0,"gold_gain":0.0,"event_name":"NoteForYourself","player_choice":"Ignored","floor":5.0,"gold_loss":0.0,"damage_taken":0.0},{"damage_healed":0,"gold_gain":0,"player_choice":"Gave Idol","damage_taken":0,"relics_obtained":["Bloody Idol"],"max_hp_gain":0,"max_hp_loss":0,"event_name":"Forgotten Altar","floor":19,"relics_lost":["Golden Idol"],"gold_loss":0},{"cards_removed":["Injury"],"damage_healed":0,"gold_gain":0,"player_choice":"Purged","damage_taken":0,"max_hp_gain":0,"max_hp_loss":0,"event_name":"Purifier","floor":22,"gold_loss":0},{"damage_healed":0,"gold_gain":0,"player_choice":"Ignored","damage_taken":0,"max_hp_gain":0,"max_hp_loss":0,"event_name":"Tomb of Lord Red Mask","floor":38,"gold_loss":0},{"damage_healed":0,"gold_gain":0,"player_choice":"Embrace Madness","damage_taken":8,"max_hp_gain":0,"max_hp_loss":0,"event_name":"Winding Halls","floor":42,"gold_loss":0,"cards_obtained":["Madness","Madness"]},{"damage_healed":0,"gold_gain":0,"player_choice":"Upgraded","damage_taken":0,"max_hp_gain":0,"max_hp_loss":0,"event_name":"Upgrade Shrine","floor":45,"gold_loss":0,"cards_upgraded":["DependentForm:ReiMu"]},{"damage_healed":0,"gold_gain":0,"player_choice":"Fight","damage_taken":0,"max_hp_gain":0,"max_hp_loss":0,"event_name":"Mysterious Sphere","floor":48,"gold_loss":0}],"is_beta":false,"boss_relics":[{"not_picked":["reliquary:RedCape","reliquary:Ember"],"picked":"ReplayTheSpireMod:DimensionalGlitch"},{"not_picked":["Coffee Dripper","Abe\u0027s Treasure"],"picked":"Black Star"}],"items_purged_floors":[21,37],"is_endless":false,"potions_floor_spawned":[1,10,11,12,20,24,25,27,40],"killed_by":"Awakened One","ascension_level":0}}