{"host":"z37g2hkgkh2zjyzk","time":1614111526,"event":{"mods":["2.2 Compatiblity","AchievementEnabler","BaseMod","Bestiary","Colored Map","Colored Powertips","Curses Come First","Highlight Path","Keyboard Shortcuts","Minty Spire (QoL Compilation)","Relic Stats","StSLib","SuperFastMode"],"gold_per_floor":[111,111,286,301,1,1,1,1,1,26,38,38,38,48,48,153,153,165,176,196,121,68,93,93,93,93,120,120,120,149,74,74,171,171,186,205,221,233,245,245,280,280,304,304,354,354,364,4,4,4,4,4,4,39,39,39],"floor_reached":55,"language":"ENG","playtime":5637,"items_purged":["Defend_B+1","Parasite"],"score":1066,"play_id":"9fa6036b-19d0-46d7-97c6-d6c273971fe7","local_time":"20210223211846","is_ascension_mode":true,"campfire_choices":[{"data":"Coolheaded","floor":6.0,"key":"SMITH"},{"data":"Zap","floor":8.0,"key":"SMITH"},{"data":"Streamline","floor":13.0,"key":"SMITH"},{"data":"Cold Snap","floor":15.0,"key":"SMITH"},{"data":"Biased Cognition","floor":25.0,"key":"SMITH"},{"floor":32.0,"key":"DIG"},{"floor":40.0,"key":"RECALL"},{"floor":42.0,"key":"DIG"},{"floor":44.0,"key":"DIG"},{"floor":49.0,"key":"DIG"},{"floor":52.0,"key":"DIG"}],"circlet_count":0,"master_deck":["Defend_B+1","Defend_B+1","Defend_B+1","Zap+1","Dualcast+1","Coolheaded+1","Stack+1","Glacier+1","Self Repair","Streamline+1","Cold Snap+1","Impatience+1","Chill+1","Biased Cognition+1","Coolheaded+1","Turbo+1","Coolheaded+1","Consume+1","Bite","Bite","Bite","Bite","Bite","Core Surge","Doom and Gloom","Barrage+1","Darkness+1","Hologram+1","Redo+1","Go for the Eyes+1"],"relics":["FrozenCore","Toxic Egg 2","Runic Capacitor","Potion Belt","Pen Nib","Bottled Tornado","Meat on the Bone","Shovel","Tiny Chest","Mummified Hand","Runic Pyramid","Molten Egg 2","Bottled Lightning","Juzu Bracelet","CaptainsWheel","Bottled Flame","Bag of Marbles","HornCleat","War Paint"],"acts_visited":["Exordium","TheCity","TheBeyond","TheEnding"],"potions_floor_usage":[],"damage_taken":[{"damage":0.0,"enemies":"Small Slimes","floor":1.0,"turns":2.0},{"damage":5.0,"enemies":"Jaw Worm","floor":4.0,"turns":4.0},{"damage":5.0,"enemies":"3 Sentries","floor":10.0,"turns":11.0},{"damage":0.0,"enemies":"2 Louse","floor":11.0,"turns":1.0},{"damage":0.0,"enemies":"Lots of Slimes","floor":14.0,"turns":1.0},{"damage":3.0,"enemies":"Slime Boss","floor":16.0,"turns":15.0},{"damage":0.0,"enemies":"Shell Parasite","floor":18.0,"turns":8.0},{"damage":1.0,"enemies":"3 Byrds","floor":19.0,"turns":7.0},{"damage":9.0,"enemies":"Centurion and Healer","floor":20.0,"turns":8.0},{"damage":33.0,"enemies":"Gremlin Leader","floor":23.0,"turns":8.0},{"damage":0.0,"enemies":"Slavers","floor":27.0,"turns":9.0},{"damage":0.0,"enemies":"Book of Stabbing","floor":30.0,"turns":8.0},{"damage":63.0,"enemies":"Champ","floor":33.0,"turns":33.0},{"damage":1.0,"enemies":"Orb Walker","floor":35.0,"turns":4.0},{"damage":21.0,"enemies":"3 Darklings","floor":36.0,"turns":10.0},{"damage":36.0,"enemies":"Transient","floor":37.0,"turns":5.0},{"damage":35.0,"enemies":"Writhing Mass","floor":38.0,"turns":18.0},{"damage":0.0,"enemies":"3 Darklings","floor":39.0,"turns":10.0},{"damage":56.0,"enemies":"Giant Head","floor":41.0,"turns":15.0},{"damage":7.0,"enemies":"Mind Bloom Boss Battle","floor":45.0,"turns":13.0},{"damage":3.0,"enemies":"Spire Growth","floor":47.0,"turns":8.0},{"damage":0.0,"enemies":"Awakened One","floor":50.0,"turns":39.0},{"damage":5.0,"enemies":"Shield and Spear","floor":54.0,"turns":15.0},{"damage":70,"enemies":"The Heart","floor":55,"turns":11}],"seed_played":"-6095534881809352604","potions_obtained":[{"floor":4.0,"key":"Fire Potion"},{"floor":11.0,"key":"Explosive Potion"},{"floor":14.0,"key":"LiquidBronze"},{"floor":16.0,"key":"Strength Potion"},{"floor":19.0,"key":"Energy Potion"},{"floor":23.0,"key":"Weak Potion"},{"floor":38.0,"key":"Fire Potion"},{"floor":39.0,"key":"SkillPotion"},{"floor":41.0,"key":"FocusPotion"}],"is_trial":false,"path_per_floor":["M","?","?","M","$","R","?","R","T","E","M","?","R","M","R","B",null,"M","M","M","?","$","E","?","R","T","E","?","?","E","$","R","B",null,"M","M","M","M","M","R","E","R","T","R","?","?","M","$","R","B",null,"R","$","E","B"],"character_chosen":"DEFECT","items_purchased":["Glacier+1","Runic Capacitor","Self Repair","Turbo+1","Bottled Flame"],"campfire_rested":0,"item_purchase_floors":[5,5,5,22,48],"current_hp_per_floor":[75,63,63,58,58,58,58,58,58,60,60,60,60,60,60,64,78,82,82,80,80,80,54,54,54,54,61,57,57,57,57,57,41,53,57,57,38,52,57,57,34,34,34,34,54,54,57,54,54,54,54,54,54,54,0,0],"gold":39,"neow_bonus":"TEN_PERCENT_HP_BONUS","is_daily":false,"chose_seed":false,"campfire_upgraded":5,"win_rate":0.0,"timestamp":1614111526,"path_taken":["M","?","?","M","$","R","?","R","T","E","?","?","R","M","R","BOSS","M","M","M","?","$","E","?","R","T","E","?","?","E","?","R","BOSS","M","M","M","M","M","R","E","R","T","R","?","?","M","$","R","BOSS","R","$","E","BOSS"],"items_purchased_type":["Card","Relic","Card","Card","Relic"],"build_version":"2020-12-22","purchased_purges":2,"victory":false,"max_hp_per_floor":[82,82,82,82,82,82,82,82,82,82,82,82,82,82,82,82,82,82,82,82,82,82,82,82,82,82,82,57,57,57,57,57,57,57,57,57,57,57,57,57,57,57,57,57,57,57,57,54,54,54,54,54,54,54,54,54],"relic_stats":{"Shovel":5,"counters":[24,263],"Mummified Hand":[24],"Tiny Chest":0,"Pen Nib":[37],"Juzu Bracelet":0,"War Paint":[],"obtain_stats":[{"Potion Belt":9,"Pen Nib":10,"Runic Capacitor":5,"Juzu Bracelet":44,"Bottled Tornado":23,"War Paint":54,"FrozenCore":17,"CaptainsWheel":45,"Bottled Flame":48,"Shovel":27,"HornCleat":52,"Mummified Hand":32,"Tiny Chest":30,"Molten Egg 2":41,"Bag of Marbles":49,"Bottled Lightning":42,"Toxic Egg 2":2,"Cracked Core":0,"Meat on the Bone":26,"Runic Pyramid":34},{"Potion Belt":2,"Pen Nib":3,"Runic Capacitor":2,"Juzu Bracelet":19,"Bottled Tornado":10,"War Paint":23,"FrozenCore":6,"CaptainsWheel":20,"Bottled Flame":21,"Shovel":11,"HornCleat":22,"Mummified Hand":12,"Tiny Chest":12,"Molten Egg 2":19,"Bag of Marbles":21,"Bottled Lightning":19,"Toxic Egg 2":1,"Cracked Core":0,"Meat on the Bone":10,"Runic Pyramid":13},{"Potion Belt":6,"Pen Nib":17,"Runic Capacitor":6,"Juzu Bracelet":177,"Bottled Tornado":65,"War Paint":252,"FrozenCore":34,"CaptainsWheel":190,"Bottled Flame":198,"Shovel":74,"HornCleat":237,"Mummified Hand":82,"Tiny Chest":82,"Molten Egg 2":177,"Bag of Marbles":198,"Bottled Lightning":177,"Toxic Egg 2":2,"Cracked Core":0,"Meat on the Bone":65,"Runic Pyramid":115}],"FrozenCore":[49],"Meat on the Bone":24},"card_choices":[{"not_picked":["Hologram","Compile Driver"],"picked":"Coolheaded","floor":1.0},{"not_picked":["Hello World","Ball Lightning"],"picked":"Stack+1","floor":4.0},{"not_picked":["Steam+1","Heatsinks"],"picked":"Streamline","floor":10.0},{"not_picked":["Conserve Battery+1","Amplify+1"],"picked":"Cold Snap","floor":11.0},{"not_picked":["Lockon","Compile Driver"],"picked":"Chill+1","floor":14.0},{"not_picked":["All For One","Amplify+1"],"picked":"Biased Cognition","floor":16.0},{"not_picked":["Streamline","Go for the Eyes","Tempest+1"],"picked":"SKIP","floor":18.0},{"not_picked":["Conserve Battery+1","Steam+1"],"picked":"Coolheaded+1","floor":19.0},{"not_picked":["Reprogram+1","Leap+1","Cold Snap"],"picked":"SKIP","floor":20.0},{"not_picked":["Force Field+1","Scrape"],"picked":"Coolheaded+1","floor":23.0},{"not_picked":["Streamline+1","Steam Power+1"],"picked":"Consume+1","floor":27.0},{"not_picked":["Coolheaded+1","Tempest+1","Cold Snap"],"picked":"SKIP","floor":30.0},{"not_picked":["Buffer","All For One"],"picked":"Core Surge","floor":33.0},{"not_picked":["Coolheaded+1","Undo+1","Redo+1"],"picked":"SKIP","floor":35.0},{"not_picked":["Coolheaded+1","Undo+1","Redo+1"],"picked":"SKIP","floor":35.0},{"not_picked":["Sweeping Beam+1","Go for the Eyes"],"picked":"Doom and Gloom","floor":36.0},{"not_picked":["Reinforced Body+1","Hologram+1"],"picked":"Barrage+1","floor":37.0},{"not_picked":["Doom and Gloom","Consume+1"],"picked":"Darkness+1","floor":38.0},{"not_picked":["Consume+1","Doom and Gloom+1"],"picked":"Hologram+1","floor":39.0},{"not_picked":["Gash+1","Coolheaded+1","Auto Shields+1"],"picked":"SKIP","floor":41.0},{"not_picked":["Stack+1","Coolheaded+1"],"picked":"Redo+1","floor":47.0},{"not_picked":["Amplify+1","Cold Snap+1"],"picked":"Go for the Eyes+1","floor":54.0}],"player_experience":227183,"relics_obtained":[{"floor":9.0,"key":"Potion Belt"},{"floor":10.0,"key":"Pen Nib"},{"floor":23.0,"key":"Bottled Tornado"},{"floor":26.0,"key":"Meat on the Bone"},{"floor":27.0,"key":"Shovel"},{"floor":30.0,"key":"Tiny Chest"},{"floor":32.0,"key":"Mummified Hand"},{"floor":41.0,"key":"Molten Egg 2"},{"floor":42.0,"key":"Bottled Lightning"},{"floor":44.0,"key":"Juzu Bracelet"},{"floor":45.0,"key":"CaptainsWheel"},{"floor":49.0,"key":"Bag of Marbles"},{"floor":52.0,"key":"HornCleat"},{"floor":54.0,"key":"War Paint"}],"event_choices":[{"damage_healed":0.0,"max_hp_gain":0.0,"max_hp_loss":0.0,"gold_gain":0.0,"event_name":"Scrap Ooze","player_choice":"Success","floor":2.0,"gold_loss":0.0,"damage_taken":12.0,"relics_obtained":["Toxic Egg 2"]},{"damage_healed":0.0,"max_hp_gain":0.0,"max_hp_loss":0.0,"gold_gain":175.0,"event_name":"Liars Game","player_choice":"AGREE","floor":3.0,"gold_loss":0.0,"damage_taken":0.0,"cards_obtained":["Doubt"]},{"damage_healed":0.0,"max_hp_gain":0.0,"max_hp_loss":0.0,"gold_gain":0.0,"event_name":"Upgrade Shrine","player_choice":"Upgraded","floor":7.0,"gold_loss":0.0,"damage_taken":0.0,"cards_upgraded":["Dualcast"]},{"damage_healed":0.0,"max_hp_gain":0.0,"max_hp_loss":0.0,"gold_gain":0.0,"event_name":"Match and Keep!","player_choice":"1 cards matched","floor":12.0,"gold_loss":0.0,"damage_taken":0.0,"cards_obtained":["Impatience"]},{"cards_removed":["Doubt"],"damage_healed":0.0,"max_hp_gain":0.0,"max_hp_loss":0.0,"gold_gain":0.0,"event_name":"Beggar","player_choice":"Gave Gold","floor":21.0,"gold_loss":75.0,"damage_taken":0.0},{"damage_healed":0.0,"max_hp_gain":0.0,"max_hp_loss":0.0,"gold_gain":0.0,"event_name":"Back to Basics","player_choice":"Simplicity","floor":24.0,"gold_loss":0.0,"damage_taken":0.0,"cards_upgraded":["Strike_B","Strike_B","Strike_B","Strike_B","Defend_B","Defend_B","Defend_B","Defend_B"]},{"damage_healed":0.0,"max_hp_gain":0.0,"max_hp_loss":25.0,"gold_gain":0.0,"event_name":"Vampires","player_choice":"Became a vampire","floor":28.0,"gold_loss":0.0,"damage_taken":0.0,"cards_obtained":["Bite","Bite","Bite","Bite","Bite"]},{"damage_healed":0.0,"max_hp_gain":0.0,"max_hp_loss":0.0,"gold_gain":0.0,"event_name":"Ghosts","player_choice":"Ignored","floor":29.0,"gold_loss":0.0,"damage_taken":0.0},{"damage_healed":0.0,"max_hp_gain":0.0,"max_hp_loss":0.0,"gold_gain":0.0,"event_name":"MindBloom","player_choice":"Fight","floor":45.0,"gold_loss":0.0,"damage_taken":0.0},{"damage_healed":0.0,"max_hp_gain":0.0,"max_hp_loss":0.0,"gold_gain":0.0,"event_name":"SensoryStone","player_choice":"Memory 1","floor":46.0,"gold_loss":0.0,"damage_taken":0.0}],"is_beta":false,"boss_relics":[{"not_picked":["SlaversCollar","Snecko Eye"],"picked":"FrozenCore"},{"not_picked":["Pandora\u0027s Box","Fusion Hammer"],"picked":"Runic Pyramid"}],"items_purged_floors":[31,48],"is_endless":false,"potions_floor_spawned":[4,11,14,16,19,23,38,39,41],"killed_by":"The Heart","ascension_level":6}}