{"host":"9slw7l0ws16384qq","time":1614080955,"event":{"mods":["A Penny For Your Troubles","BaseMod","Colored Map","Downfall","Evolution","Hubris","Minty Spire (QoL Compilation)","Replay The Spire","StS++","StSLib"],"gold_per_floor":[99,111,21,21,21,21,21,57,57,80,65,98,98,127,156,257,275,175,195,209,226,164,164,188,88,104,104,104,132,151,177,206,321,321,321,363,399,435,505,256,256,309,309,252,152,80,80,124,160,185,185,240,14,14,24,24,24],"floor_reached":55,"language":"FRA","playtime":2708,"items_purged":["bronze:Defend","bronze:Deprecate"],"score":1224,"play_id":"78399547-3a56-4a22-ad93-b1e04c94b542","local_time":"20210223124915","is_ascension_mode":true,"campfire_choices":[{"data":"bronze:OilSpill","floor":1,"key":"SMITH"},{"data":"bronze:HardenedForm","floor":9,"key":"SMITH"},{"data":"bronze:Constructor","floor":13,"key":"SMITH"},{"floor":18,"key":"RECALL"},{"data":"bronze:Shield","floor":25,"key":"SMITH"},{"data":"bronze:OilSpill","floor":28,"key":"SMITH"},{"floor":45,"key":"REST"},{"data":"bronze:Replicate","floor":47,"key":"SMITH"},{"floor":54,"key":"REST"}],"circlet_count":0,"master_deck":["bronze:OilSpill+1","bronze:OilSpill+1","bronze:OilSpill+1","bronze:OilSpill+1","bronze:Constructor+1","bronze:Replicate+1","bronze:Mutator+1","bronze:HardenedForm+1","bronze:OilSpill+1","bronze:Shield+1","bronze:Safeguard+1","expansioncontent:InvincibleStrength"],"relics":["bronze:BronzeCore","EVO:Axolotl","bronze:BottledCode","CeramicFish","War Paint","hubris:TinFlute","Pandora\u0027s Box","downfall:HeartBlessingBlue","Omamori","Guide Book","sneckomod:BabySnecko","bronze:BronzeIdol","downfall:HeartBlessingRed","Regal Pillow","Replay:Bandana","hubris:RunicObelisk","Replay:Towering Pillar of Hats","Pear","Ginger","Replay:Mystery Machine","ReplayTheSpireMod:CursedCoin","Potion Belt","downfall:HeartBlessingGreen","Iron Hammer","Oddly Smooth Stone"],"acts_visited":["Exordium","TheCity","TheBeyond","TheEnding"],"potions_floor_usage":[11,30,31,50,50,50,50,50],"damage_taken":[{"damage":0,"enemies":"Cultist","floor":2,"turns":2},{"damage":0,"enemies":"downfall:FleeingMerchant","floor":3,"turns":4},{"damage":0,"enemies":"Replay:BlueRogue","floor":8,"turns":3},{"damage":2,"enemies":"Small Slimes","floor":10,"turns":2},{"damage":0,"enemies":"downfall:FleeingMerchant","floor":11,"turns":4},{"damage":0,"enemies":"Gremlin Nob","floor":12,"turns":2},{"damage":4,"enemies":"3 Sentries","floor":14,"turns":6},{"damage":0,"enemies":"2 Louse","floor":15,"turns":1},{"damage":4,"enemies":"SI_SHIV_ARCHETYPE","floor":16,"turns":4},{"damage":0,"enemies":"Shell Parasite","floor":19,"turns":4},{"damage":0,"enemies":"Spheric Guardian","floor":20,"turns":2},{"damage":4,"enemies":"Shelled Parasite and Fungi","floor":21,"turns":4},{"damage":0,"enemies":"downfall:FleeingMerchant","floor":22,"turns":3},{"damage":0,"enemies":"Chosen and Byrds","floor":26,"turns":3},{"damage":15,"enemies":"Book of Stabbing","floor":29,"turns":4},{"damage":19,"enemies":"3 Cultists","floor":30,"turns":4},{"damage":5,"enemies":"Replay:Snechameleon","floor":31,"turns":3},{"damage":0,"enemies":"Centurion and Healer","floor":32,"turns":4},{"damage":15,"enemies":"DF_ARCHETYPE_CLAW","floor":33,"turns":8},{"damage":24,"enemies":"3 Darklings","floor":36,"turns":3},{"damage":0,"enemies":"Orb Walker","floor":37,"turns":2},{"damage":0,"enemies":"4 Shapes","floor":38,"turns":5},{"damage":6,"enemies":"4 Shapes","floor":39,"turns":4},{"damage":12,"enemies":"R_Hoarder","floor":42,"turns":6},{"damage":0,"enemies":"Spire Growth","floor":48,"turns":3},{"damage":7,"enemies":"3 Darklings","floor":49,"turns":4},{"damage":0,"enemies":"WA_ARCHETYPE_DIVINITY","floor":50,"turns":5},{"damage":39,"enemies":"downfall:CharBossMerchant","floor":52,"turns":5},{"damage":99,"enemies":"downfall:NeowBoss","floor":55,"turns":11}],"seed_played":"4210840830671443626","potions_obtained":[{"floor":0,"key":"CultistPotion"},{"floor":0,"key":"Venom Potion"},{"floor":0,"key":"Block Potion"},{"floor":12,"key":"Weak Potion"},{"floor":30,"key":"Adrenaline Potion"},{"floor":31,"key":"FearPotion"},{"floor":33,"key":"champ:CounterPotion"},{"floor":36,"key":"PowerPotion"},{"floor":39,"key":"Dexterity Potion"},{"floor":52,"key":"bronze:CleanCodePotion"}],"is_trial":false,"path_per_floor":["R","M","$","?","?","?","T","E","R","M","$","E","R","E","M","B",null,"R_BF","M","M","M","$","?","T","R","M","?","R","E","M","E","M","B",null,"R_BF","M","M","M","?","$","T","E","?","$","R","$","R","M","M","B",null,"E","$","R","B"],"character_chosen":"THE_AUTOMATON","items_purchased":["Omamori","Guide Book","Pear","ReplayTheSpireMod:CursedCoin","Potion Belt","Dexterity Potion","Venom Potion","Oddly Smooth Stone","expansioncontent:InvincibleStrength"],"campfire_rested":2,"item_purchase_floors":[22,22,40,44,44,44,46,53,53],"current_hp_per_floor":[63,63,63,63,60,60,60,60,60,58,58,58,58,54,54,50,58,68,68,68,64,64,64,64,64,64,64,64,49,30,25,25,10,55,70,46,46,46,40,50,50,49,49,49,80,80,80,80,73,73,78,39,39,78,0,0,0],"gold":24,"neow_bonus":"THREE_SMALL_POTIONS","is_daily":false,"chose_seed":false,"campfire_upgraded":6,"win_rate":0.0,"timestamp":1614080955,"path_taken":["R","M","?","?","?","?","T","E","R","M","$","E","R","E","M","BOSS","R_BF","M","?","M","$","?","T","R","M","?","R","E","?","E","M","BOSS","R_BF","M","M","M","?","$","T","E","?","$","R","$","R","?","M","BOSS","E","$","R","BOSS"],"items_purchased_type":["Relic","Relic","Relic","Relic","Relic","Potion","Potion","Relic","Card"],"build_version":"2020-12-22","purchased_purges":2,"victory":false,"max_hp_per_floor":[70,70,70,70,60,60,60,60,60,60,60,60,60,60,60,60,60,70,70,70,70,70,70,70,70,70,70,70,70,70,70,70,70,70,70,70,70,70,70,80,80,80,80,80,80,80,80,80,80,80,80,80,80,80,80,80,80],"card_choices":[{"not_picked":["bronze:Overload","bronze:InfiniteBeams","bronze:Fortify"],"picked":"SKIP","floor":2},{"not_picked":["bronze:FineTuning","bronze:ClassDefault"],"picked":"bronze:Mutator","floor":3},{"not_picked":["bronze:FineTuning","bronze:Branch"],"picked":"bronze:HardenedForm","floor":8},{"not_picked":["bronze:FineTuning","bronze:WhirlingStrike"],"picked":"bronze:OilSpill","floor":10},{"not_picked":["bronze:Deprecate","bronze:CloningBeam","bronze:FollowUp"],"picked":"SKIP","floor":11},{"not_picked":["bronze:AlphaBuild","bronze:DelayedSlice","bronze:WhirlingStrike"],"picked":"SKIP","floor":12},{"not_picked":["bronze:BronzeArmor","bronze:Branch","bronze:MaxOutput"],"picked":"SKIP","floor":14},{"not_picked":["bronze:Flail","bronze:Iterate"],"picked":"bronze:Shield","floor":15},{"not_picked":["bronze:BitShift","bronze:Invalidate","bronze:Separator"],"picked":"SKIP","floor":19},{"not_picked":["bronze:GetLatest","bronze:Allocate","bronze:Constructor+1"],"picked":"SKIP","floor":20},{"not_picked":["bronze:Backtrace","bronze:Branch","bronze:Repair"],"picked":"SKIP","floor":21},{"not_picked":["bronze:BugBarrage","bronze:Turbo","bronze:Shell"],"picked":"SKIP","floor":22},{"not_picked":["bronze:ChosenStrike","bronze:NullPointer","bronze:Repair+1"],"picked":"SKIP","floor":26},{"not_picked":["bronze:BronzeOrb","bronze:ForceShield","bronze:MaxOutput"],"picked":"SKIP","floor":29},{"not_picked":["bronze:DelayedSlice","bronze:Constructor","bronze:ClassDefault+1"],"picked":"SKIP","floor":30},{"not_picked":["bronze:Optimize","bronze:ClassDefault","bronze:RecursiveStrike"],"picked":"SKIP","floor":31},{"not_picked":["bronze:Overheat+1","bronze:Branch","bronze:Invalidate+1"],"picked":"SKIP","floor":32},{"not_picked":["bronze:FineTuning+1","bronze:DelayedSlice","bronze:BitShift"],"picked":"SKIP","floor":36},{"not_picked":["bronze:ClassDefault","bronze:Safeguard","bronze:WhirlingStrike+1"],"picked":"SKIP","floor":37},{"not_picked":["bronze:Deprecate","bronze:BitShift","bronze:Return+1"],"picked":"SKIP","floor":38},{"not_picked":["bronze:InfiniteBeams","bronze:Philosophize+1","bronze:Invalidate+1"],"picked":"SKIP","floor":42},{"not_picked":["bronze:Optimize+1","bronze:GetLatest","bronze:CutThrough+1"],"picked":"SKIP","floor":48},{"not_picked":["bronze:Safeguard+1","bronze:RecursiveStrike","bronze:FineTuning+1"],"picked":"SKIP","floor":49},{"not_picked":["bronze:NullPointer+1","bronze:BitShift+1","bronze:Hardcode"],"picked":"SKIP","floor":52}],"player_experience":1720189,"relics_obtained":[{"floor":8,"key":"CeramicFish"},{"floor":12,"key":"War Paint"},{"floor":14,"key":"hubris:TinFlute"},{"floor":24,"key":"bronze:BronzeIdol"},{"floor":29,"key":"Regal Pillow"},{"floor":31,"key":"Replay:Bandana"},{"floor":39,"key":"Replay:Towering Pillar of Hats"},{"floor":41,"key":"Ginger"},{"floor":42,"key":"Replay:Mystery Machine"},{"floor":52,"key":"Iron Hammer"}],"event_choices":[{"cards_removed":["bronze:Goto"],"damage_healed":0,"gold_gain":0,"player_choice":"Offered Basic","damage_taken":0,"max_hp_gain":0,"max_hp_loss":0,"event_name":"Bonfire Elementals","floor":6,"gold_loss":0}],"is_beta":false,"boss_relics":[{"not_picked":["Runic Dome","Abe\u0027s Treasure"],"picked":"Pandora\u0027s Box"},{"not_picked":["hubris:Stopwatch","Fusion Hammer"],"picked":"hubris:RunicObelisk"}],"items_purged_floors":[3,22],"is_endless":false,"potions_floor_spawned":[8,12,14,15,20,21,30,31,33,36,39,42,48,49,52],"killed_by":"downfall:NeowBoss","ascension_level":8}}