{"host":"dztixnx9b0gu6w9i","time":1614123266,"event":{"mods":["BaseMod","Bestiary","Minty Spire (QoL Compilation)","Relic Stats","Slay the Relics Exporter","SpireBot","ojb\u0027s Better Paths Mod","ojb\u0027s Info Mod"],"gold_per_floor":[366,377,377,377,44,70,70,104,104,104,116,148,169,202,202,274,274,292,292,307,318,328,358,123,156,156,182,182,207,207,223,223,294,294,305,324,324,324,336,369,382,407,477,477,487,501,520,536,536,536,536,536,536,8,39,39],"floor_reached":57,"language":"ENG","playtime":9985,"items_purged":["Strike_R"],"score":2879,"play_id":"8b429d8d-aa02-4c5f-a2ae-c4194c4217a4","local_time":"20210223183426","is_ascension_mode":true,"campfire_choices":[{"data":"Apotheosis","floor":7,"key":"SMITH"},{"floor":10,"key":"REST"},{"data":"Immolate","floor":15,"key":"SMITH"},{"floor":30,"key":"RECALL"},{"floor":32,"key":"REST"}],"circlet_count":0,"master_deck":["AscendersBane","Defend_R","Defend_R+1","Defend_R","Defend_R+1","Bash","Pommel Strike","Anger","Apotheosis+1","Metallicize","Cleave","Spot Weakness","Ghostly Armor","Immolate+1","Berserk+1","Rage","Disarm","Spot Weakness","Power Through+1","Shockwave","Battle Trance","Twin Strike","Bite","Bite","Bite","Bite","Bite","Sword Boomerang","Barricade+1","Shrug It Off","Thinking Ahead","Mayhem+1","Dark Embrace+1","True Grit","Clothesline+1","Shrug It Off","Impervious","Burning Pact+1","Fire Breathing+1","Shrug It Off","Pommel Strike+1"],"relics":["Burning Blood","Incense Burner","TungstenRod","Frozen Egg 2","Meat on the Bone","Odd Mushroom","Matryoshka","Fusion Hammer","Anchor","Bag of Marbles","Singing Bowl","Bottled Lightning","Kunai","Red Mask","Coffee Dripper","StoneCalendar","Akabeko","Lantern","Self Forming Clay","Medical Kit","Bottled Flame"],"acts_visited":["Exordium","TheCity","TheBeyond","TheEnding"],"potions_floor_usage":[6,6,18,23,56],"damage_taken":[{"damage":3,"enemies":"Cultist","floor":1,"turns":3},{"damage":7,"enemies":"Small Slimes","floor":2,"turns":4},{"damage":21,"enemies":"Gremlin Nob","floor":6,"turns":4},{"damage":16,"enemies":"Lagavulin","floor":8,"turns":7},{"damage":0,"enemies":"2 Louse","floor":11,"turns":3},{"damage":24,"enemies":"Gremlin Nob","floor":12,"turns":4},{"damage":0,"enemies":"The Mushroom Lair","floor":13,"turns":6},{"damage":20,"enemies":"3 Sentries","floor":14,"turns":8},{"damage":4,"enemies":"The Guardian","floor":16,"turns":13},{"damage":13,"enemies":"Spheric Guardian","floor":18,"turns":6},{"damage":7,"enemies":"Shell Parasite","floor":20,"turns":4},{"damage":14,"enemies":"Sentry and Sphere","floor":21,"turns":7},{"damage":24,"enemies":"Centurion and Healer","floor":22,"turns":7},{"damage":13,"enemies":"Slavers","floor":23,"turns":5},{"damage":0,"enemies":"Book of Stabbing","floor":25,"turns":6},{"damage":0,"enemies":"Gremlin Leader","floor":27,"turns":4},{"damage":8,"enemies":"Masked Bandits","floor":29,"turns":4},{"damage":15,"enemies":"Cultist and Chosen","floor":31,"turns":6},{"damage":21,"enemies":"Automaton","floor":33,"turns":5},{"damage":0,"enemies":"Orb Walker","floor":35,"turns":2},{"damage":0,"enemies":"3 Darklings","floor":36,"turns":9},{"damage":0,"enemies":"Maw","floor":39,"turns":11},{"damage":4,"enemies":"Giant Head","floor":40,"turns":6},{"damage":4,"enemies":"Transient","floor":41,"turns":6},{"damage":54,"enemies":"Nemesis","floor":42,"turns":21},{"damage":15,"enemies":"Writhing Mass","floor":45,"turns":9},{"damage":0,"enemies":"4 Shapes","floor":46,"turns":7},{"damage":0,"enemies":"Transient","floor":47,"turns":6},{"damage":0,"enemies":"3 Darklings","floor":48,"turns":7},{"damage":19,"enemies":"Time Eater","floor":50,"turns":17},{"damage":7,"enemies":"Awakened One","floor":51,"turns":18},{"damage":61,"enemies":"Shield and Spear","floor":55,"turns":18},{"damage":47,"enemies":"The Heart","floor":56,"turns":10}],"seed_played":"-8036489768721563135","potions_obtained":[{"floor":1,"key":"EssenceOfSteel"},{"floor":6,"key":"GamblersBrew"},{"floor":11,"key":"SmokeBomb"},{"floor":16,"key":"EssenceOfSteel"},{"floor":20,"key":"SkillPotion"},{"floor":21,"key":"FairyPotion"},{"floor":23,"key":"FairyPotion"},{"floor":31,"key":"Weak Potion"},{"floor":55,"key":"Dexterity Potion"}],"is_trial":false,"path_per_floor":["M","M","?","?","$","E","R","E","T","R","M","E","?","E","R","B",null,"M","?","M","M","M","E","$","E","T","E","?","?","R","M","R","B",null,"M","M","?","?","M","E","M","E","T","R","M","M","M","M","R","B","B",null,"R","$","E","B",null],"character_chosen":"IRONCLAD","items_purchased":["Anger","Apotheosis","Regen Potion","Bag of Marbles","Self Forming Clay","Medical Kit","Fire Breathing+1","Shrug It Off"],"campfire_rested":2,"item_purchase_floors":[5,5,5,24,54,54,54,54],"current_hp_per_floor":[71,70,63,40,40,37,37,27,27,49,55,37,55,53,53,55,70,63,43,54,58,52,57,57,63,63,71,71,78,78,80,82,70,79,82,84,77,77,88,90,90,90,90,90,88,92,92,92,92,92,92,92,92,92,92,65],"gold":39,"neow_bonus":"TWO_FIFTY_GOLD","is_daily":false,"chose_seed":false,"campfire_upgraded":2,"win_rate":0.0,"timestamp":1614123266,"path_taken":["M","M","?","?","$","E","R","E","T","R","M","E","?","E","R","BOSS","M","?","M","M","M","E","$","E","T","E","?","?","R","?","R","BOSS","M","M","?","?","M","E","M","E","T","R","M","?","?","M","R","BOSS","BOSS","R","$","E","BOSS"],"items_purchased_type":["Card","Card","Potion","Relic","Relic","Relic","Card","Card"],"build_version":"2020-12-22","purchased_purges":1,"victory":true,"max_hp_per_floor":[75,75,75,75,75,75,75,75,75,75,75,75,75,75,75,75,75,75,80,80,80,80,80,80,80,80,80,80,80,80,82,82,82,82,82,84,86,86,88,90,90,90,90,90,90,92,92,92,92,92,92,92,92,92,92,92],"relic_stats":{"Singing Bowl":12,"counters":[33,253],"Self Forming Clay":[87],"StoneCalendar":[320],"Kunai":[46],"Medical Kit":[23],"obtain_stats":[{"Lantern":43,"Singing Bowl":26,"Self Forming Clay":54,"StoneCalendar":40,"Incense Burner":6,"Frozen Egg 2":9,"Odd Mushroom":13,"Medical Kit":54,"Burning Blood":0,"Akabeko":42,"Blood Vial":25,"Anchor":23,"Bottled Flame":55,"Matryoshka":14,"Fusion Hammer":17,"Bag of Marbles":24,"Red Mask":29,"Coffee Dripper":34,"Bottled Lightning":26,"Kunai":27,"TungstenRod":8,"Meat on the Bone":12},{"Lantern":25,"Singing Bowl":15,"Self Forming Clay":31,"StoneCalendar":23,"Incense Burner":3,"Frozen Egg 2":4,"Odd Mushroom":7,"Medical Kit":31,"Burning Blood":0,"Akabeko":25,"Blood Vial":15,"Anchor":14,"Bottled Flame":32,"Matryoshka":8,"Fusion Hammer":9,"Bag of Marbles":14,"Red Mask":17,"Coffee Dripper":19,"Bottled Lightning":15,"Kunai":16,"TungstenRod":4,"Meat on the Bone":6},{"Lantern":161,"Singing Bowl":87,"Self Forming Clay":225,"StoneCalendar":134,"Incense Burner":11,"Frozen Egg 2":18,"Odd Mushroom":31,"Medical Kit":225,"Burning Blood":0,"Akabeko":161,"Blood Vial":87,"Anchor":81,"Bottled Flame":243,"Matryoshka":39,"Fusion Hammer":52,"Bag of Marbles":81,"Red Mask":95,"Coffee Dripper":106,"Bottled Lightning":87,"Kunai":91,"TungstenRod":18,"Meat on the Bone":25}],"Burning Blood":130,"TungstenRod":92,"Meat on the Bone":72},"card_choices":[{"not_picked":["Clash","Flex"],"picked":"Pommel Strike","floor":1},{"not_picked":["Disarm","Flex"],"picked":"Blood for Blood","floor":2},{"not_picked":["Sword Boomerang","Iron Wave"],"picked":"Metallicize","floor":6},{"not_picked":["Warcry","Power Through"],"picked":"Cleave","floor":8},{"not_picked":["Anger","Pommel Strike"],"picked":"Spot Weakness","floor":11},{"not_picked":["Wild Strike","Twin Strike"],"picked":"Ghostly Armor","floor":12},{"not_picked":["Perfected Strike","Body Slam"],"picked":"Immolate","floor":14},{"not_picked":["Demon Form+1","Limit Break"],"picked":"Berserk+1","floor":16},{"not_picked":["Iron Wave","Body Slam+1"],"picked":"Rage","floor":18},{"not_picked":["Perfected Strike","Havoc"],"picked":"Disarm","floor":20},{"not_picked":["Heavy Blade","Perfected Strike"],"picked":"Spot Weakness","floor":21},{"not_picked":["Rupture+1","Intimidate"],"picked":"Power Through+1","floor":22},{"not_picked":["True Grit","Armaments"],"picked":"Shockwave","floor":23},{"not_picked":["Heavy Blade","Fiend Fire"],"picked":"Battle Trance","floor":25},{"not_picked":["Warcry","Clothesline"],"picked":"Twin Strike","floor":27},{"not_picked":["Dropkick","Carnage"],"picked":"Sword Boomerang","floor":29},{"not_picked":["Metallicize+1","Flex+1","Perfected Strike"],"picked":"Singing Bowl","floor":31},{"not_picked":["Offering","Fiend Fire"],"picked":"Barricade+1","floor":33},{"not_picked":["Infernal Blade","Armaments"],"picked":"Shrug It Off","floor":35},{"not_picked":["Havoc","Dual Wield","Infernal Blade+1"],"picked":"Singing Bowl","floor":36},{"not_picked":["Apotheosis","Forethought"],"picked":"Thinking Ahead","floor":37},{"not_picked":["Metamorphosis","Jack Of All Trades"],"picked":"Mayhem+1","floor":37},{"not_picked":["Mind Blast","Transmutation","HandOfGreed"],"picked":"Singing Bowl","floor":37},{"not_picked":["Clash","Whirlwind","Havoc"],"picked":"Singing Bowl","floor":39},{"not_picked":["Thunderclap","Perfected Strike","Fire Breathing+1"],"picked":"Singing Bowl","floor":40},{"not_picked":["Iron Wave","Fire Breathing+1"],"picked":"True Grit","floor":41},{"not_picked":["Reckless Charge","Perfected Strike"],"picked":"Clothesline+1","floor":42},{"not_picked":["Anger","Twin Strike"],"picked":"Shrug It Off","floor":45},{"not_picked":["Rupture+1","Anger","Clash"],"picked":"Singing Bowl","floor":46},{"not_picked":["Clash","Warcry+1"],"picked":"Impervious","floor":47},{"not_picked":["Headbutt","Sentinel"],"picked":"Burning Pact+1","floor":48},{"not_picked":["Clash","Armaments"],"picked":"Pommel Strike+1","floor":55}],"player_experience":8786365,"relics_obtained":[{"floor":6,"key":"Incense Burner"},{"floor":8,"key":"TungstenRod"},{"floor":9,"key":"Frozen Egg 2"},{"floor":12,"key":"Meat on the Bone"},{"floor":13,"key":"Odd Mushroom"},{"floor":14,"key":"Matryoshka"},{"floor":23,"key":"Anchor"},{"floor":25,"key":"Blood Vial"},{"floor":26,"key":"Singing Bowl"},{"floor":26,"key":"Bottled Lightning"},{"floor":27,"key":"Kunai"},{"floor":29,"key":"Red Mask"},{"floor":40,"key":"StoneCalendar"},{"floor":42,"key":"Akabeko"},{"floor":43,"key":"Lantern"},{"floor":55,"key":"Bottled Flame"}],"event_choices":[{"cards_removed":["Decay"],"damage_healed":0,"gold_gain":0,"player_choice":"Card Removal","damage_taken":7,"max_hp_gain":0,"max_hp_loss":0,"event_name":"Golden Wing","floor":3,"gold_loss":0},{"damage_healed":0,"gold_gain":0,"player_choice":"Entered Light","damage_taken":23,"max_hp_gain":0,"max_hp_loss":0,"event_name":"Shining Light","floor":4,"gold_loss":0,"cards_upgraded":["Defend_R","Defend_R"]},{"damage_healed":0,"gold_gain":0,"player_choice":"Fought Mushrooms","damage_taken":0,"max_hp_gain":0,"max_hp_loss":0,"event_name":"Mushrooms","floor":13,"gold_loss":0},{"damage_healed":0,"gold_gain":0,"player_choice":"Shed Blood","damage_taken":26,"max_hp_gain":5,"max_hp_loss":0,"event_name":"Forgotten Altar","floor":19,"gold_loss":0},{"damage_healed":0,"gold_gain":0,"player_choice":"Became a vampire (Vial)","damage_taken":0,"max_hp_gain":0,"max_hp_loss":0,"event_name":"Vampires","floor":28,"relics_lost":["Blood Vial"],"gold_loss":0,"cards_obtained":["Bite","Bite","Bite","Bite","Bite"]},{"damage_healed":0,"gold_gain":0,"player_choice":"Fought Bandits","damage_taken":0,"max_hp_gain":0,"max_hp_loss":0,"event_name":"Masked Bandits","floor":29,"gold_loss":0},{"damage_healed":0,"gold_gain":0,"player_choice":"Memory 3","damage_taken":10,"max_hp_gain":0,"max_hp_loss":0,"event_name":"SensoryStone","floor":37,"gold_loss":0},{"damage_healed":0,"gold_gain":0,"cards_transformed":["Blood for Blood"],"player_choice":"Transformed","damage_taken":0,"max_hp_gain":0,"max_hp_loss":0,"event_name":"Transmorgrifier","floor":38,"gold_loss":0,"cards_obtained":["Dark Embrace"]}],"is_beta":false,"boss_relics":[{"not_picked":["Runic Cube","Cursed Key"],"picked":"Fusion Hammer"},{"not_picked":["Black Blood","Sozu"],"picked":"Coffee Dripper"}],"items_purged_floors":[24],"is_endless":false,"potions_floor_spawned":[1,6,11,16,20,21,23,31,33,35,40,47,48,55],"ascension_level":20}}