{"host":"43wsnxh97mgjl5zw","time":1614079007,"event":{"mods":["Aspiration","BaseMod","Colored Map","Colored Powertips","Conspire","Downfall","Halation","Hubris","Minty Spire (QoL Compilation)","Quick Restart","Rare Cards Sparkle","Relic Sorter","Reliquary","Replay The Spire","StSLib"],"gold_per_floor":[114,39,39,53,53,83,83,83,83,112,124,124,124,151,151,151,151],"floor_reached":16,"language":"ENG","playtime":471,"items_purged":[],"score":282,"play_id":"61f6c198-c2f2-4a7f-809c-de2472ee2411","local_time":"20210223131647","is_ascension_mode":true,"campfire_choices":[{"data":"Shrug It Off","floor":12.0,"key":"SMITH"},{"data":"Metallicize","floor":15.0,"key":"SMITH"}],"circlet_count":0,"master_deck":["AscendersBane","Strike_R","Strike_R","Strike_R","Strike_R","Strike_R","Defend_R","Defend_R","Defend_R","Bash","Armaments+1","Body Slam+1","Regret","Metallicize+1","Shrug It Off+1"],"relics":["Burning Blood","NeowsBlessing","reliquary:Buckler","Kunai","Golden Egg","Pantograph","Meat on the Bone","Singing Bowl","halation:Toothbrush"],"acts_visited":["Exordium"],"potions_floor_usage":[],"damage_taken":[{"damage":0.0,"enemies":"conspire:RoseBush","floor":1.0,"turns":1.0},{"damage":0.0,"enemies":"2 Louse","floor":4.0,"turns":1.0},{"damage":3.0,"enemies":"3 Sentries","floor":6.0,"turns":2.0},{"damage":18.0,"enemies":"Replay:BlueRogue","floor":10.0,"turns":10.0},{"damage":6.0,"enemies":"Jaw Worm","floor":11.0,"turns":3.0},{"damage":45.0,"enemies":"Gremlin Nob","floor":14.0,"turns":5.0},{"damage":43,"enemies":"Hexaghost","floor":16,"turns":11}],"seed_played":"-4096827853672680294","potions_obtained":[{"floor":4.0,"key":"SteroidPotion"},{"floor":11.0,"key":"SkillPotion"}],"is_trial":false,"path_per_floor":["M","?","$","M","?","E","T","?","T","E","M","R","?","E","R","B"],"character_chosen":"IRONCLAD","items_purchased":[],"campfire_rested":0,"item_purchase_floors":[],"current_hp_per_floor":[74,74,74,75,75,75,75,40,40,40,54,54,50,25,25,7,7],"gold":151,"neow_bonus":"THREE_ENEMY_KILL","is_daily":false,"chose_seed":false,"campfire_upgraded":2,"win_rate":0.0,"timestamp":1614079007,"path_taken":["M","?","$","M","?","E","?","?","T","E","M","R","?","E","R","BOSS"],"items_purchased_type":[],"build_version":"2020-12-22","purchased_purges":0,"victory":false,"max_hp_per_floor":[75,75,75,75,75,75,75,75,75,75,77,77,77,79,79,79,79],"card_choices":[{"not_picked":["True Grit","Flex"],"picked":"Armaments","floor":1.0},{"not_picked":["Dark Embrace","Life Link"],"picked":"Body Slam","floor":4.0},{"not_picked":["Cleave","Rampage"],"picked":"Metallicize","floor":6.0},{"not_picked":["Shockwave","conspire:ExplosiveBarrier"],"picked":"Shrug It Off","floor":10.0},{"not_picked":["Blood for Blood","Perfected Strike","Sword Boomerang"],"picked":"Singing Bowl","floor":11.0},{"not_picked":["Corruption","Thunderclap","Clash"],"picked":"Singing Bowl","floor":14.0}],"player_experience":1283775,"relics_obtained":[{"floor":6.0,"key":"Kunai"},{"floor":7.0,"key":"Golden Egg"},{"floor":9.0,"key":"Meat on the Bone"},{"floor":10.0,"key":"Singing Bowl"},{"floor":14.0,"key":"halation:Toothbrush"}],"event_choices":[{"cards_removed":["Defend_R"],"damage_healed":0.0,"max_hp_gain":0.0,"max_hp_loss":0.0,"gold_gain":0.0,"event_name":"The Cleric","player_choice":"Card Removal","floor":2.0,"gold_loss":75.0,"damage_taken":0.0},{"damage_healed":0.0,"max_hp_gain":0.0,"max_hp_loss":0.0,"gold_gain":0.0,"event_name":"Big Fish","player_choice":"Box","floor":5.0,"gold_loss":0.0,"damage_taken":0.0,"relics_obtained":["reliquary:Buckler"],"cards_obtained":["Regret"]},{"damage_healed":0.0,"max_hp_gain":0.0,"max_hp_loss":0.0,"gold_gain":0.0,"event_name":"Scrap Ooze","player_choice":"Success","floor":8.0,"gold_loss":0.0,"damage_taken":35.0,"relics_obtained":["Pantograph"]},{"damage_healed":0.0,"max_hp_gain":0.0,"max_hp_loss":0.0,"gold_gain":0.0,"event_name":"conspire:Investor","player_choice":"Leave","floor":13.0,"gold_loss":0.0,"damage_taken":0.0}],"is_beta":false,"boss_relics":[],"items_purged_floors":[],"is_endless":false,"potions_floor_spawned":[4,11],"killed_by":"Hexaghost","ascension_level":20}}