{"host":"uyfpom4rlahfoee4","time":1614063491,"event":{"mods":["BaseMod","Downfall","Minty Spire (QoL Compilation)","StSLib"],"gold_per_floor":[99,112,97,97,108,108,108,170,187,205,205,217,217,161,181,280,280,280,291,305,305,318,332,357,357,372,384,400,400,426,436,451,550,550,550,567,584,251,251,251,305,319,15,15,28,28,41,53,70,70],"floor_reached":51,"language":"ENG","playtime":4220,"items_purged":[],"score":696,"play_id":"80f75c8a-7fc5-4f32-bee2-79165acf74cb","local_time":"20210222225811","is_ascension_mode":false,"campfire_choices":[{"data":"Slimebound:CorrosiveSpit","floor":1,"key":"SMITH"},{"data":"Slimebound:SplitLeeching","floor":6,"key":"SMITH"},{"data":"Slimebound:SplitAcid","floor":11,"key":"SMITH"},{"data":"Slimebound:SpikyOuterGoop","floor":13,"key":"SMITH"},{"data":"Slimebound:SpikyOuterGoop","floor":18,"key":"SMITH"},{"data":"Slimebound:TagTeam","floor":25,"key":"SMITH"},{"data":"Slimebound:RollThrough","floor":29,"key":"SMITH"},{"data":"Slimebound:GrowthPunch","floor":35,"key":"SMITH"},{"data":"Slimebound:ComboTackle","floor":40,"key":"SMITH"},{"data":"expansioncontent:Chronoboost","floor":46,"key":"SMITH"}],"circlet_count":0,"master_deck":["Slimebound:Strike_Slimebound","Slimebound:Strike_Slimebound","Slimebound:Tackle","Slimebound:Defend_Slimebound","Slimebound:Defend_Slimebound","Slimebound:Defend_Slimebound","Slimebound:Defend_Slimebound","Slimebound:Split+1","Slimebound:CorrosiveSpit+1","Slimebound:SplitLeeching+1","Slimebound:HauntingLick","Slimebound:ComboTackle+1","Slimebound:SplitAcid+1","Slimebound:SpikyOuterGoop+1","Slimebound:HungryTackle","Slimebound:Schlurp","Slimebound:SplitBruiser","Slimebound:SpikyOuterGoop+1","Slimebound:FinishingTackle","Slimebound:TagTeam+1","Slimebound:SamplingLick","Slimebound:RollThrough+1","Slimebound:ComboTackle","Slimebound:SplitLeeching+1","Slimebound:Prepare","Slimebound:SplitLeeching","Slimebound:Schlurp","Slimebound:GrowthPunch+1","Slimebound:FinishingTackle","Slimebound:LivingWall","Slimebound:SlimeSpikes","Slimebound:SplitLeeching","Slimebound:GoopTackle+1","Slimebound:LivingWall+1","Sadistic Nature","Slimebound:SplitMire","Slimebound:AcidTongue","expansioncontent:AwakenDeath","expansioncontent:Chronoboost+1","Slimebound:Prepare+1","Slimebound:GoopTackle+1"],"relics":["Slimebound:AbsorbEndCombatUpgraded","HornCleat","Ornamental Fan","Busted Crown","Bag of Marbles","Juzu Bracelet","Calipers","Strawberry"],"acts_visited":["Exordium","TheCity","TheBeyond"],"potions_floor_usage":[22,33,39,42,42,45,50,50,50],"damage_taken":[{"damage":5,"enemies":"Small Slimes","floor":2,"turns":4},{"damage":0,"enemies":"downfall:FleeingMerchant","floor":3,"turns":4},{"damage":6,"enemies":"Jaw Worm","floor":5,"turns":3},{"damage":0,"enemies":"Gremlin Nob","floor":8,"turns":3},{"damage":0,"enemies":"2 Louse","floor":9,"turns":2},{"damage":15,"enemies":"Lots of Slimes","floor":10,"turns":3},{"damage":10,"enemies":"downfall:LooterAlt","floor":12,"turns":3},{"damage":0,"enemies":"downfall:FleeingMerchant","floor":14,"turns":4},{"damage":7,"enemies":"3 Louse","floor":15,"turns":2},{"damage":5,"enemies":"SI_SHIV_ARCHETYPE","floor":16,"turns":8},{"damage":0,"enemies":"3 Byrds","floor":19,"turns":4},{"damage":5,"enemies":"Chosen","floor":20,"turns":4},{"damage":0,"enemies":"Snake Plant","floor":22,"turns":4},{"damage":4,"enemies":"Centurion and Healer","floor":23,"turns":6},{"damage":0,"enemies":"Cultist and Chosen","floor":26,"turns":5},{"damage":0,"enemies":"3 Cultists","floor":27,"turns":4},{"damage":0,"enemies":"Sentry and Sphere","floor":28,"turns":5},{"damage":28,"enemies":"Gremlin Leader","floor":30,"turns":5},{"damage":0,"enemies":"Chosen and Byrds","floor":31,"turns":8},{"damage":7,"enemies":"Snake Plant","floor":32,"turns":4},{"damage":18,"enemies":"DF_ARCHETYPE_CLAW","floor":33,"turns":12},{"damage":6,"enemies":"3 Shapes","floor":36,"turns":4},{"damage":8,"enemies":"3 Darklings","floor":37,"turns":6},{"damage":8,"enemies":"Writhing Mass","floor":39,"turns":4},{"damage":0,"enemies":"Maw","floor":42,"turns":7},{"damage":1,"enemies":"downfall:FleeingMerchant","floor":43,"turns":4},{"damage":1,"enemies":"Sphere and 2 Shapes","floor":45,"turns":6},{"damage":17,"enemies":"Spire Growth","floor":47,"turns":5},{"damage":6,"enemies":"Transient","floor":48,"turns":5},{"damage":1,"enemies":"4 Shapes","floor":49,"turns":8},{"damage":73,"enemies":"IC_BLOCK_ARCHETYPE","floor":50,"turns":15}],"seed_played":"-8076862057478307758","potions_obtained":[{"floor":2,"key":"Guardian:BlockOnCardUsePotion"},{"floor":5,"key":"EntropicBrew"},{"floor":9,"key":"LiquidMemories"},{"floor":27,"key":"BlessingOfTheForge"},{"floor":32,"key":"SmokeBomb"},{"floor":45,"key":"hexamod:SoulburnPotion"},{"floor":47,"key":"hexamod:SoulburnPotion"}],"is_trial":false,"path_per_floor":["R","M","$","?","M","R","T","?","M","M","R","M","R","$","M","B",null,"R","M","M","?","M","M","T","R","M","M","M","R","E","M","M","B",null,"R","M","M","?","M","R","T","M","$","?","M","R","M","M","M","B",null],"character_chosen":"SLIMEBOUND","items_purchased":["Slimebound:SpikyOuterGoop","Sadistic Nature","Slimebound:SplitMire","Slimebound:AcidTongue"],"campfire_rested":0,"item_purchase_floors":[14,43,43,43],"current_hp_per_floor":[65,62,65,65,63,63,63,65,65,52,52,46,46,54,49,52,65,65,65,65,65,65,65,65,65,65,65,65,65,45,53,54,44,65,65,65,65,73,65,65,72,80,80,75,80,80,75,80,80,22],"gold":70,"neow_bonus":"UPGRADE_CARD","is_daily":false,"chose_seed":false,"campfire_upgraded":10,"win_rate":0.0,"timestamp":1614063491,"path_taken":["R","M","$","?","M","R","T","?","M","M","R","M","R","?","M","BOSS","R","M","M","?","?","M","T","R","M","M","M","R","E","M","M","BOSS","R","M","M","?","M","R","T","M","$","?","M","R","M","M","M","BOSS"],"items_purchased_type":["Card","Card","Card","Card"],"build_version":"2020-12-22","purchased_purges":0,"victory":true,"max_hp_per_floor":[65,65,65,65,65,65,65,65,65,65,65,65,65,65,65,65,65,65,65,65,65,65,65,65,65,65,65,65,65,65,65,65,65,65,65,65,65,73,73,73,80,80,80,80,80,80,80,80,80,80],"card_choices":[{"not_picked":["Slimebound:SlimeBarrage","Slimebound:RollThrough"],"picked":"Slimebound:SplitLeeching","floor":2},{"not_picked":["Slimebound:Recollect","Slimebound:SlimeBarrage"],"picked":"Slimebound:HauntingLick","floor":3},{"not_picked":["Slimebound:ServeAndProtect","Slimebound:PressTheAttack"],"picked":"Slimebound:ComboTackle","floor":5},{"not_picked":["Slimebound:SlimeBarrage","Slimebound:FlameTackle"],"picked":"Slimebound:SplitAcid","floor":8},{"not_picked":["Slimebound:SamplingLick","Slimebound:MinionMaster"],"picked":"Slimebound:SpikyOuterGoop","floor":9},{"not_picked":["Slimebound:PressTheAttack","Slimebound:LeechingTouch"],"picked":"Slimebound:HungryTackle","floor":10},{"not_picked":["Slimebound:Replication","Slimebound:ComboTackle"],"picked":"Slimebound:Schlurp","floor":12},{"not_picked":["Slimebound:Dissolve","Slimebound:Grow"],"picked":"Slimebound:SplitBruiser","floor":14},{"not_picked":["Slimebound:SplitAcid","Slimebound:FormOfPuddle"],"picked":"Slimebound:FinishingTackle","floor":15},{"not_picked":["Slimebound:MassRepurpose","Slimebound:Teamwork"],"picked":"Slimebound:TagTeam","floor":16},{"not_picked":[],"picked":"Slimebound:SamplingLick","floor":19},{"not_picked":[],"picked":"Slimebound:RollThrough","floor":20},{"not_picked":[],"picked":"Slimebound:ComboTackle","floor":22},{"not_picked":[],"picked":"Slimebound:SplitLeeching+1","floor":23},{"not_picked":[],"picked":"Slimebound:Prepare","floor":26},{"not_picked":[],"picked":"Slimebound:SplitLeeching","floor":27},{"not_picked":[],"picked":"Slimebound:Schlurp","floor":28},{"not_picked":[],"picked":"Slimebound:GrowthPunch","floor":30},{"not_picked":[],"picked":"Slimebound:FinishingTackle","floor":31},{"not_picked":[],"picked":"Slimebound:LivingWall","floor":32},{"not_picked":[],"picked":"Slimebound:SlimeSpikes","floor":36},{"not_picked":[],"picked":"Slimebound:SplitLeeching","floor":37},{"not_picked":[],"picked":"Slimebound:GoopTackle+1","floor":42},{"not_picked":[],"picked":"Slimebound:LivingWall+1","floor":43},{"not_picked":["expansioncontent:PolyBeam","expansioncontent:LastStand"],"picked":"expansioncontent:AwakenDeath","floor":44},{"not_picked":["expansioncontent:InvincibleStrength","expansioncontent:HyperBeam"],"picked":"expansioncontent:Chronoboost","floor":44},{"not_picked":[],"picked":"Slimebound:Prepare+1","floor":45},{"not_picked":["Slimebound:ItLooksTasty+1"],"picked":"SKIP","floor":47},{"not_picked":[],"picked":"Slimebound:GoopTackle+1","floor":48},{"not_picked":["Slimebound:ProtectTheBoss"],"picked":"SKIP","floor":49}],"player_experience":133083,"relics_obtained":[{"floor":7,"key":"HornCleat"},{"floor":8,"key":"Ornamental Fan"},{"floor":21,"key":"Bag of Marbles"},{"floor":24,"key":"Juzu Bracelet"},{"floor":30,"key":"Calipers"},{"floor":41,"key":"Strawberry"}],"event_choices":[{"damage_healed":0,"gold_gain":0,"player_choice":"Relic","damage_taken":0,"max_hp_gain":0,"max_hp_loss":0,"event_name":"Wheel of Change","floor":21,"gold_loss":0}],"is_beta":false,"boss_relics":[{"not_picked":["Tiny House","Pandora\u0027s Box"],"picked":"Busted Crown"},{"not_picked":["Sozu","Astrolabe"],"picked":"Slimebound:AbsorbEndCombatUpgraded"}],"items_purged_floors":[],"is_endless":false,"potions_floor_spawned":[2,5,9,10,20,27,28,32,39,45,47,48],"ascension_level":0}}