{"host":"2l5k2wp87eek7qja","time":1614108870,"event":{"mods":["BaseMod","Colored Map","Minty Spire (QoL Compilation)","Relic Stats"],"gold_per_floor":[113,133,133,144,161,161,187,187,187,187,217,232,264,277,277,355,355,368,293,293,308,318,318,343,343,343,359,36,36,36],"floor_reached":29,"language":"ENG","playtime":893,"items_purged":["Strike_G"],"score":530,"play_id":"d47e5ca3-fd32-4a38-8938-c416b268797d","local_time":"20210223213430","is_ascension_mode":true,"campfire_choices":[{"data":"Storm of Steel","floor":6,"key":"SMITH"},{"data":"Caltrops","floor":8,"key":"SMITH"},{"data":"Neutralize","floor":10,"key":"SMITH"},{"data":"Blade Dance","floor":15,"key":"SMITH"},{"data":"Blade Dance","floor":23,"key":"SMITH"},{"floor":25,"key":"REST"}],"circlet_count":0,"master_deck":["AscendersBane","Strike_G","Strike_G","Strike_G","Defend_G","Defend_G","Defend_G","Defend_G","Defend_G","Survivor","Neutralize+1","Storm of Steel+1","Dagger Spray","Dagger Throw","Backflip","Quick Slash","Caltrops+1","Blade Dance+1","Predator","Finisher","Night Terror","Blade Dance+1","Deflect","Deflect"],"relics":["Ring of the Snake","Kunai","Shuriken","Blood Vial","Ancient Tea Set","WristBlade","Bag of Marbles","Gambling Chip"],"acts_visited":["Exordium","TheCity"],"potions_floor_usage":[5,7,13,24],"damage_taken":[{"damage":7,"enemies":"Jaw Worm","floor":1,"turns":6},{"damage":1,"enemies":"Cultist","floor":2,"turns":3},{"damage":0,"enemies":"Small Slimes","floor":4,"turns":2},{"damage":0,"enemies":"Blue Slaver","floor":5,"turns":5},{"damage":14,"enemies":"3 Sentries","floor":7,"turns":4},{"damage":14,"enemies":"Lagavulin","floor":11,"turns":8},{"damage":0,"enemies":"Looter","floor":12,"turns":1},{"damage":9,"enemies":"Gremlin Nob","floor":13,"turns":3},{"damage":9,"enemies":"Red Slaver","floor":14,"turns":5},{"damage":6,"enemies":"Hexaghost","floor":16,"turns":6},{"damage":0,"enemies":"Spheric Guardian","floor":18,"turns":3},{"damage":0,"enemies":"Chosen","floor":21,"turns":2},{"damage":25,"enemies":"Snecko","floor":22,"turns":5},{"damage":32,"enemies":"Slavers","floor":24,"turns":4},{"damage":15,"enemies":"Sentry and Sphere","floor":27,"turns":4},{"damage":10,"enemies":"Snake Plant","floor":29,"turns":2}],"seed_played":"5061543123589546779","potions_obtained":[{"floor":1,"key":"Block Potion"},{"floor":4,"key":"BlessingOfTheForge"},{"floor":11,"key":"GamblersBrew"},{"floor":12,"key":"LiquidBronze"},{"floor":22,"key":"Dexterity Potion"},{"floor":24,"key":"Energy Potion"}],"is_trial":false,"path_per_floor":["M","M","?","M","M","R","E","R","T","R","E","M","E","M","R","B",null,"M","$","?","M","M","R","E","R","T","M","$","M"],"character_chosen":"THE_SILENT","items_purchased":["Gambling Chip"],"campfire_rested":1,"item_purchase_floors":[28],"current_hp_per_floor":[52,51,51,51,51,51,37,37,37,37,23,25,18,11,11,7,51,53,53,53,55,32,32,2,21,21,8,8,0,0],"gold":36,"neow_bonus":"ONE_RANDOM_RARE_CARD","is_daily":false,"chose_seed":false,"campfire_upgraded":5,"win_rate":0.0,"timestamp":1614108870,"path_taken":["M","M","?","?","M","R","E","R","T","R","E","M","E","M","R","BOSS","M","?","?","M","M","R","E","R","T","M","$","M"],"items_purchased_type":["Relic"],"build_version":"2020-12-22","purchased_purges":1,"victory":false,"max_hp_per_floor":[66,66,66,66,66,66,66,66,66,66,66,66,66,66,66,66,66,66,66,66,66,66,66,66,66,66,66,66,66,66],"relic_stats":{"Blood Vial":20,"counters":[16,63],"Shuriken":[35],"Gambling Chip":[5],"Kunai":[35],"obtain_stats":[{"Blood Vial":11,"WristBlade":17,"Shuriken":9,"Gambling Chip":28,"Bag of Marbles":24,"Kunai":7,"Ancient Tea Set":13,"Ring of the Snake":0},{"Blood Vial":6,"WristBlade":10,"Shuriken":5,"Gambling Chip":15,"Bag of Marbles":14,"Kunai":5,"Ancient Tea Set":8,"Ring of the Snake":0},{"Blood Vial":28,"WristBlade":43,"Shuriken":20,"Gambling Chip":61,"Bag of Marbles":57,"Kunai":20,"Ancient Tea Set":32,"Ring of the Snake":0}],"Ring of the Snake":[32]},"card_choices":[{"not_picked":["Riddle With Holes","Backflip"],"picked":"Dagger Spray","floor":1},{"not_picked":["Concentrate","Outmaneuver"],"picked":"Dagger Throw","floor":2},{"not_picked":["Escape Plan","Slice"],"picked":"Quick Slash","floor":4},{"not_picked":["Backflip","Tools of the Trade","Underhanded Strike"],"picked":"SKIP","floor":5},{"not_picked":["Outmaneuver","Choke"],"picked":"Caltrops","floor":7},{"not_picked":["Bane","Masterful Stab","Escape Plan"],"picked":"SKIP","floor":11},{"not_picked":["Prepared","Bouncing Flask"],"picked":"Blade Dance","floor":12},{"not_picked":["Predator","Calculated Gamble","Phantasmal Killer"],"picked":"SKIP","floor":13},{"not_picked":["Calculated Gamble","Phantasmal Killer"],"picked":"Predator","floor":13},{"not_picked":["Sucker Punch","Dodge and Roll"],"picked":"Finisher","floor":14},{"not_picked":["Die Die Die","Glass Knife"],"picked":"Night Terror","floor":16},{"not_picked":["Acrobatics","Dagger Throw"],"picked":"Blade Dance","floor":18},{"not_picked":["Bouncing Flask","Catalyst"],"picked":"Deflect","floor":21},{"not_picked":["Underhanded Strike","Infinite Blades"],"picked":"Deflect","floor":22},{"not_picked":["Outmaneuver","Quick Slash","Acrobatics"],"picked":"SKIP","floor":24},{"not_picked":["Escape Plan","Dodge and Roll","Flying Knee"],"picked":"SKIP","floor":27}],"player_experience":869846,"relics_obtained":[{"floor":7,"key":"Kunai"},{"floor":9,"key":"Shuriken"},{"floor":11,"key":"Blood Vial"},{"floor":13,"key":"Ancient Tea Set"},{"floor":24,"key":"Bag of Marbles"}],"event_choices":[{"damage_healed":0,"gold_gain":0,"cards_transformed":["Strike_G"],"player_choice":"Transformed","damage_taken":0,"max_hp_gain":0,"max_hp_loss":0,"event_name":"Transmorgrifier","floor":3,"gold_loss":0,"cards_obtained":["Backflip"]},{"damage_healed":0,"gold_gain":0,"player_choice":"Ignored","damage_taken":0,"max_hp_gain":0,"max_hp_loss":0,"event_name":"Ghosts","floor":20,"gold_loss":0}],"is_beta":false,"boss_relics":[{"not_picked":["Black Star","Empty Cage"],"picked":"WristBlade"}],"items_purged_floors":[19],"is_endless":false,"potions_floor_spawned":[1,4,11,12,22,24],"killed_by":"Snake Plant","ascension_level":20}}