{"host":"sefdra8o7mt663cz","time":1614087093,"event":{"mods":["BaseMod","Minty Spire (QoL Compilation)","StSLib","The Forsaken"],"gold_per_floor":[116,116,130,148,167,167,184,184,207,226,226,226,246,263,263,365,365,384,384,399,399,399],"floor_reached":21,"language":"ENG","playtime":1663,"items_purged":[],"score":175,"play_id":"6e09cc7b-2b27-4ee2-8771-993b69061479","local_time":"20210223143133","is_ascension_mode":false,"campfire_choices":[{"data":"Streamline","floor":6,"key":"SMITH"},{"floor":11,"key":"REST"},{"floor":15,"key":"REST"}],"circlet_count":0,"master_deck":["Strike_B","Strike_B","Strike_B","Defend_B","Defend_B","Defend_B","Defend_B","Zap","Dualcast","Conserve Battery","Stack","Streamline+1","Sweeping Beam","Static Discharge","FTL","Steam","Melter","Creative AI","Darkness+1","Chaos+1"],"relics":["Cracked Core","NeowsBlessing","Nunchaku","CultistMask","Sozu","HornCleat"],"acts_visited":["Exordium","TheCity"],"potions_floor_usage":[16,16,16],"damage_taken":[{"damage":0,"enemies":"Jaw Worm","floor":1,"turns":1},{"damage":0,"enemies":"Cultist","floor":3,"turns":1},{"damage":0,"enemies":"Small Slimes","floor":4,"turns":1},{"damage":13,"enemies":"3 Louse","floor":5,"turns":3},{"damage":8,"enemies":"Red Slaver","floor":7,"turns":3},{"damage":16,"enemies":"Exordium Wildlife","floor":10,"turns":5},{"damage":11,"enemies":"Lots of Slimes","floor":13,"turns":3},{"damage":3,"enemies":"Looter","floor":14,"turns":3},{"damage":36,"enemies":"Hexaghost","floor":16,"turns":6},{"damage":33,"enemies":"Chosen","floor":18,"turns":5},{"damage":9,"enemies":"3 Byrds","floor":20,"turns":2},{"damage":33,"enemies":"Centurion and Healer","floor":21,"turns":6}],"seed_played":"3910678101839277790","potions_obtained":[{"floor":3,"key":"Ancient Potion"},{"floor":5,"key":"SteroidPotion"},{"floor":7,"key":"BlessingOfTheForge"},{"floor":16,"key":"GamblersBrew"}],"is_trial":false,"path_per_floor":["M","?","M","M","M","R","M","?","T","M","R","?","M","M","R","B",null,"M","T","M","M"],"character_chosen":"DEFECT","items_purchased":[],"campfire_rested":2,"item_purchase_floors":[],"current_hp_per_floor":[75,75,75,75,62,62,54,54,54,38,60,60,49,46,68,32,75,42,42,33,0,0],"gold":399,"neow_bonus":"THREE_ENEMY_KILL","is_daily":false,"chose_seed":false,"campfire_upgraded":1,"win_rate":0.0,"timestamp":1614087093,"path_taken":["M","?","M","M","?","R","M","?","T","M","R","?","M","M","R","BOSS","M","?","?","M"],"items_purchased_type":[],"build_version":"2020-12-22","purchased_purges":0,"victory":false,"max_hp_per_floor":[75,75,75,75,75,75,75,75,75,75,75,75,75,75,75,75,75,75,75,75,75,75],"card_choices":[{"not_picked":["Cold Snap","Rebound"],"picked":"Conserve Battery","floor":1},{"not_picked":["Hello World","Steam Power"],"picked":"Stack","floor":3},{"not_picked":["Cold Snap","Rebound"],"picked":"Streamline","floor":4},{"not_picked":["Core Surge","Hologram"],"picked":"Sweeping Beam","floor":5},{"not_picked":["Auto Shields","Aggregate"],"picked":"Static Discharge","floor":7},{"not_picked":["Coolheaded","Heatsinks"],"picked":"FTL","floor":10},{"not_picked":["Redo","Hello World"],"picked":"Steam","floor":13},{"not_picked":["Conserve Battery","Rebound"],"picked":"Melter","floor":14},{"not_picked":["Echo Form","Seek"],"picked":"Creative AI","floor":16},{"not_picked":["Steam Power","Streamline"],"picked":"Darkness+1","floor":18},{"not_picked":["Gash","Streamline"],"picked":"Chaos+1","floor":20}],"player_experience":33859,"relics_obtained":[{"floor":9,"key":"Nunchaku"},{"floor":19,"key":"HornCleat"}],"event_choices":[{"cards_removed":["Strike_B"],"damage_healed":0,"gold_gain":0,"player_choice":"Purged","damage_taken":0,"max_hp_gain":0,"max_hp_loss":0,"event_name":"Purifier","floor":2,"gold_loss":0},{"damage_healed":0,"gold_gain":0,"player_choice":"Ignored","damage_taken":0,"max_hp_gain":0,"max_hp_loss":0,"event_name":"Liars Game","floor":8,"gold_loss":0},{"damage_healed":0,"gold_gain":0,"player_choice":"Trade","damage_taken":0,"relics_obtained":["CultistMask"],"max_hp_gain":0,"max_hp_loss":0,"event_name":"FaceTrader","floor":12,"gold_loss":0}],"is_beta":false,"boss_relics":[{"not_picked":["Coffee Dripper","Velvet Choker"],"picked":"Sozu"}],"items_purged_floors":[],"is_endless":false,"potions_floor_spawned":[3,5,7,10,13,16],"killed_by":"Centurion and Healer","ascension_level":0}}