{"host":"2hz3p8f82lqex3pd","time":1614117921,"event":{"mods":["AchievementEnabler","BaseMod","Minty Spire (QoL Compilation)"],"gold_per_floor":[118,129,7,182,132,158,158,174,174,208,223,298,154,171,171,271,271,282,298,333,47,146,146,146,146,170,185,33,33,43,61,61,61,61],"floor_reached":33,"language":"ENG","playtime":1803,"items_purged":["Collect"],"score":280,"play_id":"0c8dd1dc-9258-45d3-8e73-9aea406d6088","local_time":"20210223170521","is_ascension_mode":false,"campfire_choices":[{"data":"Wallop","floor":7,"key":"SMITH"},{"floor":15,"key":"REST"},{"floor":23,"key":"REST"},{"floor":25,"key":"REST"},{"floor":32,"key":"REST"}],"circlet_count":0,"master_deck":["Strike_P","Strike_P","Strike_P","Strike_P","Defend_P","Defend_P","Defend_P","Defend_P","Eruption","Vigilance","SashWhip","Adaptation","Halt","Wallop+1","ClearTheMind","FollowUp","DevaForm+1","Crescendo","FollowUp","Establishment"],"relics":["HolyWater","NeowsBlessing","Blue Candle","Bottled Flame","Lizard Tail","Membership Card","Red Mask","Calipers","Frozen Eye","Art of War","Lantern","ClockworkSouvenir"],"acts_visited":["Exordium","TheCity"],"potions_floor_usage":[8,18,19,27,27,33,33],"damage_taken":[{"damage":0,"enemies":"2 Louse","floor":1,"turns":1},{"damage":0,"enemies":"Small Slimes","floor":2,"turns":1},{"damage":0,"enemies":"Gremlin Nob","floor":6,"turns":1},{"damage":0,"enemies":"Jaw Worm","floor":8,"turns":1},{"damage":33,"enemies":"3 Sentries","floor":10,"turns":15},{"damage":3,"enemies":"Blue Slaver","floor":11,"turns":4},{"damage":2,"enemies":"Looter","floor":14,"turns":3},{"damage":35,"enemies":"The Guardian","floor":16,"turns":10},{"damage":32,"enemies":"Shell Parasite","floor":18,"turns":8},{"damage":24,"enemies":"3 Byrds","floor":19,"turns":6},{"damage":26,"enemies":"Masked Bandits","floor":20,"turns":5},{"damage":44,"enemies":"Snecko","floor":27,"turns":4},{"damage":18,"enemies":"Snake Plant","floor":30,"turns":4},{"damage":10,"enemies":"Chosen and Byrds","floor":31,"turns":7},{"damage":76,"enemies":"Champ","floor":33,"turns":14}],"seed_played":"5107587157625277680","potions_obtained":[{"floor":1,"key":"Energy Potion"},{"floor":8,"key":"Ancient Potion"},{"floor":10,"key":"Ancient Potion"},{"floor":16,"key":"ColorlessPotion"},{"floor":18,"key":"Regen Potion"},{"floor":19,"key":"Weak Potion"},{"floor":31,"key":"BlessingOfTheForge"}],"is_trial":false,"path_per_floor":["M","M","$","?","?","E","R","M","T","E","M","?","$","M","R","B",null,"M","M","?","$","?","R","?","R","T","M","$","?","M","M","R","B"],"character_chosen":"WATCHER","items_purchased":["Adaptation","Halt","Membership Card","Calipers","Frozen Eye","Explosive Potion","Lantern","ClockworkSouvenir"],"campfire_rested":4,"item_purchase_floors":[3,3,13,21,21,21,28,28],"current_hp_per_floor":[72,72,72,72,72,72,72,72,72,39,36,25,25,23,44,9,72,40,31,5,5,5,26,26,47,47,3,3,3,25,15,36,0,0],"gold":61,"neow_bonus":"THREE_ENEMY_KILL","is_daily":false,"chose_seed":false,"campfire_upgraded":1,"win_rate":0.0,"timestamp":1614117921,"path_taken":["M","M","$","?","?","E","R","M","T","E","M","?","?","M","R","BOSS","M","M","?","$","?","R","?","R","T","?","$","?","M","M","R","BOSS"],"items_purchased_type":["Card","Card","Relic","Relic","Relic","Potion","Relic","Relic"],"build_version":"2020-12-22","purchased_purges":1,"victory":false,"max_hp_per_floor":[72,72,72,72,72,72,72,72,72,72,72,72,72,72,72,72,72,72,72,72,72,72,72,72,72,72,72,72,72,72,72,72,72,72],"card_choices":[{"not_picked":["Wallop","FollowUp"],"picked":"Collect","floor":1},{"not_picked":["Vengeance","FlurryOfBlows"],"picked":"SashWhip","floor":2},{"not_picked":["ThirdEye","Evaluate"],"picked":"Wallop","floor":6},{"not_picked":["Halt","CutThroughFate"],"picked":"ClearTheMind","floor":8},{"not_picked":["BowlingBash","Crescendo","EmptyFist"],"picked":"SKIP","floor":10},{"not_picked":["DeceiveReality","Vengeance","FollowUp"],"picked":"SKIP","floor":11},{"not_picked":["DeceiveReality","Vengeance"],"picked":"FollowUp","floor":11},{"not_picked":["LikeWater","Brilliance","Prostrate"],"picked":"SKIP","floor":14},{"not_picked":["Devotion","Scrawl"],"picked":"DevaForm","floor":16},{"not_picked":["FlurryOfBlows","EmptyFist","MentalFortress"],"picked":"SKIP","floor":18},{"not_picked":["Adaptation","PathToVictory"],"picked":"Crescendo","floor":19},{"not_picked":["Protect","DeceiveReality"],"picked":"FollowUp","floor":20},{"not_picked":["JustLucky+1","Omniscience","Crescendo"],"picked":"SKIP","floor":27},{"not_picked":["Worship+1","Meditate","JustLucky+1"],"picked":"SKIP","floor":30},{"not_picked":["CutThroughFate","JustLucky"],"picked":"Establishment","floor":31}],"player_experience":194104,"relics_obtained":[{"floor":6,"key":"Blue Candle"},{"floor":9,"key":"Bottled Flame"},{"floor":10,"key":"Lizard Tail"},{"floor":20,"key":"Red Mask"},{"floor":26,"key":"Art of War"}],"event_choices":[{"damage_healed":0,"gold_gain":175,"player_choice":"AGREE","damage_taken":0,"max_hp_gain":0,"max_hp_loss":0,"event_name":"Liars Game","floor":4,"gold_loss":0,"cards_obtained":["Doubt"]},{"cards_removed":["Doubt"],"damage_healed":0,"gold_gain":0,"player_choice":"Card Removal","damage_taken":0,"max_hp_gain":0,"max_hp_loss":0,"event_name":"The Cleric","floor":5,"gold_loss":50},{"damage_healed":0,"gold_gain":75,"player_choice":"Gather Gold","damage_taken":11,"max_hp_gain":0,"max_hp_loss":0,"event_name":"World of Goop","floor":12,"gold_loss":0},{"damage_healed":0,"gold_gain":0,"player_choice":"Fought Bandits","damage_taken":0,"max_hp_gain":0,"max_hp_loss":0,"event_name":"Masked Bandits","floor":20,"gold_loss":0},{"damage_healed":0,"gold_gain":99,"player_choice":"Stole From Cult","damage_taken":0,"max_hp_gain":0,"max_hp_loss":0,"event_name":"Nest","floor":22,"gold_loss":0},{"damage_healed":0,"gold_gain":0,"player_choice":"Forge","damage_taken":0,"max_hp_gain":0,"max_hp_loss":0,"event_name":"Accursed Blacksmith","floor":24,"gold_loss":0,"cards_upgraded":["DevaForm"]},{"damage_healed":0,"gold_gain":0,"player_choice":"Ignored","damage_taken":0,"max_hp_gain":0,"max_hp_loss":0,"event_name":"Ghosts","floor":29,"gold_loss":0}],"is_beta":false,"boss_relics":[{"not_picked":["Calling Bell","Coffee Dripper"],"picked":"HolyWater"}],"items_purged_floors":[21],"is_endless":false,"potions_floor_spawned":[1,8,10,16,18,19,31],"killed_by":"Champ","ascension_level":0}}