{"host":"mu5qkq7030l6349q","time":1614103884,"event":{"mods":["AchievementEnabler","BaseMod","Colored Powertips","Downfall","Highlight Path","Minty Spire (QoL Compilation)","Permanent Neow","Rare Cards Sparkle","Relic Sorter","Relic Stats","StSLib"],"gold_per_floor":[99,119,135,235,235,263,263,263,283,283,297,13,13,24,44,139,139,139,157,171,191,191,207,234,263,263,263,263,295,295,295,307,409,409,409,426,426,445,112,127,127,127,127,127,127],"floor_reached":43,"language":"ENG","playtime":3526,"items_purged":["bronze:Strike"],"score":468,"play_id":"d1ad78f0-16a0-433b-ab37-aa50ba5d77ed","local_time":"20210223191124","is_ascension_mode":false,"campfire_choices":[{"data":"bronze:Goto","floor":1.0,"key":"SMITH"},{"data":"bronze:FollowUp","floor":13.0,"key":"SMITH"},{"data":"bronze:ClassDefault","floor":18.0,"key":"SMITH"},{"floor":28.0,"key":"REST"},{"data":"bronze:Repair","floor":30,"key":"SMITH"},{"data":"bronze:HardenedForm","floor":35,"key":"SMITH"}],"circlet_count":0,"master_deck":["bronze:Strike+1","bronze:Strike+1","bronze:Defend","bronze:Defend","bronze:Replicate+1","bronze:Goto+1","bronze:WhirlingStrike","bronze:ClassDefault+1","bronze:Branch","bronze:ChosenStrike","bronze:FollowUp+1","bronze:Invalidate+1","bronze:AlphaBuild","bronze:MaxOutput","bronze:AlphaBuild+1","bronze:Branch+1","bronze:Repair+1","bronze:CloningBeam","bronze:Frontload+1","bronze:BitShift","Pride","bronze:HardenedForm+1","bronze:BugBarrage+1","bronze:CleanCode","bronze:ItsAFeature","bronze:CutThrough+1"],"relics":["bronze:BronzeCore","Smiling Mask","Happy Flower","Oddly Smooth Stone","SlaversCollar","Strawberry","CaptainsWheel","Juzu Bracelet","Bird Faced Urn","Black Star","InkBottle","Ornamental Fan"],"acts_visited":["Exordium","TheCity","TheBeyond"],"potions_floor_usage":[33],"damage_taken":[{"damage":1.0,"enemies":"Jaw Worm","floor":2.0,"turns":7.0},{"damage":7.0,"enemies":"Small Slimes","floor":3.0,"turns":4.0},{"damage":26.0,"enemies":"Lagavulin","floor":6.0,"turns":8.0},{"damage":0.0,"enemies":"2 Louse","floor":9.0,"turns":2.0},{"damage":5.0,"enemies":"Exordium Thugs","floor":11.0,"turns":4.0},{"damage":0.0,"enemies":"downfall:FleeingMerchant","floor":12.0,"turns":4.0},{"damage":0.0,"enemies":"downfall:LooterAlt","floor":14.0,"turns":2.0},{"damage":6.0,"enemies":"Gremlin Gang","floor":15.0,"turns":5.0},{"damage":31.0,"enemies":"IC_STATUS_ARCHETYPE","floor":16.0,"turns":7.0},{"damage":9.0,"enemies":"3 Byrds","floor":19.0,"turns":4.0},{"damage":0.0,"enemies":"downfall:LooterAlt2","floor":20.0,"turns":2.0},{"damage":28.0,"enemies":"Cultist and Chosen","floor":21.0,"turns":10.0},{"damage":14.0,"enemies":"Centurion and Healer","floor":23.0,"turns":9.0},{"damage":19.0,"enemies":"Gremlin Leader","floor":25.0,"turns":6.0},{"damage":31,"enemies":"Slavers","floor":29,"turns":7},{"damage":4,"enemies":"3 Cultists","floor":32,"turns":6},{"damage":32,"enemies":"SI_MIRROR_ARCHETYPE","floor":33,"turns":8},{"damage":1,"enemies":"Orb Walker","floor":36,"turns":3},{"damage":50,"enemies":"3 Darklings","floor":38,"turns":5},{"damage":76,"enemies":"Spire Growth","floor":40,"turns":9},{"damage":56,"enemies":"Transient","floor":43,"turns":4}],"seed_played":"-8243340058967984521","potions_obtained":[{"floor":6.0,"key":"hexamod:SoulburnPotion"},{"floor":9.0,"key":"Fruit Juice"},{"floor":10.0,"key":"bronze:FreeFunctionsPotion"},{"floor":10.0,"key":"Energy Potion"},{"floor":10.0,"key":"ColorlessPotion"},{"floor":16.0,"key":"AttackPotion"},{"floor":20.0,"key":"champ:CounterPotion"},{"floor":33,"key":"bronze:CleanCodePotion"},{"floor":36,"key":"ColorlessPotion"}],"is_trial":false,"path_per_floor":["R","M","M","?","?","E","T","?","M","?","M","$","R","M","M","B",null,"R","M","M","M","?","M","T","E","?","?","R","E","R","?","M","B",null,"R","M","?","M","?","M","T","?","M"],"character_chosen":"THE_AUTOMATON","items_purchased":["Oddly Smooth Stone","bronze:AlphaBuild"],"campfire_rested":1,"item_purchase_floors":[12,12],"current_hp_per_floor":[70,69,62,62,67,41,41,41,46,46,41,41,41,41,35,4,80,80,71,71,50,50,43,50,38,38,38,64,40,40,40,46,32,87,87,87,87,43,98,40,40,40,0,0,0],"gold":127,"neow_bonus":"RANDOM_COMMON_RELIC","is_daily":false,"chose_seed":false,"campfire_upgraded":5,"win_rate":0.0,"timestamp":1614103884,"path_taken":["R","M","M","?","?","E","T","?","?","?","M","?","R","M","M","BOSS","R","M","M","M","?","?","T","E","?","?","R","E","R","?","M","BOSS","R","M","?","M","?","M","T","?","M"],"items_purchased_type":["Relic","Card"],"build_version":"2020-12-22","purchased_purges":1,"victory":false,"max_hp_per_floor":[70,70,70,70,75,75,75,75,80,80,80,80,80,80,80,80,80,80,80,80,80,80,80,87,87,87,87,87,87,87,87,87,87,87,87,87,87,87,98,98,98,98,98,98,98],"relic_stats":{"Happy Flower":[32],"counters":[21,116],"Ornamental Fan":[4],"Bird Faced Urn":[22],"Juzu Bracelet":1,"Black Star":0,"Smiling Mask":25,"obtain_stats":[{"bronze:BronzeCore":0,"Happy Flower":7,"Oddly Smooth Stone":12,"Juzu Bracelet":27,"Whetstone":6,"Smiling Mask":0,"SlaversCollar":17,"CaptainsWheel":25,"Ornamental Fan":42,"Strawberry":24,"Bird Faced Urn":29,"Black Star":34,"InkBottle":41},{"bronze:BronzeCore":0,"Happy Flower":3,"Oddly Smooth Stone":6,"Juzu Bracelet":14,"Whetstone":3,"Smiling Mask":0,"SlaversCollar":9,"CaptainsWheel":14,"Ornamental Fan":20,"Strawberry":13,"Bird Faced Urn":15,"Black Star":17,"InkBottle":20},{"bronze:BronzeCore":0,"Happy Flower":19,"Oddly Smooth Stone":29,"Juzu Bracelet":74,"Whetstone":19,"Smiling Mask":0,"SlaversCollar":43,"CaptainsWheel":74,"Ornamental Fan":112,"Strawberry":68,"Bird Faced Urn":81,"Black Star":95,"InkBottle":112}],"InkBottle":[1]},"card_choices":[{"not_picked":["bronze:BugBarrage","bronze:DelayedSlice"],"picked":"bronze:WhirlingStrike","floor":2.0},{"not_picked":["bronze:BuggyMess","bronze:Separator"],"picked":"bronze:ClassDefault","floor":3.0},{"not_picked":["bronze:Iterate","bronze:BuggyMess"],"picked":"bronze:Branch","floor":6.0},{"not_picked":["bronze:ChildClass","bronze:Overheat"],"picked":"bronze:ChosenStrike","floor":9.0},{"not_picked":["bronze:ChosenStrike","bronze:BugBarrage"],"picked":"bronze:FollowUp","floor":11.0},{"not_picked":["bronze:Allocate","bronze:BuggyMess"],"picked":"bronze:Invalidate","floor":12.0},{"not_picked":["bronze:Repair","bronze:WhirlingStrike"],"picked":"bronze:MaxOutput","floor":14.0},{"not_picked":["bronze:NullPointer","bronze:Shield","bronze:BurnOut"],"picked":"SKIP","floor":15.0},{"not_picked":["bronze:Verify","bronze:ThunderWave"],"picked":"bronze:AlphaBuild","floor":16.0},{"not_picked":["bronze:Terminator+1","bronze:Turbo"],"picked":"bronze:Branch+1","floor":19.0},{"not_picked":["bronze:WildBeam","bronze:Safeguard"],"picked":"bronze:Repair","floor":20.0},{"not_picked":["bronze:Turbo+1","bronze:ChosenStrike"],"picked":"bronze:CloningBeam","floor":21.0},{"not_picked":["bronze:BuggyMess","bronze:Deprecate+1"],"picked":"bronze:Frontload+1","floor":23.0},{"not_picked":["bronze:Frontload+1","bronze:Shield"],"picked":"bronze:BitShift","floor":25.0},{"not_picked":["bronze:Overheat","bronze:DelayedSlice","bronze:Branch"],"picked":"SKIP","floor":29},{"not_picked":["bronze:CleanCode","bronze:Flail","bronze:Boost"],"picked":"SKIP","floor":32},{"not_picked":["bronze:Verify","bronze:ThunderWave"],"picked":"bronze:HardenedForm","floor":33},{"not_picked":["bronze:ForceShield+1","bronze:BuggyMess"],"picked":"bronze:BugBarrage+1","floor":36},{"not_picked":["bronze:ClassDefault+1","bronze:Flail"],"picked":"bronze:ItsAFeature","floor":38},{"not_picked":["bronze:FollowUp","bronze:Separator+1"],"picked":"bronze:CutThrough+1","floor":40}],"player_experience":91267,"relics_obtained":[{"floor":6.0,"key":"Whetstone"},{"floor":7.0,"key":"Happy Flower"},{"floor":24.0,"key":"Strawberry"},{"floor":25.0,"key":"CaptainsWheel"},{"floor":29,"key":"Bird Faced Urn"},{"floor":41,"key":"InkBottle"},{"floor":42,"key":"Ornamental Fan"}],"event_choices":[{"damage_healed":0.0,"max_hp_gain":5.0,"max_hp_loss":0.0,"gold_gain":0.0,"event_name":"Big Fish","player_choice":"Donut","floor":5.0,"gold_loss":0.0,"damage_taken":0.0},{"cards_removed":["bronze:Strike"],"damage_healed":0.0,"max_hp_gain":0.0,"max_hp_loss":0.0,"gold_gain":0.0,"event_name":"Living Wall","player_choice":"Forget","floor":8.0,"gold_loss":0.0,"damage_taken":0.0},{"damage_healed":0.0,"max_hp_gain":0.0,"max_hp_loss":0.0,"gold_gain":0.0,"event_name":"Addict","player_choice":"Stole Relic","floor":27.0,"gold_loss":0.0,"damage_taken":0.0,"relics_obtained":["Juzu Bracelet"],"cards_obtained":["Pride"]}],"is_beta":false,"boss_relics":[{"not_picked":["Snecko Eye","SacredBark"],"picked":"SlaversCollar"},{"not_picked":["Runic Dome","Tiny House"],"picked":"Black Star"}],"items_purged_floors":[12],"is_endless":false,"potions_floor_spawned":[6,9,11,16,20,25,33,36],"killed_by":"Transient","ascension_level":0}}