{"host":"i7jfea87xc8lz16p","time":1614071799,"event":{"mods":["AchievementEnabler","BaseMod","Colored Powertips","Minty Spire (QoL Compilation)","Relic Stats"],"gold_per_floor":[111,186,186,186,17,46,46,80,103,133,133,133,133,4,4,81,81,93,110,84,110,0,0,16,50,101,112,129,140,140,169,169,169,169],"floor_reached":33,"language":"ENG","playtime":1017,"items_purged":["Strike_G"],"score":748,"play_id":"b185ba68-6cdc-438f-8a74-a593d40842ef","local_time":"20210223101639","is_ascension_mode":true,"campfire_choices":[{"data":"Neutralize","floor":7,"key":"SMITH"},{"data":"Dagger Throw","floor":11,"key":"SMITH"},{"data":"Survivor","floor":13,"key":"SMITH"},{"data":"Deadly Poison","floor":15,"key":"SMITH"},{"data":"Cloak And Dagger","floor":23,"key":"SMITH"},{"floor":32,"key":"REST"}],"circlet_count":0,"master_deck":["AscendersBane","Strike_G","Strike_G","Defend_G","Defend_G","Defend_G","Defend_G+1","Defend_G","Survivor+1","Neutralize+1","Dagger Throw+1","Masterful Stab","Backstab","Infinite Blades","Deadly Poison+1","Die Die Die","Calculated Gamble","PiercingWail+1","Cloak And Dagger+1","PiercingWail","Slice+1","Acrobatics","Blur","Corpse Explosion"],"relics":["Ring of the Snake","NeowsBlessing","MealTicket","Bag of Preparation","Ginger","Lantern","Happy Flower","Anchor","WristBlade","Akabeko","Bronze Scales","Snake Skull","MutagenicStrength","Boot"],"acts_visited":["Exordium","TheCity"],"potions_floor_usage":[10,16,31],"damage_taken":[{"damage":0,"enemies":"2 Louse","floor":1,"turns":1},{"damage":0,"enemies":"3 Sentries","floor":6,"turns":1},{"damage":0,"enemies":"Lagavulin","floor":8,"turns":1},{"damage":6,"enemies":"Gremlin Nob","floor":10,"turns":3},{"damage":18,"enemies":"The Guardian","floor":16,"turns":11},{"damage":1,"enemies":"Spheric Guardian","floor":18,"turns":3},{"damage":0,"enemies":"Chosen","floor":19,"turns":3},{"damage":13,"enemies":"Snake Plant","floor":24,"turns":3},{"damage":6,"enemies":"Gremlin Leader","floor":25,"turns":5},{"damage":0,"enemies":"Centurion and Healer","floor":27,"turns":4},{"damage":0,"enemies":"3 Cultists","floor":28,"turns":3},{"damage":10,"enemies":"Cultist and Chosen","floor":29,"turns":4},{"damage":0,"enemies":"Slavers","floor":31,"turns":2},{"damage":59,"enemies":"Collector","floor":33,"turns":6}],"seed_played":"3182238159772527611","potions_obtained":[{"floor":6,"key":"AttackPotion"},{"floor":10,"key":"Fire Potion"},{"floor":18,"key":"Ancient Potion"},{"floor":25,"key":"SkillPotion"}],"is_trial":false,"path_per_floor":["M","?","?","?","$","E","R","E","T","E","R","?","R","$","R","B",null,"M","M","$","T","?","R","M","E","T","M","M","M","?","E","R","B"],"character_chosen":"THE_SILENT","items_purchased":["Bag of Preparation","BlessingOfTheForge","Cloak And Dagger"],"campfire_rested":1,"item_purchase_floors":[5,14,20],"current_hp_per_floor":[59,48,37,30,45,45,45,45,45,39,39,39,39,54,54,36,59,58,58,66,66,66,66,53,47,47,47,47,37,37,37,56,0,0],"gold":169,"neow_bonus":"THREE_ENEMY_KILL","is_daily":false,"chose_seed":false,"campfire_upgraded":5,"win_rate":0.0,"timestamp":1614071799,"path_taken":["M","?","?","?","?","E","R","E","T","E","R","?","R","$","R","BOSS","M","M","?","?","?","R","?","E","T","M","M","M","?","E","R","BOSS"],"items_purchased_type":["Relic","Potion","Card"],"build_version":"2020-12-22","purchased_purges":1,"victory":false,"max_hp_per_floor":[66,66,66,66,66,66,66,66,66,66,66,66,66,66,66,66,66,66,66,66,66,66,66,66,66,66,66,66,66,66,66,66,66,66],"relic_stats":{"Happy Flower":[15],"counters":[14,50],"Bronze Scales":[35],"MealTicket":38,"Snake Skull":[9],"Bag of Preparation":[26],"Ginger":[9],"Boot":[0],"obtain_stats":[{"Lantern":8,"NeowsBlessing":0,"Happy Flower":9,"Snake Skull":26,"Bag of Preparation":5,"Ginger":6,"Boot":31,"Akabeko":21,"Anchor":10,"WristBlade":17,"Bronze Scales":25,"MutagenicStrength":30,"MealTicket":3,"Ring of the Snake":0},{"Lantern":3,"NeowsBlessing":0,"Happy Flower":3,"Snake Skull":9,"Bag of Preparation":1,"Ginger":2,"Boot":13,"Akabeko":7,"Anchor":4,"WristBlade":5,"Bronze Scales":9,"MutagenicStrength":12,"MealTicket":1,"Ring of the Snake":0},{"Lantern":3,"NeowsBlessing":0,"Happy Flower":3,"Snake Skull":31,"Bag of Preparation":1,"Ginger":2,"Boot":44,"Akabeko":23,"Anchor":6,"WristBlade":17,"Bronze Scales":31,"MutagenicStrength":42,"MealTicket":1,"Ring of the Snake":0}],"Ring of the Snake":[28]},"card_choices":[{"not_picked":["Slice","Endless Agony"],"picked":"Dagger Throw","floor":1},{"not_picked":["Outmaneuver","Infinite Blades"],"picked":"Masterful Stab","floor":6},{"not_picked":["Poisoned Stab","Bane","Flying Knee"],"picked":"SKIP","floor":8},{"not_picked":["Backflip","Choke"],"picked":"Backstab","floor":10},{"not_picked":["Grand Finale","Burst"],"picked":"Die Die Die","floor":16},{"not_picked":["Crippling Poison","Flying Knee"],"picked":"Calculated Gamble","floor":18},{"not_picked":["Acrobatics","Caltrops"],"picked":"PiercingWail+1","floor":19},{"not_picked":["Quick Slash","Outmaneuver","Caltrops"],"picked":"SKIP","floor":24},{"not_picked":["Slice","Acrobatics"],"picked":"PiercingWail","floor":25},{"not_picked":["Poisoned Stab","Dagger Spray"],"picked":"Slice+1","floor":27},{"not_picked":["Prepared","Choke"],"picked":"Acrobatics","floor":28},{"not_picked":["Calculated Gamble","Endless Agony"],"picked":"Blur","floor":29},{"not_picked":["Deflect","Tools of the Trade"],"picked":"Corpse Explosion","floor":31}],"player_experience":1850686,"relics_obtained":[{"floor":6,"key":"Ginger"},{"floor":8,"key":"Lantern"},{"floor":9,"key":"Happy Flower"},{"floor":10,"key":"Anchor"},{"floor":21,"key":"Akabeko"},{"floor":25,"key":"Bronze Scales"},{"floor":26,"key":"Snake Skull"},{"floor":31,"key":"Boot"}],"event_choices":[{"damage_healed":0,"gold_gain":75,"player_choice":"Gather Gold","damage_taken":11,"max_hp_gain":0,"max_hp_loss":0,"event_name":"World of Goop","floor":2,"gold_loss":0},{"damage_healed":0,"gold_gain":0,"player_choice":"Success","damage_taken":11,"relics_obtained":["MealTicket"],"max_hp_gain":0,"max_hp_loss":0,"event_name":"Scrap Ooze","floor":3,"gold_loss":0},{"cards_removed":["Strike_G"],"damage_healed":0,"gold_gain":0,"player_choice":"Card Removal","damage_taken":7,"max_hp_gain":0,"max_hp_loss":0,"event_name":"Golden Wing","floor":4,"gold_loss":0},{"damage_healed":0,"gold_gain":0,"player_choice":"2 cards matched","damage_taken":0,"max_hp_gain":0,"max_hp_loss":0,"event_name":"Match and Keep!","floor":12,"gold_loss":0,"cards_obtained":["Infinite Blades","Deadly Poison"]},{"cards_removed":["Strike_G"],"damage_healed":0,"gold_gain":0,"player_choice":"Upgrade and Remove","damage_taken":0,"max_hp_gain":0,"max_hp_loss":0,"event_name":"Designer","floor":22,"gold_loss":110,"cards_upgraded":["Defend_G"]},{"damage_healed":0,"gold_gain":0,"player_choice":"Inject Mutagens","damage_taken":0,"relics_obtained":["MutagenicStrength"],"max_hp_gain":0,"max_hp_loss":0,"event_name":"Drug Dealer","floor":30,"gold_loss":0}],"is_beta":false,"boss_relics":[{"not_picked":["Coffee Dripper","Cursed Key"],"picked":"WristBlade"}],"items_purged_floors":[14],"is_endless":false,"potions_floor_spawned":[6,10,18,24,25,29],"killed_by":"Collector","ascension_level":20}}