{"host":"zk6vb2npgw3pu6j2","time":1614114623,"event":{"mods":["Act Like it!","Aspiration","Bard","BaseMod","Beaked The Cultist","Bestiary","Better Note","Better Sensory Stone","CapriCore","Conspire","Downfall","Friendly Minions","Gensokyo","GifTheSpireLib","Hermit","Hubris","Koishi","Marisa????????","Marked Mod","Minty Spire (QoL Compilation)","Quarter Circle Forward PUNCH!","Reimu??????","Reliquary","Replay The Spire","Retaliation","Ruina","StSLib","The Administrix","The Alterego","The Blue Laboratory","The Bug Knight","The Construct","The Exalted","The Hierophant","The Immortal","The Marked","The Runesmith","The Senshi","The Servant 0.9.4","The Wild Card","TheVacant","Wandering Minibosses","yUi"],"gold_per_floor":[99,113,113,113,2,2,2,19,35,54,54,72,72,72,72],"floor_reached":13,"language":"ENG","playtime":674,"items_purged":[],"score":75,"play_id":"6bbc1448-46a9-4c2b-b4a2-e7b99fd227b8","local_time":"20210223161023","is_ascension_mode":false,"campfire_choices":[{"floor":1,"key":"RECALL"}],"circlet_count":0,"master_deck":["champ:Strike","champ:Strike","champ:Strike","champ:Strike","champ:Defend","champ:Defend","champ:Defend","champ:Defend","champ:Execute","champ:Taunt+1","champ:DancingMaster+1","champ:EnGarde","champ:HeartStrike","conspire:Banana","champ:StanceDance","champ:GladiatorForm","champ:FlashCut","champ:EnragedBash"],"relics":["champ:ChampionCrown","The Courier","theSenshi:SailorFukuRelic"],"acts_visited":["Exordium"],"potions_floor_usage":[],"damage_taken":[{"damage":26,"enemies":"Jaw Worm","floor":2,"turns":4},{"damage":20,"enemies":"downfall:FleeingMerchant","floor":5,"turns":4},{"damage":10,"enemies":"conspire:RoseBush","floor":8,"turns":4},{"damage":29,"enemies":"Small Slimes","floor":9,"turns":4},{"damage":17,"enemies":"downfall:LooterAlt","floor":10,"turns":6},{"damage":30,"enemies":"Large Slime","floor":12,"turns":9},{"damage":46,"enemies":"Replay:BlueRogue","floor":13,"turns":7}],"seed_played":"4663659413593854654","potions_obtained":[{"floor":2,"key":"AttackPotion"},{"floor":10,"key":"Doom Potion"},{"floor":12,"key":"Adrenaline Potion"}],"is_trial":false,"path_per_floor":["R","M","?","?","$","?","T","M","M","M","?","M","E"],"character_chosen":"THE_CHAMP","items_purchased":["conspire:Banana"],"campfire_rested":0,"item_purchase_floors":[5],"current_hp_per_floor":[90,84,84,84,79,79,79,80,72,66,66,42,0,0,0],"gold":72,"neow_bonus":"ONE_RANDOM_RARE_CARD","is_daily":false,"chose_seed":false,"campfire_upgraded":0,"win_rate":0.0,"timestamp":1614114623,"path_taken":["R","M","?","?","$","?","T","M","?","M","?","M","E"],"items_purchased_type":["Card"],"build_version":"2020-12-22","purchased_purges":0,"victory":false,"max_hp_per_floor":[90,90,90,90,90,90,90,91,92,93,93,94,95,95,95],"card_choices":[{"not_picked":["champ:CrookedStrike","champ:CrownThrow"],"picked":"champ:EnGarde","floor":2},{"not_picked":["champ:Haymaker","champ:ShieldSlam"],"picked":"champ:HeartStrike","floor":5},{"not_picked":["champ:DefensiveShout","champ:RisingSlash"],"picked":"champ:StanceDance","floor":8},{"not_picked":["champ:BerserkersShout","champ:BladeFlurry"],"picked":"champ:GladiatorForm","floor":9},{"not_picked":["champ:TornadoPunch","champ:DeathBlow"],"picked":"champ:FlashCut","floor":10},{"not_picked":["champ:SetATrap","champ:DefensiveShout"],"picked":"champ:EnragedBash","floor":12}],"player_experience":314485,"relics_obtained":[{"floor":7,"key":"The Courier"}],"event_choices":[{"damage_healed":0,"gold_gain":0,"player_choice":"Disagree","damage_taken":0,"max_hp_gain":0,"max_hp_loss":0,"event_name":"conspire:LoneGhost","floor":4,"gold_loss":0}],"is_beta":false,"boss_relics":[],"items_purged_floors":[],"is_endless":false,"potions_floor_spawned":[2,10,12],"killed_by":"Replay:BlueRogue","ascension_level":0}}