{"host":"ws4mzzemcqsz5e2k","time":1614059642,"event":{"mods":["Act Like it!","BaseMod","Bossed Relics","Colored Powertips","Minty Spire (QoL Compilation)","Quick Restart","Relic Filter Mod","StSLib","[IsaacMod]ÒÔÈö¼âËþ"],"gold_per_floor":[113,113,132,132,143,178,59,88,88,114,114,39,39,59,59,137,137,151,171,171,171,187,187,187],"floor_reached":23,"language":"ZHS","playtime":777,"items_purged":["Defend_P"],"score":718,"play_id":"aaf5d212-6f8e-4ece-8095-5abbe3c9333a","local_time":"20210223135402","daily_mods":["Heirloom","Elite Swarm","Uncertain Future"],"is_ascension_mode":true,"campfire_choices":[{"data":"Eruption","floor":11.0,"key":"SMITH"},{"data":"Vault","floor":13.0,"key":"SMITH"},{"data":"MentalFortress","floor":15.0,"key":"SMITH"}],"circlet_count":0,"master_deck":["AscendersBane","Strike_P","Strike_P","Strike_P","Strike_P+1","Defend_P","Defend_P","Eruption+1","Vigilance","MentalFortress+1","DevaForm","FearNoEvil","BattleHymn","DeusExMachina","Vault+1","LessonLearned+1"],"relics":["PureWater","HushsDoor","SteamSale","BlankCard","Kunai","Bag of Preparation","The Courier","HornCleat","VioletLotus"],"acts_visited":["Exordium","TheCity"],"potions_floor_usage":[],"damage_taken":[{"damage":6.0,"enemies":"Jaw Worm","floor":1.0,"turns":6.0},{"damage":4.0,"enemies":"Cultist","floor":3.0,"turns":5.0},{"damage":6.0,"enemies":"2 Louse","floor":5.0,"turns":2.0},{"damage":17.0,"enemies":"Gremlin Nob","floor":6.0,"turns":3.0},{"damage":0.0,"enemies":"Lagavulin","floor":8.0,"turns":4.0},{"damage":0.0,"enemies":"Gremlin Nob","floor":10.0,"turns":2.0},{"damage":0.0,"enemies":"Lots of Slimes","floor":14.0,"turns":1.0},{"damage":19.0,"enemies":"The Guardian","floor":16.0,"turns":9.0},{"damage":0.0,"enemies":"Chosen","floor":18.0,"turns":4.0},{"damage":6.0,"enemies":"3 Byrds","floor":19.0,"turns":5.0},{"damage":0.0,"enemies":"Cultist and Chosen","floor":22.0,"turns":4.0},{"damage":34,"enemies":"Slavers","floor":23,"turns":1}],"seed_played":"-4457550723126290044","potions_obtained":[{"floor":2.0,"key":"Swift Potion"},{"floor":2.0,"key":"AttackPotion"},{"floor":5.0,"key":"Dexterity Potion"},{"floor":6.0,"key":"Explosive Potion"},{"floor":10.0,"key":"Strength Potion"}],"is_trial":true,"path_per_floor":["M","?","M","?","M","E","$","E","T","E","R","?","R","M","R","B",null,"M","M","?","?","M","E"],"character_chosen":"WATCHER","items_purchased":["FearNoEvil","BattleHymn"],"campfire_rested":0,"item_purchase_floors":[7,7],"current_hp_per_floor":[55,55,51,51,45,28,28,28,28,28,28,28,28,28,28,9,53,53,47,47,28,28,0,0],"gold":187,"neow_bonus":"","is_daily":false,"chose_seed":false,"campfire_upgraded":3,"win_rate":0.0,"timestamp":1614059642,"path_taken":["M","?","M","?","M","E","$","E","T","E","R","?","R","M","R","BOSS","M","M","?","?","M","E"],"items_purchased_type":["Card","Card"],"build_version":"2020-12-22","purchased_purges":1,"victory":false,"max_hp_per_floor":[68,68,68,68,68,68,68,68,68,68,68,68,68,68,68,68,68,68,68,68,73,73,73,73],"card_choices":[{"not_picked":["FlyingSleeves","Evaluate"],"picked":"Bomb","floor":1.0},{"not_picked":["WreathOfFlame","Consecrate","WaveOfTheHand"],"picked":"SKIP","floor":3.0},{"not_picked":["Swivel","Collect"],"picked":"MentalFortress","floor":5.0},{"not_picked":["SpiritShield","Alpha"],"picked":"DevaForm","floor":6.0},{"not_picked":["Scrawl","ConjureBlade"],"picked":"DeusExMachina","floor":8.0},{"not_picked":["Devotion","Brilliance"],"picked":"Vault","floor":10.0},{"not_picked":["Prostrate","Crescendo","BowlingBash"],"picked":"SKIP","floor":14.0},{"not_picked":["Alpha","DevaForm"],"picked":"LessonLearned","floor":16.0},{"not_picked":["CrushJoints","Meditate+1","Prostrate"],"picked":"SKIP","floor":18.0},{"not_picked":["Meditate+1","WreathOfFlame","Nirvana"],"picked":"SKIP","floor":19.0},{"not_picked":["ReachHeaven","EmptyFist","Evaluate"],"picked":"SKIP","floor":22.0}],"player_experience":1581593,"relics_obtained":[{"floor":6.0,"key":"Kunai"},{"floor":8.0,"key":"Bag of Preparation"},{"floor":9.0,"key":"The Courier"},{"floor":10.0,"key":"HornCleat"}],"event_choices":[{"damage_healed":0.0,"max_hp_gain":0.0,"max_hp_loss":0.0,"gold_gain":0.0,"event_name":"Lab","player_choice":"Got Potions","floor":2.0,"gold_loss":0.0,"damage_taken":0.0},{"cards_removed":["Defend_P"],"damage_healed":0.0,"max_hp_gain":0.0,"max_hp_loss":0.0,"gold_gain":0.0,"event_name":"The Cleric","player_choice":"Card Removal","floor":12.0,"gold_loss":75.0,"damage_taken":0.0},{"damage_healed":0.0,"max_hp_gain":0.0,"max_hp_loss":0.0,"gold_gain":0.0,"event_name":"Upgrade Shrine","player_choice":"Upgraded","floor":20.0,"gold_loss":0.0,"damage_taken":0.0,"cards_upgraded":["LessonLearned"]},{"damage_healed":0.0,"max_hp_gain":5.0,"max_hp_loss":0.0,"gold_gain":0.0,"event_name":"Forgotten Altar","player_choice":"Shed Blood","floor":21.0,"gold_loss":0.0,"damage_taken":24.0}],"is_beta":false,"boss_relics":[{"not_picked":["HolyWater","Snecko Eye"],"picked":"VioletLotus"},{"not_picked":[]}],"items_purged_floors":[7],"is_endless":true,"potions_floor_spawned":[5,6,8,10,14,16,18],"killed_by":"Slavers","ascension_level":20}}