{"host":"qz0goigh82dax5l2","time":1614072911,"event":{"mods":["Act Like it!","Alarm Clock","BaseMod","Energized Spire","Minty Spire (QoL Compilation)","Quick Restart","Reliquary","StSLib","The Jungle","Yakumo Yukari mod","¡¾ÒÅÎï¿¨ÅÆ¡¿REMEMod"],"gold_per_floor":[133,133,181,201,217,272,272,282,282,295,295,295],"floor_reached":11,"language":"ZHS","playtime":632,"items_purged":[],"score":77,"play_id":"e7fd192e-6d0c-44c2-8767-83ae7d7b3208","local_time":"20210223173511","is_ascension_mode":false,"campfire_choices":[{"floor":7,"key":"REST"}],"circlet_count":0,"master_deck":["AT_purpleEX","AT_purpleEX","AT_purpleEX","AT_purpleEX","Defend_purpleEX","Defend_purpleEX","Defend_purpleEX","Defend_purpleEX","Observe_purple_1","Observe_purple_2","Wish+1","ExistenceContinue_purple","Bait_Toxicbait_purple","StateErode_purple","Fantasy_PerpetualMotionMachine_purple","WorldDissolvedintheRealm_purple","PositiveMatter_Antimatter_Universe_purple","MonsterNeedle_purple"],"relics":["Boundary_crack","Memoryfragments_purpleEX","REME_ComplimentaryCards","NeowsBlessing","Bag of Preparation"],"acts_visited":[],"potions_floor_usage":[6,11],"damage_taken":[{"damage":0,"enemies":"Small Slimes","floor":1,"turns":1},{"damage":0,"enemies":"Cultist","floor":3,"turns":2},{"damage":0,"enemies":"2 Louse","floor":4,"turns":2},{"damage":7,"enemies":"Looter","floor":5,"turns":3},{"damage":59,"enemies":"Lagavulin","floor":6,"turns":7},{"damage":3,"enemies":"Red Slaver","floor":8,"turns":2},{"damage":4,"enemies":"3 Louse","floor":10,"turns":2},{"damage":24,"enemies":"3 Sentries","floor":11,"turns":6}],"seed_played":"-7074130252814169958","potions_obtained":[{"floor":3,"key":"FearPotion"},{"floor":6,"key":"AttackPotion"}],"is_trial":false,"path_per_floor":["M","?","M","M","M","E","R","M","T","M","E"],"character_chosen":"Youkari","items_purchased":[],"campfire_rested":1,"item_purchase_floors":[],"current_hp_per_floor":[70,70,70,70,64,6,27,25,25,21,0,0],"gold":295,"neow_bonus":"THREE_ENEMY_KILL","is_daily":false,"chose_seed":false,"campfire_upgraded":0,"win_rate":0.0,"timestamp":1614072911,"path_taken":["M","?","?","?","M","E","R","M","T","M","E"],"items_purchased_type":[],"build_version":"2020-12-22","purchased_purges":0,"victory":false,"max_hp_per_floor":[70,70,70,70,70,70,70,70,70,70,70,70],"card_choices":[{"not_picked":["ButterflyHabitatTemple_purple","Worldmountain_purple"],"picked":"ExistenceContinue_purple","floor":1},{"not_picked":["Shallow_ocean_purpleEX","Realm_recovery_purpleEX"],"picked":"Bait_Toxicbait_purple","floor":3},{"not_picked":["SharpContractionReality_purple","Mirror_FormAndEmptin_purple"],"picked":"StateErode_purple","floor":4},{"not_picked":["Realm_recovery_purpleEX","StateDuplicate_purple"],"picked":"Fantasy_PerpetualMotionMachine_purple","floor":5},{"not_picked":["BarrageBoundary_PipeDream_purple","RuleDissolution_purple"],"picked":"WorldDissolvedintheRealm_purple","floor":6},{"not_picked":["SharpContractionReality_purple","WeekHit_purple"],"picked":"PositiveMatter_Antimatter_Universe_purple","floor":8},{"not_picked":["OpenedBox_purple","Realm_recovery_purpleEX"],"picked":"MonsterNeedle_purple","floor":10}],"player_experience":83739,"relics_obtained":[{"floor":6,"key":"Bag of Preparation"}],"event_choices":[{"damage_healed":0,"gold_gain":0,"player_choice":"Upgraded","damage_taken":0,"max_hp_gain":0,"max_hp_loss":0,"event_name":"Upgrade Shrine","floor":2,"gold_loss":0,"cards_upgraded":["Wish"]}],"is_beta":false,"boss_relics":[],"items_purged_floors":[],"is_endless":false,"potions_floor_spawned":[3,6],"killed_by":"3 Sentries","ascension_level":0}}