{"host":"21o28mgl9u9ntir2","time":1614079008,"event":{"mods":["BaseMod","BetterRewards","Colored Powertips","Minty Spire (QoL Compilation)","Quick Restart","Remove Card Discount Mod","SOS（斯巴达之子）","Spicy Shops","StSLib","SuperFastMode","[IsaacMod]以撒尖塔","【遗物卡牌】REMEMod","残留之物"],"gold_per_floor":[112,126,126,137,155,155,183,183,231,231,231,65,86,86,86,210,210,235,235,48,48,67,105,15,31,31,49,85,126,126,144,144,273,573,750,768,781,804,416,451,463,494,587,599,624,192,192,207,207,207],"floor_reached":51,"language":"ZHS","playtime":1047,"items_purged":["PlaceholderMod:BaseStrike","PlaceholderMod:BaseDefend","PlaceholderMod:BaseStrike","PlaceholderMod:BaseDefend","PlaceholderMod:HardStinger","PlaceholderMod:PoisonWhip"],"score":2069,"play_id":"b793746d-eff9-4f10-add6-81b86717cab3","local_time":"20210223191648","is_ascension_mode":true,"campfire_choices":[{"data":"PlaceholderMod:StrongAcid","floor":6,"key":"SMITH"},{"floor":10,"key":"RECALL"},{"floor":15,"key":"REST"},{"data":"PlaceholderMod:SeverePoisonStrike","floor":30,"key":"SMITH"},{"data":"PlaceholderMod:StrongAcid","floor":32,"key":"SMITH"},{"data":"PlaceholderMod:CycleAttack","floor":41,"key":"SMITH"},{"data":"PlaceholderMod:StrongAcid+1","floor":44,"key":"PURGE"},{"data":"PlaceholderMod:Crystal","floor":49,"key":"SMITH"}],"circlet_count":0,"master_deck":["AscendersBane","PlaceholderMod:BaseStrike+1","PlaceholderMod:BaseStrike+1","PlaceholderMod:BaseDefend+1","PlaceholderMod:BaseDefend+1","PlaceholderMod:Crystal+1","PlaceholderMod:StrongAcid+1","PlaceholderMod:BaseStrike+1","PlaceholderMod:SeverePoisonStrike+1","PlaceholderMod:HardStinger+1","PlaceholderMod:CycleAttack+1","Catalyst+1","PlaceholderMod:DirectingGroup+1"],"relics":["PlaceholderMod:Tancle","HushsDoor","REME_ComplimentaryCards","DeathBook","PrismaticShard","Mummified Hand","Omamori","SteamSale","Matryoshka","BookOfRevelations","Strawberry","Ancient Tea Set","Chaos","BFFS","TheBean","Potion Belt","SalivaCoin","Thread and Needle","MagicMushroom","PillsDrop","UnicornStump","Golden Idol","RottenBaby","Peace Pipe","BloodDonationMachine","Incubus","Pantograph","Orrery","Succubus","Lizard Tail","GuppysTail","GuppysHead","Calling Bell","Blue Candle","PlaceholderMod:EltdownShards","D4","PreservedInsect","HowToJump","Toxic Egg 2","CaptainsWheel","Blood Vial","BelialBook","Old Coin","FossilizedHelix","Pear","Bag of Preparation","Nunchaku","MawBank","Pocketwatch","DeadEye","PlaceholderMod:DeVermisMysteriis","BookofShadows","Ornamental Fan"],"acts_visited":["Exordium","TheCity","TheBeyond"],"potions_floor_usage":[16,50],"damage_taken":[{"damage":0.0,"enemies":"Jaw Worm","floor":1.0,"turns":2.0},{"damage":0.0,"enemies":"Cultist","floor":2.0,"turns":2.0},{"damage":0,"enemies":"2 Louse","floor":4,"turns":1},{"damage":0,"enemies":"Blue Slaver","floor":5,"turns":3},{"damage":0,"enemies":"Lagavulin","floor":7,"turns":2},{"damage":0,"enemies":"3 Louse","floor":13,"turns":1},{"damage":0,"enemies":"The Guardian","floor":16,"turns":3},{"damage":0,"enemies":"Shell Parasite","floor":18,"turns":1},{"damage":0,"enemies":"2 Thieves","floor":22,"turns":1},{"damage":0,"enemies":"Gremlin Leader","floor":23,"turns":2},{"damage":0,"enemies":"3 Cultists","floor":25,"turns":2},{"damage":0,"enemies":"Centurion and Healer","floor":27,"turns":1},{"damage":0,"enemies":"Cultist and Chosen","floor":28,"turns":1},{"damage":0,"enemies":"Book of Stabbing","floor":29,"turns":1},{"damage":0,"enemies":"Shelled Parasite and Fungi","floor":31,"turns":1},{"damage":0,"enemies":"Collector","floor":33,"turns":2},{"damage":0,"enemies":"3 Darklings","floor":35,"turns":1},{"damage":0,"enemies":"3 Shapes","floor":36,"turns":1},{"damage":0,"enemies":"Spire Growth","floor":37,"turns":2},{"damage":0,"enemies":"Transient","floor":38,"turns":4},{"damage":0,"enemies":"Reptomancer","floor":40,"turns":1},{"damage":0,"enemies":"Maw","floor":42,"turns":1},{"damage":0,"enemies":"Sphere and 2 Shapes","floor":45,"turns":1},{"damage":0,"enemies":"Transient","floor":48,"turns":2},{"damage":0,"enemies":"Awakened One","floor":50,"turns":2}],"seed_played":"7334735896507784363","potions_obtained":[{"floor":4,"key":"SmokeBomb"},{"floor":13,"key":"SkillPotion"},{"floor":16,"key":"EssenceOfSteel"},{"floor":25,"key":"Explosive Potion"},{"floor":29,"key":"ColorlessPotion"},{"floor":31,"key":"SkillPotion"},{"floor":45,"key":"Energy Potion"}],"is_trial":false,"path_per_floor":["M","M","?","M","M","R","E","?","T","R","T","$","M","?","R","B",null,"M","?","$","?","M","E","$","M","T","M","M","E","R","M","R","B",null,"M","M","M","M","$","E","R","M","T","R","M","$","?","M","R","B",null],"character_chosen":"THE_PLACEHOLDER","items_purchased":["PrismaticShard","Mummified Hand","Omamori","SteamSale","Matryoshka","BookOfRevelations","Strawberry","Ancient Tea Set","Bomb","Chaos","BFFS","TheBean","Potion Belt","SalivaCoin","Thread and Needle","MagicMushroom","PillsDrop","PlaceholderMod:StrongAcid","Pantograph","Orrery","Succubus","GuppysTail","GuppysHead","PreservedInsect","HowToJump","PlaceholderMod:StrongAcid","PlaceholderMod:HardStinger+1","CaptainsWheel","Blood Vial","CultistPotion","PlaceholderMod:CycleAttack","FossilizedHelix","Pear","Bag of Preparation","Nunchaku","DeadEye","PlaceholderMod:DeVermisMysteriis","BookofShadows","Ornamental Fan"],"campfire_rested":1,"item_purchase_floors":[0,0,0,0,0,0,0,0,0,0,0,0,0,0,0,0,0,0,12,12,12,17,17,20,20,20,24,24,24,34,39,39,39,39,39,46,46,46,46],"current_hp_per_floor":[37,38,38,39,40,40,41,41,41,41,41,24,24,24,48,77,63,63,63,63,63,63,63,57,60,60,62,63,63,63,63,63,58,54,41,44,47,49,59,59,59,59,59,59,59,59,59,59,59,59],"gold":207,"neow_bonus":"","is_daily":false,"chose_seed":false,"campfire_upgraded":5,"win_rate":0.0,"timestamp":1614079008,"path_taken":["M","M","?","M","M","R","E","?","T","R","?","$","M","?","R","BOSS","M","?","$","?","M","E","$","M","T","M","M","E","R","?","R","BOSS","M","M","M","M","$","E","R","?","T","R","M","$","?","M","R","BOSS"],"items_purchased_type":["Relic","Relic","Relic","Relic","Relic","Relic","Relic","Relic","Card","Card","Relic","Relic","Relic","Relic","Relic","Relic","Relic","Card","Relic","Relic","Relic","Relic","Relic","Relic","Relic","Card","Card","Relic","Relic","Potion","Card","Relic","Relic","Relic","Relic","Relic","Relic","Relic","Relic"],"build_version":"2020-12-22","purchased_purges":6,"victory":true,"max_hp_per_floor":[92,92,92,92,92,92,92,85,85,85,85,85,80,80,80,83,63,63,63,63,63,63,63,63,63,63,63,63,63,63,63,63,58,54,49,49,49,49,59,59,59,59,59,59,59,59,59,59,59,59],"card_choices":[{"not_picked":["Body Slam","Chargeshoot2","Stack"],"picked":"SKIP","floor":1.0},{"not_picked":["DoctorFetus","PlaceholderMod:Turn","Shrug It Off"],"picked":"SKIP","floor":2.0},{"not_picked":["Sword Boomerang","True Grit","Infernal Blade"],"picked":"SKIP","floor":4},{"not_picked":["PlaceholderMod:Stable","Straight","Backflip"],"picked":"SKIP","floor":5},{"not_picked":["PlaceholderMod:StrongAcid","PiercingWail","PlaceholderMod:ComplexForm"],"picked":"SKIP","floor":7},{"not_picked":["Leg Sweep","REME_Scribble"],"picked":"PlaceholderMod:SeverePoisonStrike","floor":12},{"not_picked":["Beam Cell","Gunslinger","Worship"],"picked":"SKIP","floor":13},{"not_picked":["Combust","Prepared","PlaceholderMod:ProliferateStrike"],"picked":"SKIP","floor":18},{"not_picked":["SuicideKing","Turbo+1"],"picked":"PlaceholderMod:HardStinger","floor":22},{"not_picked":["Clash+1","Whiteorb+1","PlaceholderMod:Hard+1"],"picked":"SKIP","floor":23},{"not_picked":["Twin Strike","PlaceholderMod:Break","Purity+1"],"picked":"SKIP","floor":25},{"not_picked":["ClearTheMind+1","Halt+1","Dash+1"],"picked":"SKIP","floor":27},{"not_picked":["REME_MusicOfDeath","Fan+1","Tactician+1"],"picked":"SKIP","floor":28},{"not_picked":["Hightime+1","Compile Driver","Steam+1"],"picked":"SKIP","floor":29},{"not_picked":["TalkToTheHand+1","WaveOfTheHand+1","Doubleshoot+1"],"picked":"SKIP","floor":31},{"not_picked":["Mind Blast","Cold Snap+1","Pommel Strike"],"picked":"SKIP","floor":35},{"not_picked":["Armaments+1","Deflect+1","Twin Strike"],"picked":"SKIP","floor":36},{"not_picked":["Weaponupgrade+1","SashWhip+1","Self Repair"],"picked":"SKIP","floor":37},{"not_picked":["PlaceholderMod:ParasiteChange+1","PlaceholderMod:NutritionAbsorb+1","EbonyIvory"],"picked":"SKIP","floor":38},{"not_picked":["FearNoEvil+1","Vengeance+1"],"picked":"Catalyst+1","floor":40},{"not_picked":["Brutality","EmptyBody+1"],"picked":"PlaceholderMod:DirectingGroup+1","floor":42},{"not_picked":["Iron Wave","LucifercomboA+1","Fusion+1"],"picked":"SKIP","floor":45},{"not_picked":["Rebellion","FTL","Protect+1"],"picked":"SKIP","floor":48}],"player_experience":768322,"relics_obtained":[{"floor":7,"key":"UnicornStump"},{"floor":9,"key":"RottenBaby"},{"floor":9,"key":"Peace Pipe"},{"floor":11,"key":"BloodDonationMachine"},{"floor":11,"key":"Incubus"},{"floor":19,"key":"Blue Candle"},{"floor":19,"key":"PlaceholderMod:EltdownShards"},{"floor":19,"key":"D4"},{"floor":23,"key":"Toxic Egg 2"},{"floor":29,"key":"BelialBook"},{"floor":40,"key":"MawBank"},{"floor":43,"key":"Pocketwatch"}],"event_choices":[{"cards_removed":["PlaceholderMod:BaseStrike"],"damage_healed":0,"gold_gain":0,"player_choice":"Offered Basic","damage_taken":0,"max_hp_gain":0,"max_hp_loss":0,"event_name":"Bonfire Elementals","floor":3,"gold_loss":0},{"damage_healed":0,"gold_gain":0,"player_choice":"Lose Max HP","damage_taken":0,"relics_obtained":["Golden Idol"],"max_hp_gain":0,"max_hp_loss":7,"event_name":"Golden Idol","floor":8,"gold_loss":0},{"damage_healed":0,"gold_gain":0,"player_choice":"Opened","damage_taken":0,"relics_obtained":["Calling Bell"],"max_hp_gain":0,"max_hp_loss":0,"event_name":"The Mausoleum","floor":19,"gold_loss":0,"cards_obtained":["Writhe"]},{"damage_healed":0,"gold_gain":0,"player_choice":"Simplicity","damage_taken":0,"max_hp_gain":0,"max_hp_loss":0,"event_name":"Back to Basics","floor":21,"gold_loss":0,"cards_upgraded":["PlaceholderMod:BaseStrike","PlaceholderMod:BaseStrike","PlaceholderMod:BaseDefend","PlaceholderMod:BaseDefend","PlaceholderMod:BaseDefend"]},{"cards_removed":["PlaceholderMod:BaseDefend"],"damage_healed":0,"gold_gain":0,"player_choice":"Purged","damage_taken":0,"max_hp_gain":0,"max_hp_loss":0,"event_name":"Purifier","floor":47,"gold_loss":0}],"is_beta":false,"boss_relics":[{"not_picked":["ChampionBelt","Lee\u0027s Waffle"],"picked":"Lizard Tail"},{"not_picked":[]},{"not_picked":["PlaceholderMod:Abhoth","Happy Flower"],"picked":"Old Coin"},{"not_picked":[]}],"items_purged_floors":[20,20,20,20,24,24],"is_endless":false,"potions_floor_spawned":[4,13,16,25,29,31,35,38,42,45,48],"ascension_level":10}}