{"host":"wqwfknj40rilnol1","time":1614084223,"event":{"mods":["AchievementEnabler","BaseMod","BetterRewards","Block Reminder","Colored Map","Highlight Path","Hubris","Minty Spire (QoL Compilation)","Permanent Neow","Relic Stats","Shop Mod","StSLib","The Cursed"],"gold_per_floor":[118,137,137,150,160,189,189,189,189],"floor_reached":8,"language":"ENG","playtime":245,"items_purged":[],"score":99,"play_id":"e255391e-2865-4076-9ce8-205aec3fdb76","local_time":"20210223134343","is_ascension_mode":true,"campfire_choices":[{"data":"Bash","floor":7,"key":"SMITH"}],"circlet_count":0,"master_deck":["AscendersBane","Strike_R","Strike_R","Strike_R","Strike_R","Strike_R","Defend_R","Defend_R","Defend_R","Defend_R","Bash+1","Bludgeon","hubris:ReadiedAction","Clothesline","Regret","Battle Trance"],"relics":["Burning Blood","Omamori","Strawberry"],"acts_visited":["Exordium"],"potions_floor_usage":[6,6,8],"damage_taken":[{"damage":0,"enemies":"Small Slimes","floor":1,"turns":2},{"damage":0,"enemies":"2 Louse","floor":2,"turns":4},{"damage":15,"enemies":"Jaw Worm","floor":4,"turns":3},{"damage":16,"enemies":"Large Slime","floor":5,"turns":6},{"damage":46,"enemies":"Gremlin Nob","floor":6,"turns":5},{"damage":37,"enemies":"3 Sentries","floor":8,"turns":4}],"seed_played":"2474766763663248210","potions_obtained":[{"floor":2,"key":"BloodPotion"},{"floor":5,"key":"DistilledChaos"},{"floor":6,"key":"DistilledChaos"}],"is_trial":false,"path_per_floor":["M","M","?","M","M","E","R","E"],"character_chosen":"IRONCLAD","items_purchased":[],"campfire_rested":0,"item_purchase_floors":[],"current_hp_per_floor":[68,68,68,59,49,29,29,0,0],"gold":189,"neow_bonus":"THREE_RARE_CARDS","is_daily":false,"chose_seed":false,"campfire_upgraded":1,"win_rate":0.0,"timestamp":1614084223,"path_taken":["M","M","?","M","M","E","R","E"],"items_purchased_type":[],"build_version":"2020-12-22","purchased_purges":0,"victory":false,"max_hp_per_floor":[68,68,68,68,68,75,75,75,75],"relic_stats":{"counters":[6,24],"obtain_stats":[{"Strawberry":6,"Omamori":3,"Burning Blood":0},{"Strawberry":5,"Omamori":2,"Burning Blood":0},{"Strawberry":20,"Omamori":6,"Burning Blood":0}],"Burning Blood":18},"card_choices":[{"not_picked":["Juggernaut","Barricade"],"picked":"Bludgeon","floor":0},{"not_picked":["Flex","Havoc"],"picked":"hubris:ReadiedAction","floor":1},{"not_picked":["Wild Strike","Warcry"],"picked":"Clothesline","floor":2},{"not_picked":["Heavy Blade","Juggernaut"],"picked":"Battle Trance","floor":4},{"not_picked":["Flex","Battle Trance","Twin Strike"],"picked":"SKIP","floor":5},{"not_picked":["Warcry","Burning Pact","Body Slam"],"picked":"SKIP","floor":6}],"player_experience":303618,"relics_obtained":[{"floor":6,"key":"Strawberry"}],"event_choices":[{"damage_healed":0,"gold_gain":0,"player_choice":"Box","damage_taken":0,"relics_obtained":["Omamori"],"max_hp_gain":0,"max_hp_loss":0,"event_name":"Big Fish","floor":3,"gold_loss":0,"cards_obtained":["Regret"]}],"is_beta":false,"boss_relics":[],"items_purged_floors":[],"is_endless":false,"potions_floor_spawned":[2,5,6],"killed_by":"3 Sentries","ascension_level":14}}