{"host":"w8xisjf5mgmfjvmt","time":1614040090,"event":{"mods":["BaseMod","BetterRewards","Challenge The Spire","Conspire","Energized Spire","Filter the Spire","Minty Spire (QoL Compilation)","Quarter Circle Forward PUNCH!","Quick Restart","Relic Filter Mod","Relic Stats","Reliquary","Replay The Spire","Say the Spire","Shop Mod","Spicy Shops","StSLib","¡¾ÒÅÎï¿¨ÅÆ¡¿REMEMod","óô»ðÖ¸ÄÏ"],"gold_per_floor":[12,12,26,36,36,70,70,99,99,99,99],"floor_reached":10,"language":"ZHS","playtime":250,"items_purged":[],"score":152,"play_id":"2065e161-2d70-495e-bebf-b3b4c241859d","local_time":"20210223082810","is_ascension_mode":true,"campfire_choices":[{"data":"Body Slam","floor":7.0,"key":"SMITH"}],"circlet_count":0,"master_deck":["AscendersBane","Strike_R","Strike_R","Strike_R","Defend_R","Defend_R","Defend_R","Bash","ReplayTheSpireMod:Muscle Training","REME_FearOfPain","Juggernaut","Disarm","Rampage","Power Through","Body Slam+1","Armaments"],"relics":["Burning Blood","REME_ComplimentaryCards","Happy Flower","White Beast Statue","Replay:Kaleidoscope"],"acts_visited":["Exordium"],"potions_floor_usage":[],"damage_taken":[{"damage":3.0,"enemies":"2 Louse","floor":1.0,"turns":3.0},{"damage":11.0,"enemies":"Small Slimes","floor":3.0,"turns":4.0},{"damage":11.0,"enemies":"Jaw Worm","floor":4.0,"turns":4.0},{"damage":35.0,"enemies":"Gremlin Nob","floor":6.0,"turns":4.0},{"damage":18.0,"enemies":"Lagavulin","floor":8.0,"turns":7.0},{"damage":11,"enemies":"3 Sentries","floor":10,"turns":3}],"seed_played":"-1744564766661271182","potions_obtained":[{"floor":3.0,"key":"DuplicationPotion"},{"floor":8.0,"key":"DuplicationPotion"}],"is_trial":false,"path_per_floor":["M","?","M","M","?","E","R","E","T","E"],"character_chosen":"IRONCLAD","items_purchased":[],"campfire_rested":0,"item_purchase_floors":[],"current_hp_per_floor":[71,71,66,61,56,27,27,15,15,4,4],"gold":99,"neow_bonus":"TRANSFORM_TWO_CARDS","is_daily":false,"chose_seed":false,"campfire_upgraded":1,"win_rate":0.0,"timestamp":1614040090,"path_taken":["M","?","M","M","?","E","R","E","T","E"],"items_purchased_type":[],"build_version":"2020-12-22","purchased_purges":0,"victory":false,"max_hp_per_floor":[75,75,75,75,75,75,75,75,75,75,75],"relic_stats":{"Happy Flower":[4],"counters":[6,25],"obtain_stats":[{"Happy Flower":5,"Replay:Kaleidoscope":8,"Burning Blood":0,"White Beast Statue":6,"REME_ComplimentaryCards":0},{"Happy Flower":3,"Replay:Kaleidoscope":5,"Burning Blood":0,"White Beast Statue":4,"REME_ComplimentaryCards":0},{"Happy Flower":11,"Replay:Kaleidoscope":22,"Burning Blood":0,"White Beast Statue":15,"REME_ComplimentaryCards":0}],"Burning Blood":30},"card_choices":[{"not_picked":["Perfected Strike","Havoc"],"picked":"Disarm","floor":1.0},{"not_picked":["Sword Boomerang","Clash"],"picked":"Rampage","floor":3.0},{"not_picked":["Blood for Blood","Twin Strike"],"picked":"Power Through","floor":4.0},{"not_picked":["Double Tap","Havoc"],"picked":"Body Slam","floor":6.0},{"not_picked":["Sword Boomerang","Whirlwind"],"picked":"Armaments","floor":8.0}],"player_experience":1395146,"relics_obtained":[{"floor":6.0,"key":"White Beast Statue"},{"floor":8.0,"key":"Replay:Kaleidoscope"}],"event_choices":[{"damage_healed":0.0,"max_hp_gain":0.0,"max_hp_loss":0.0,"gold_gain":0.0,"event_name":"Scrap Ooze","player_choice":"Success","floor":5.0,"gold_loss":0.0,"damage_taken":5.0,"relics_obtained":["Happy Flower"]}],"is_beta":false,"boss_relics":[],"items_purged_floors":[],"is_endless":false,"potions_floor_spawned":[3,8],"killed_by":"3 Sentries","ascension_level":20}}