{"host":"f14d6hm2349s9jse","time":1614045432,"event":{"mods":["2.2 Compatiblity","BaseMod","Lobotomy","Minty Spire (QoL Compilation)","StSLib"],"gold_per_floor":[115,115,115,115,134,134,153,196,196,1,1,16,43,43,43,43,43],"floor_reached":16,"language":"ENG","playtime":677,"items_purged":[],"score":196,"play_id":"01358737-0cfc-46be-bdb5-2623b28e1a09","local_time":"20210222205712","is_ascension_mode":true,"campfire_choices":[{"floor":6,"key":"REST"},{"floor":11,"key":"REST"},{"floor":15,"key":"REST"}],"circlet_count":0,"master_deck":["AscendersBane","Strike_B","Strike_B","Defend_B","Defend_B","Defend_B","Defend_B","Zap+1","Dualcast","Lockon","CherryBlossoms","WallGazer","Conserve Battery","MHz","Genetic Algorithm","ShyLook","White Noise","Ball Lightning","Yin"],"relics":["Cracked Core","CogitoBucket","Golden Idol","Ice Cream","Membership Card","Orichalcum"],"acts_visited":["Exordium"],"potions_floor_usage":[8,8,16],"damage_taken":[{"damage":12,"enemies":"Jaw Worm","floor":1,"turns":3},{"damage":1,"enemies":"2 Louse","floor":5,"turns":2},{"damage":2,"enemies":"Cultist","floor":7,"turns":2},{"damage":18,"enemies":"Lagavulin","floor":8,"turns":8},{"damage":18,"enemies":"Red Slaver","floor":12,"turns":4},{"damage":53,"enemies":"Hexaghost","floor":16,"turns":8}],"seed_played":"-3821597640174775185","potions_obtained":[{"floor":1,"key":"Strength Potion"},{"floor":7,"key":"Dexterity Potion"},{"floor":8,"key":"Strength Potion"}],"is_trial":false,"path_per_floor":["M","?","?","?","M","R","M","E","T","$","R","M","T","?","R","B"],"character_chosen":"DEFECT","items_purchased":["Membership Card","White Noise"],"campfire_rested":3,"item_purchase_floors":[10,10],"current_hp_per_floor":[52,52,28,28,27,48,46,28,28,28,49,31,31,31,52,0,0],"gold":43,"neow_bonus":"","is_daily":false,"chose_seed":false,"campfire_upgraded":0,"win_rate":0.0,"timestamp":1614045432,"path_taken":["M","?","?","?","?","R","M","E","T","?","R","M","?","?","R","BOSS"],"items_purchased_type":["Relic","Card"],"build_version":"2020-12-22","purchased_purges":0,"victory":false,"max_hp_per_floor":[71,71,71,71,71,71,71,71,71,71,71,71,71,71,71,71,71],"card_choices":[{"not_picked":["Capacitor","Turbo"],"picked":"Lockon","floor":1},{"not_picked":["OldLady","Woodsman"],"picked":"CherryBlossoms","floor":1},{"not_picked":["PunishingBird","Funeral"],"picked":"WallGazer","floor":5},{"not_picked":["Barrage","Streamline","Compile Driver"],"picked":"SKIP","floor":5},{"not_picked":["Multi-Cast","Coolheaded"],"picked":"Conserve Battery","floor":7},{"not_picked":["SpiderBud","BeautyBeast"],"picked":"MHz","floor":7},{"not_picked":["Scrape","Stack"],"picked":"Genetic Algorithm","floor":8},{"not_picked":["NakedNest","OldLady"],"picked":"ShyLook","floor":8},{"not_picked":["Steam","Amplify"],"picked":"Ball Lightning","floor":12},{"not_picked":["Murderer","Bloodbath"],"picked":"Yin","floor":12}],"player_experience":2471069,"relics_obtained":[{"floor":8,"key":"Ice Cream"},{"floor":13,"key":"Orichalcum"}],"event_choices":[{"damage_healed":0,"gold_gain":0,"player_choice":"Grow","damage_taken":0,"max_hp_gain":0,"max_hp_loss":0,"event_name":"Living Wall","floor":2,"gold_loss":0,"cards_upgraded":["Zap"]},{"damage_healed":0,"gold_gain":0,"player_choice":"Take Damage","damage_taken":24,"relics_obtained":["Golden Idol"],"max_hp_gain":0,"max_hp_loss":0,"event_name":"Golden Idol","floor":3,"gold_loss":0},{"cards_removed":["Strike_B"],"damage_healed":0,"gold_gain":0,"player_choice":"Purged","damage_taken":0,"max_hp_gain":0,"max_hp_loss":0,"event_name":"Purifier","floor":4,"gold_loss":0},{"cards_removed":["Strike_B"],"damage_healed":0,"gold_gain":0,"player_choice":"Card Removal","damage_taken":0,"max_hp_gain":0,"max_hp_loss":0,"event_name":"Wheel of Change","floor":14,"gold_loss":0}],"is_beta":false,"boss_relics":[],"items_purged_floors":[],"is_endless":false,"potions_floor_spawned":[1,7,8],"killed_by":"Hexaghost","ascension_level":20}}