{"host":"vumwfieg2b2mnrfl","time":1614124303,"event":{"mods":["AchievementEnabler","BaseMod","Minty Spire (QoL Compilation)","Rare Cards Sparkle","Relic Stats"],"gold_per_floor":[117,137,137,137,62,87,97,97,97,113,131,131,131],"floor_reached":12,"language":"ENG","playtime":312,"items_purged":[],"score":210,"play_id":"7901bf58-4f9f-4788-a7f6-3a6506c26e2f","local_time":"20210223175143","is_ascension_mode":true,"campfire_choices":[],"circlet_count":0,"master_deck":["AscendersBane","Strike_G","Strike_G","Strike_G","Strike_G","Defend_G","Defend_G+1","Defend_G","Defend_G","Survivor","Neutralize","Deflect","Dagger Throw","After Image","Night Terror+1","Acrobatics","Tactician","Dagger Spray"],"relics":["Ring of the Snake","NeowsBlessing","FossilizedHelix","War Paint","Unceasing Top"],"acts_visited":["Exordium"],"potions_floor_usage":[12],"damage_taken":[{"damage":0.0,"enemies":"Small Slimes","floor":1.0,"turns":1.0},{"damage":0.0,"enemies":"Jaw Worm","floor":2.0,"turns":1.0},{"damage":0.0,"enemies":"Lagavulin","floor":6.0,"turns":1.0},{"damage":0.0,"enemies":"2 Louse","floor":7.0,"turns":4.0},{"damage":18.0,"enemies":"Exordium Thugs","floor":10.0,"turns":9.0},{"damage":5.0,"enemies":"Red Slaver","floor":11.0,"turns":7.0},{"damage":45,"enemies":"Gremlin Nob","floor":12,"turns":4}],"seed_played":"-4045712542024754447","potions_obtained":[{"floor":1.0,"key":"Poison Potion"},{"floor":2.0,"key":"Regen Potion"}],"is_trial":false,"path_per_floor":["M","M","?","?","?","E","M","?","T","M","M","E"],"character_chosen":"THE_SILENT","items_purchased":[],"campfire_rested":0,"item_purchase_floors":[],"current_hp_per_floor":[59,59,59,59,59,59,59,59,59,41,36,0,0],"gold":131,"neow_bonus":"THREE_ENEMY_KILL","is_daily":false,"chose_seed":false,"campfire_upgraded":0,"win_rate":0.0,"timestamp":1614124303,"path_taken":["M","M","?","?","?","E","M","?","T","?","M","E"],"items_purchased_type":[],"build_version":"2020-12-22","purchased_purges":0,"victory":false,"max_hp_per_floor":[66,66,66,66,66,66,66,66,66,66,66,66,66],"relic_stats":{"counters":[7,27],"War Paint":["Night Terror","Defend_G"],"obtain_stats":[{"NeowsBlessing":0,"War Paint":8,"FossilizedHelix":6,"Unceasing Top":9,"Ring of the Snake":0},{"NeowsBlessing":0,"War Paint":4,"FossilizedHelix":3,"Unceasing Top":4,"Ring of the Snake":0},{"NeowsBlessing":0,"War Paint":7,"FossilizedHelix":3,"Unceasing Top":7,"Ring of the Snake":0}],"Unceasing Top":[1],"Ring of the Snake":[14]},"card_choices":[{"not_picked":["Dodge and Roll","Cloak And Dagger"],"picked":"Deflect","floor":1.0},{"not_picked":["Bane","Flying Knee"],"picked":"Dagger Throw","floor":2.0},{"not_picked":["Slice","Outmaneuver"],"picked":"Night Terror","floor":6.0},{"not_picked":["Deflect","Prepared"],"picked":"Acrobatics","floor":7.0},{"not_picked":["Blade Dance","Outmaneuver"],"picked":"Tactician","floor":10.0},{"not_picked":["PiercingWail","Setup"],"picked":"Dagger Spray","floor":11.0}],"player_experience":579556,"relics_obtained":[{"floor":6.0,"key":"FossilizedHelix"},{"floor":9.0,"key":"Unceasing Top"}],"event_choices":[{"damage_healed":0.0,"max_hp_gain":0.0,"max_hp_loss":0.0,"gold_gain":0.0,"cards_transformed":["Strike_G"],"event_name":"Living Wall","player_choice":"Change","floor":3.0,"gold_loss":0.0,"damage_taken":0.0,"cards_obtained":["After Image"]},{"damage_healed":0.0,"max_hp_gain":0.0,"max_hp_loss":0.0,"gold_gain":0.0,"event_name":"Shining Light","player_choice":"Ignored","floor":4.0,"gold_loss":0.0,"damage_taken":0.0},{"cards_removed":["Defend_G"],"damage_healed":0.0,"max_hp_gain":0.0,"max_hp_loss":0.0,"gold_gain":0.0,"event_name":"The Cleric","player_choice":"Card Removal","floor":5.0,"gold_loss":75.0,"damage_taken":0.0},{"damage_healed":0.0,"max_hp_gain":0.0,"max_hp_loss":0.0,"gold_gain":0.0,"event_name":"Dead Adventurer","player_choice":"Searched \u00272\u0027 times","floor":8.0,"gold_loss":0.0,"damage_taken":0.0,"relics_obtained":["War Paint"]}],"is_beta":false,"boss_relics":[],"items_purged_floors":[],"is_endless":false,"potions_floor_spawned":[1,2,7],"killed_by":"Gremlin Nob","ascension_level":20}}