{"host":"ix2a18c4ohfsrslv","time":1614095910,"event":{"mods":["Act Like it!","BaseMod","Downfall","Hubris","Minty Spire (QoL Compilation)","Relic Stats","Reliquary","Ruina","StSLib"],"gold_per_floor":[113,113,113,126,139,139,139,139,139,173,173,190,4,55,55,152,152,166,166,179,2,2,37,37,53,53,63,8,8,19,30,30,30,30],"floor_reached":33,"language":"ENG","playtime":2058,"items_purged":["Defend_G","Strike_G","Strike_G"],"score":290,"play_id":"15bd1b86-c30d-45e9-99b9-e8afe8306d8e","local_time":"20210223075830","is_ascension_mode":true,"campfire_choices":[{"data":"Tactician","floor":6,"key":"SMITH"},{"data":"Neutralize","floor":8,"key":"SMITH"},{"data":"Cloak And Dagger","floor":11,"key":"SMITH"},{"data":"Reflex","floor":15,"key":"SMITH"},{"floor":24,"key":"REST"},{"floor":29,"key":"REST"},{"floor":32,"key":"REST"}],"circlet_count":0,"master_deck":["Strike_G","Defend_G","Defend_G","Defend_G","Defend_G","Survivor+1","Neutralize+1","Backstab","Tactician+1","Cloak And Dagger+1","Backflip","Noxious Fumes+1","Reflex+1","Storm of Steel","Noxious Fumes+1","Deadly Poison","Acrobatics","Eviscerate","Infinite Blades+1","Envenom","Bouncing Flask","Eviscerate","hubris:NaturalOne"],"relics":["Snecko Eye","Bag of Marbles","Bag of Marbles","Oddly Smooth Stone","hubris:Backtick","reliquary:RadioactivePellet","hubris:Icosahedron","Ninja Scroll","reliquary:TatteredRug"],"acts_visited":["Exordium","Exordium"],"potions_floor_usage":[10,16,23,23,25,30],"damage_taken":[{"damage":4,"enemies":"Jaw Worm","floor":1,"turns":4},{"damage":0,"enemies":"Small Slimes","floor":4,"turns":2},{"damage":0,"enemies":"2 Louse","floor":5,"turns":3},{"damage":11,"enemies":"3 Sentries","floor":10,"turns":12},{"damage":4,"enemies":"Red Slaver","floor":12,"turns":2},{"damage":47,"enemies":"Hexaghost","floor":16,"turns":13},{"damage":0,"enemies":"ruina:2_Scarecrows","floor":18,"turns":5},{"damage":10,"enemies":"ruina:Nosferatu","floor":20,"turns":5},{"damage":19,"enemies":"ruina:ServantOfWrath","floor":23,"turns":6},{"damage":13,"enemies":"ruina:KnightOfDespair","floor":25,"turns":5},{"damage":0,"enemies":"ruina:KingOfGreed","floor":27,"turns":2},{"damage":19,"enemies":"ruina:QueenOfHate","floor":30,"turns":2},{"damage":3,"enemies":"ruina:3_Scarecrows","floor":31,"turns":5},{"damage":57,"enemies":"ruina:Ozma","floor":33,"turns":7}],"seed_played":"-1363854888961363981","potions_obtained":[{"floor":1,"key":"Slimebound:ThreeZeroPotion"},{"floor":12,"key":"CunningPotion"},{"floor":16,"key":"LiquidBronze"},{"floor":20,"key":"LiquidMemories"},{"floor":23,"key":"Dexterity Potion"},{"floor":27,"key":"AttackPotion"}],"is_trial":false,"path_per_floor":["M","?","?","M","M","R","?","R","T","E","R","M","$","T","R","B",null,"M","?","M","$","?","E","R","M","T","M","$","R","M","M","R","B"],"character_chosen":"THE_SILENT","items_purchased":["Noxious Fumes","Reflex","Acrobatics","Block Potion"],"campfire_rested":3,"item_purchase_floors":[13,13,21,21],"current_hp_per_floor":[66,66,66,66,66,66,66,66,66,55,55,51,51,51,51,4,70,70,49,39,39,39,20,41,28,28,28,28,49,30,27,48,0,0],"gold":30,"neow_bonus":"BOSS_RELIC","is_daily":false,"chose_seed":false,"campfire_upgraded":4,"win_rate":0.0,"timestamp":1614095910,"path_taken":["M","?","?","M","M","R","?","R","T","E","R","?","$","?","R","BOSS","M","?","?","$","?","E","R","M","T","M","?","R","M","M","R","BOSS"],"items_purchased_type":["Card","Card","Card","Potion"],"build_version":"2020-12-22","purchased_purges":3,"victory":false,"max_hp_per_floor":[70,70,70,70,70,70,70,70,70,70,70,70,70,70,70,70,70,70,70,70,70,70,70,70,70,70,70,70,70,70,70,70,70,70],"relic_stats":{"counters":[14,73],"Snecko Eye":[129,115,135,111],"obtain_stats":[{"Frozen Eye":18,"hubris:Backtick":17,"hubris:Icosahedron":22,"Ninja Scroll":23,"Snecko Eye":0,"Oddly Smooth Stone":14,"reliquary:SculptingSteel":10,"reliquary:TatteredRug":26,"Bag of Marbles":9,"reliquary:RadioactivePellet":17,"Ring of the Snake":0},{"Frozen Eye":6,"hubris:Backtick":6,"hubris:Icosahedron":8,"Ninja Scroll":9,"Snecko Eye":0,"Oddly Smooth Stone":5,"reliquary:SculptingSteel":4,"reliquary:TatteredRug":10,"Bag of Marbles":3,"reliquary:RadioactivePellet":6,"Ring of the Snake":0},{"Frozen Eye":36,"hubris:Backtick":36,"hubris:Icosahedron":46,"Ninja Scroll":52,"Snecko Eye":0,"Oddly Smooth Stone":23,"reliquary:SculptingSteel":21,"reliquary:TatteredRug":57,"Bag of Marbles":9,"reliquary:RadioactivePellet":36,"Ring of the Snake":0}]},"card_choices":[{"not_picked":["Dagger Throw","Dagger Spray"],"picked":"Backstab","floor":1},{"not_picked":["Deflect","Acrobatics"],"picked":"Tactician","floor":4},{"not_picked":["Bane","Quick Slash","Outmaneuver"],"picked":"SKIP","floor":5},{"not_picked":["Backflip","Deadly Poison"],"picked":"Cloak And Dagger","floor":10},{"not_picked":["Outmaneuver","Prepared"],"picked":"Backflip","floor":12},{"not_picked":["Burst","Unload"],"picked":"Storm of Steel","floor":16},{"not_picked":["Sucker Punch","Distraction","Dagger Spray"],"picked":"SKIP","floor":18},{"not_picked":["Acrobatics","Bane"],"picked":"Deadly Poison","floor":20},{"not_picked":["Slice","Bane"],"picked":"Eviscerate","floor":23},{"not_picked":["hubris:Counter","Backflip"],"picked":"Infinite Blades+1","floor":25},{"not_picked":["Cloak And Dagger","Noxious Fumes+1"],"picked":"Envenom","floor":27},{"not_picked":["Endless Agony","Quick Slash"],"picked":"Bouncing Flask","floor":30},{"not_picked":["Sucker Punch","Dagger Throw"],"picked":"Eviscerate","floor":31}],"player_experience":188480,"relics_obtained":[{"floor":9,"key":"Bag of Marbles"},{"floor":10,"key":"reliquary:SculptingSteel"},{"floor":14,"key":"Oddly Smooth Stone"},{"floor":23,"key":"Ninja Scroll"},{"floor":26,"key":"reliquary:TatteredRug"}],"event_choices":[{"cards_removed":["Strike_G"],"damage_healed":0,"gold_gain":0,"player_choice":"Forget","damage_taken":0,"max_hp_gain":0,"max_hp_loss":0,"event_name":"Living Wall","floor":3,"gold_loss":0},{"cards_removed":["Strike_G"],"damage_healed":0,"gold_gain":0,"player_choice":"Purged","damage_taken":0,"max_hp_gain":0,"max_hp_loss":0,"event_name":"Purifier","floor":7,"gold_loss":0}],"is_beta":false,"boss_relics":[{"not_picked":["hubris:RunicObelisk","reliquary:RedCape"],"picked":"hubris:Backtick"}],"items_purged_floors":[13,21,28],"is_endless":false,"potions_floor_spawned":[1,12,16,20,23,27],"killed_by":"ruina:Ozma","ascension_level":2}}