{"host":"mijx6czmnk03eucy","time":1614081818,"event":{"mods":["A Penny For Your Troubles","Act Like it!","Aspiration","BaseMod","Better Altar","Better Debug","Better Skull","Better Third Choice","Better-Laid Plans","BetterRewards","Bossed Relics","Colored Map","Colored Powertips","Conspire","Curses Come First","Disable Question Mark Monsters","Displayed Cursed Tome","Dota2Spire","Energized Spire","Evolution","Extra Virgin Snecko Oil","Force Act Four","Fox Events","GifTheSpireLib","Googly Eyes","Hubris","Infinite Spire","Jedi Mod","Mimic Mod","Minty Spire (QoL Compilation)","Quick Restart","Rare Cards Sparkle","Relic Filter","Relic Stats","Reliquary","Replay The Spire","Ruina","SacredBarkPlus","Smile Girya","Spicy Shops","Spire Arcade","StS++","StSLib","Stuff the Spire","The Blue Laboratory","Uncapped","Wandering Minibosses","Wide Potions","??????REMEMod"],"gold_per_floor":[113,128,14,30,45,45,71,71,71,105,105,105,105],"floor_reached":12,"language":"ENG","playtime":569,"items_purged":["Strike_R"],"score":119,"play_id":"23346b0d-dbc8-437e-a63b-8c2995836e36","local_time":"20210223120338","is_ascension_mode":true,"campfire_choices":[{"data":"Feel No Pain","floor":6,"key":"SMITH"},{"floor":8,"key":"REST"},{"data":"ReplayTheSpireMod:Strike From Hell","floor":11,"key":"SMITH"}],"circlet_count":0,"master_deck":["StuffTheSpire:RockThrow","Strike_R","Strike_R","Defend_R","Defend_R","Defend_R","Defend_R","Bash","Armaments","Thunderclap","StuffTheSpire:Incineration","Feel No Pain+1","Feed","jedi:unlimitedpower","ReplayTheSpireMod:Strike From Hell+1"],"relics":["Burning Blood","EVO:Axolotl","REME_ComplimentaryCards","King of Hearts","reliquary:HotPoker","Dota2Spire:OctarineCore"],"acts_visited":["Exordium"],"potions_floor_usage":[7],"damage_taken":[{"damage":5,"enemies":"Cultist","floor":1,"turns":4},{"damage":7,"enemies":"Jaw Worm","floor":2,"turns":3},{"damage":9,"enemies":"Small Slimes","floor":4,"turns":3},{"damage":26,"enemies":"3 Louse","floor":5,"turns":3},{"damage":45,"enemies":"Gremlin Nob","floor":7,"turns":6},{"damage":27,"enemies":"3 Sentries","floor":10,"turns":8},{"damage":19,"enemies":"Lagavulin","floor":12,"turns":3}],"seed_played":"526308839558625244","potions_obtained":[{"floor":1,"key":"blueLaboratory:NullPotion"}],"is_trial":false,"path_per_floor":["M","M","$","M","M","R","E","R","T","E","R","E"],"character_chosen":"IRONCLAD","items_purchased":["Feel No Pain"],"campfire_rested":1,"item_purchase_floors":[3],"current_hp_per_floor":[73,72,72,69,52,52,13,37,37,19,19,0,0],"gold":105,"neow_bonus":"TRANSFORM_CARD","is_daily":false,"chose_seed":false,"campfire_upgraded":2,"win_rate":0.0,"timestamp":1614081818,"path_taken":["M","M","?","?","M","R","E","R","T","E","R","E"],"items_purchased_type":["Card"],"build_version":"2020-12-22","purchased_purges":1,"victory":false,"max_hp_per_floor":[80,80,80,80,83,83,83,83,83,86,86,86,86],"relic_stats":{"counters":[7,30],"obtain_stats":[{"reliquary:HotPoker":9,"King of Hearts":7,"Dota2Spire:OctarineCore":10,"EVO:Axolotl":0,"Burning Blood":0,"REME_ComplimentaryCards":0},{"reliquary:HotPoker":5,"King of Hearts":5,"Dota2Spire:OctarineCore":6,"EVO:Axolotl":0,"Burning Blood":0,"REME_ComplimentaryCards":0},{"reliquary:HotPoker":19,"King of Hearts":19,"Dota2Spire:OctarineCore":27,"EVO:Axolotl":0,"Burning Blood":0,"REME_ComplimentaryCards":0}],"Burning Blood":36},"card_choices":[{"not_picked":["Headbutt","Clash"],"picked":"Thunderclap","floor":1},{"not_picked":["Pommel Strike","infinitespire:OneForAll"],"picked":"StuffTheSpire:Incineration","floor":2},{"not_picked":["StuffTheSpire:Slingshot","ReplayTheSpireMod:Strike From Hell"],"picked":"Feed","floor":4},{"not_picked":["StSpp:TheBiggerTheyAre","jedi:fear","Pommel Strike"],"picked":"SKIP","floor":5},{"not_picked":["Defy Death","StuffTheSpire:RockThrow"],"picked":"jedi:unlimitedpower","floor":7},{"not_picked":["Twin Strike","Clothesline"],"picked":"ReplayTheSpireMod:Strike From Hell","floor":10}],"player_experience":782445,"relics_obtained":[{"floor":7,"key":"King of Hearts"},{"floor":9,"key":"reliquary:HotPoker"},{"floor":10,"key":"Dota2Spire:OctarineCore"}],"event_choices":[],"is_beta":false,"boss_relics":[],"items_purged_floors":[3],"is_endless":false,"potions_floor_spawned":[1],"killed_by":"Lagavulin","ascension_level":7}}