{"host":"2qv44oxt58ptq59r","time":1614115285,"event":{"mods":["AchievementEnabler","BaseMod","Colored Powertips","Highlight Path","Minty Spire (QoL Compilation)","Permanent Neow","StSLib"],"gold_per_floor":[119,119,119,19,36,36,48,83,120,34,51,51,70,96,96,200,200,210,210,210,160,16,16,49,49,49,49,2,2,2,2,2,2,2],"floor_reached":33,"language":"ENG","playtime":3473,"items_purged":["Strike_G"],"score":360,"play_id":"97328cbe-d8dc-4812-baaf-36b4d5e18cca","local_time":"20210223212125","is_ascension_mode":true,"campfire_choices":[{"data":"Poisoned Stab","floor":6.0,"key":"SMITH"},{"data":"Finisher","floor":12.0,"key":"SMITH"},{"data":"Noxious Fumes","floor":15.0,"key":"SMITH"},{"data":"PiercingWail","floor":23.0,"key":"SMITH"},{"floor":25.0,"key":"RECALL"},{"floor":27.0,"key":"REST"},{"floor":32.0,"key":"REST"}],"circlet_count":0,"master_deck":["Strike_G+1","Defend_G+1","Defend_G+1","Defend_G+1","Defend_G+1","Survivor","Neutralize+1","Dodge and Roll+1","Poisoned Stab+1","Blade Dance","Dash","Deadly Poison","Noxious Fumes+1","Dagger Throw","Finisher+1","Backflip","Blade Dance","Bullet Time","Expertise+1","Endless Agony+1","Acrobatics+1","PiercingWail+1","Bouncing Flask+1","Cloak And Dagger","Writhe"],"relics":["Ring of the Snake","MawBank","Ancient Tea Set","Juzu Bracelet","Astrolabe","Akabeko","Letter Opener","Bottled Flame","Mercury Hourglass"],"acts_visited":["Exordium","TheCity"],"potions_floor_usage":[33],"damage_taken":[{"damage":0.0,"enemies":"2 Louse","floor":1.0,"turns":4.0},{"damage":0.0,"enemies":"Small Slimes","floor":5.0,"turns":4.0},{"damage":0.0,"enemies":"Cultist","floor":7.0,"turns":3.0},{"damage":4.0,"enemies":"Lagavulin","floor":8.0,"turns":7.0},{"damage":1.0,"enemies":"3 Louse","floor":11.0,"turns":3.0},{"damage":4.0,"enemies":"Exordium Thugs","floor":13.0,"turns":3.0},{"damage":4.0,"enemies":"3 Sentries","floor":14.0,"turns":5.0},{"damage":27.0,"enemies":"Slime Boss","floor":16.0,"turns":8.0},{"damage":4.0,"enemies":"3 Byrds","floor":18.0,"turns":6.0},{"damage":26.0,"enemies":"Book of Stabbing","floor":24.0,"turns":6.0},{"damage":59,"enemies":"Collector","floor":33,"turns":7}],"seed_played":"-2408377622559132071","potions_obtained":[{"floor":5.0,"key":"GhostInAJar"},{"floor":7.0,"key":"GamblersBrew"},{"floor":13.0,"key":"CunningPotion"},{"floor":16.0,"key":"EssenceOfSteel"},{"floor":18.0,"key":"DistilledChaos"}],"is_trial":false,"path_per_floor":["M","?","?","$","M","R","M","E","T","$","M","R","M","E","R","B",null,"M","?","?","?","$","R","E","R","T","R","$","T","?","?","R","B"],"character_chosen":"THE_SILENT","items_purchased":["Poisoned Stab","Noxious Fumes","Dagger Throw","Akabeko","Cloak And Dagger"],"campfire_rested":2,"item_purchase_floors":[4,10,10,22,28],"current_hp_per_floor":[63,56,56,56,56,56,56,52,52,52,51,51,47,43,43,16,57,53,47,47,47,47,47,21,21,21,42,42,42,42,29,51,0,0],"gold":2,"neow_bonus":"UPGRADE_CARD","is_daily":false,"chose_seed":false,"campfire_upgraded":4,"win_rate":0.0,"timestamp":1614115285,"path_taken":["M","?","?","$","M","R","M","E","T","$","M","R","M","E","R","BOSS","M","?","?","?","$","R","E","R","T","R","$","?","?","?","R","BOSS"],"items_purchased_type":["Card","Card","Card","Relic","Card"],"build_version":"2020-12-22","purchased_purges":1,"victory":false,"max_hp_per_floor":[70,70,70,70,70,70,70,70,70,70,70,70,70,70,70,70,70,70,70,70,70,70,70,70,70,70,70,70,70,70,75,75,75,75],"card_choices":[{"not_picked":["Acrobatics","Backflip"],"picked":"Dodge and Roll","floor":1.0},{"not_picked":["Blur","Dagger Throw"],"picked":"Blade Dance","floor":5.0},{"not_picked":["Sucker Punch","Reflex"],"picked":"Dash","floor":7.0},{"not_picked":["Blur","All Out Attack"],"picked":"Deadly Poison","floor":8.0},{"not_picked":["Poisoned Stab","Blur"],"picked":"Finisher","floor":11.0},{"not_picked":["Tools of the Trade","Prepared"],"picked":"Backflip","floor":13.0},{"not_picked":["Acrobatics","Backflip"],"picked":"Blade Dance","floor":14.0},{"not_picked":["Grand Finale","Doppelganger"],"picked":"Bullet Time","floor":16.0},{"not_picked":["Acrobatics","Dagger Throw"],"picked":"PiercingWail","floor":18.0},{"not_picked":["Concentrate+1","Dagger Spray+1"],"picked":"Bouncing Flask+1","floor":24.0}],"player_experience":5816968,"relics_obtained":[{"floor":8.0,"key":"MawBank"},{"floor":9.0,"key":"Ancient Tea Set"},{"floor":14.0,"key":"Juzu Bracelet"},{"floor":24.0,"key":"Letter Opener"},{"floor":29.0,"key":"Bottled Flame"}],"event_choices":[{"cards_removed":["Strike_G"],"damage_healed":0.0,"max_hp_gain":0.0,"max_hp_loss":0.0,"gold_gain":0.0,"event_name":"Golden Wing","player_choice":"Card Removal","floor":2.0,"gold_loss":0.0,"damage_taken":7.0},{"damage_healed":0.0,"max_hp_gain":0.0,"max_hp_loss":0.0,"gold_gain":0.0,"event_name":"Living Wall","player_choice":"Grow","floor":3.0,"gold_loss":0.0,"damage_taken":0.0,"cards_upgraded":["Dodge and Roll"]},{"damage_healed":0.0,"max_hp_gain":0.0,"max_hp_loss":0.0,"gold_gain":0.0,"event_name":"Knowing Skull","player_choice":"","floor":19.0,"potions_obtained":[],"gold_loss":0.0,"damage_taken":6.0,"cards_obtained":[]},{"damage_healed":0.0,"max_hp_gain":0.0,"max_hp_loss":0.0,"gold_gain":0.0,"event_name":"Back to Basics","player_choice":"Simplicity","floor":20.0,"gold_loss":0.0,"damage_taken":0.0,"cards_upgraded":["Strike_G","Defend_G","Defend_G","Defend_G","Defend_G"]},{"damage_healed":0.0,"max_hp_gain":0.0,"max_hp_loss":0.0,"gold_gain":0.0,"event_name":"The Joust","player_choice":"Bet on Murderer","floor":21.0,"gold_loss":50.0,"damage_taken":0.0},{"damage_healed":0.0,"max_hp_gain":0.0,"max_hp_loss":0.0,"gold_gain":0.0,"event_name":"The Mausoleum","player_choice":"Opened","floor":30.0,"gold_loss":0.0,"damage_taken":0.0,"relics_obtained":["Mercury Hourglass"],"cards_obtained":["Writhe"]},{"damage_healed":0.0,"max_hp_gain":5.0,"max_hp_loss":0.0,"gold_gain":0.0,"event_name":"Forgotten Altar","player_choice":"Shed Blood","floor":31.0,"gold_loss":0.0,"damage_taken":18.0}],"is_beta":false,"boss_relics":[{"not_picked":["Snecko Eye","Runic Dome"],"picked":"Astrolabe"}],"items_purged_floors":[4],"is_endless":false,"potions_floor_spawned":[5,7,13,16,18],"killed_by":"Collector","ascension_level":7}}