{"host":"xwl7b08i4vco8s3a","time":1614101162,"event":{"mods":["BaseMod","Colored Powertips","Downfall","Hermit","Minty Spire (QoL Compilation)","Replay The Spire","StSLib","Wandering Minibosses"],"gold_per_floor":[99,114,127,120,104,4,4,19,0,19,31,53,33,13,23,0,0,0],"floor_reached":16,"language":"ENG","playtime":752,"items_purged":[],"score":110,"play_id":"25516a21-20ca-4d1c-aa90-8a310ddfe1fa","local_time":"20210223182602","is_ascension_mode":false,"campfire_choices":[{"floor":1,"key":"RECALL"},{"floor":6,"key":"REST"}],"circlet_count":0,"master_deck":["Guardian:Strike_Guardian","Guardian:Strike_Guardian","Guardian:Strike_Guardian","Guardian:Strike_Guardian","Guardian:Defend_Guardian","Guardian:Defend_Guardian","Guardian:Defend_Guardian","Guardian:Defend_Guardian","Guardian:CurlUp","Guardian:TwinSlam","Guardian:GemFire","Guardian:PrismaticBeam","Guardian:Gem_Yellow","Guardian:CrystalBeam","Guardian:Gem_Yellow","Guardian:Gem_Cyan","Guardian:Gem_Red"],"relics":["Guardian:ModeShifter","downfall:HeartBlessingRed","HornCleat","Eternal Feather"],"acts_visited":["Exordium"],"potions_floor_usage":[4,12,14],"damage_taken":[{"damage":7,"enemies":"Cultist","floor":2,"turns":5},{"damage":0,"enemies":"2 Louse","floor":3,"turns":3},{"damage":10,"enemies":"Jaw Worm","floor":4,"turns":6},{"damage":9,"enemies":"3 Louse","floor":5,"turns":6},{"damage":2,"enemies":"Blue Slaver","floor":8,"turns":4},{"damage":0,"enemies":"downfall:FleeingMerchant","floor":9,"turns":4},{"damage":0,"enemies":"Large Slime","floor":10,"turns":3},{"damage":0,"enemies":"downfall:LooterAlt","floor":11,"turns":1},{"damage":14,"enemies":"Gremlin Nob","floor":12,"turns":4},{"damage":8,"enemies":"Red Slaver","floor":13,"turns":5},{"damage":0,"enemies":"Large Slime","floor":14,"turns":6},{"damage":5,"enemies":"Blue Slaver","floor":15,"turns":2},{"damage":119,"enemies":"DF_ARCHETYPE_STREAMLINE","floor":16,"turns":14}],"seed_played":"-9212995070951991642","potions_obtained":[{"floor":2,"key":"Swift Potion"},{"floor":3,"key":"FairyPotion"},{"floor":8,"key":"AttackPotion"},{"floor":11,"key":"hexamod:SoulburnPotion"}],"is_trial":false,"path_per_floor":["R","M","M","M","M","R","T","M","$","M","M","E","M","M","M","B"],"character_chosen":"GUARDIAN","items_purchased":[],"campfire_rested":1,"item_purchase_floors":[],"current_hp_per_floor":[56,49,49,39,30,54,54,52,52,52,52,38,30,30,25,0,0,0],"gold":0,"neow_bonus":"THREE_RARE_CARDS","is_daily":false,"chose_seed":false,"campfire_upgraded":0,"win_rate":0.0,"timestamp":1614101162,"path_taken":["R","M","M","?","M","R","T","M","$","M","M","E","M","M","M","BOSS"],"items_purchased_type":[],"build_version":"2020-12-22","purchased_purges":0,"victory":false,"max_hp_per_floor":[80,80,80,80,80,80,80,80,80,80,80,80,80,80,80,80,80,80],"card_choices":[{"not_picked":["Guardian:FierceBash","Guardian:StasisField"],"picked":"Guardian:GemFire","floor":0},{"not_picked":["Guardian:Reroute","Guardian:RollAttack"],"picked":"Guardian:PrismaticBeam","floor":2},{"not_picked":["Guardian:ArmoredProtocol","Guardian:TemporalStrike"],"picked":"Guardian:Gem_Yellow","floor":3},{"not_picked":["Guardian:ChargeCore","Guardian:VentSteam"],"picked":"Guardian:Gem_Purple","floor":4},{"not_picked":["Guardian:PiercingHide","Guardian:Reroute"],"picked":"Guardian:CrystalBeam","floor":5},{"not_picked":["Guardian:VentSteam","Guardian:ShieldCharger"],"picked":"Guardian:Gem_Yellow","floor":8},{"not_picked":["Guardian:ChargeCore","Guardian:PrimingBeam","Guardian:Orbwalk"],"picked":"SKIP","floor":9},{"not_picked":["Guardian:BronzeOrb","Guardian:RollAttack","Guardian:TemporalStrike"],"picked":"SKIP","floor":10},{"not_picked":["Guardian:Orbwalk","Guardian:CrystalBeam","Guardian:ShieldCharger"],"picked":"SKIP","floor":11},{"not_picked":["Guardian:MultiBeam","Guardian:ShieldSpikes","Guardian:WalkerClaw"],"picked":"SKIP","floor":12},{"not_picked":["Guardian:Suspension","Guardian:Gem_Yellow"],"picked":"Guardian:Gem_Cyan","floor":13},{"not_picked":["Guardian:TemporalStrike","Guardian:FastForward","Guardian:Planning"],"picked":"SKIP","floor":14},{"not_picked":["Guardian:CrystalBeam","Guardian:ChargeCore"],"picked":"Guardian:Gem_Red","floor":15}],"player_experience":459572,"relics_obtained":[{"floor":7,"key":"HornCleat"},{"floor":12,"key":"Eternal Feather"}],"event_choices":[],"is_beta":false,"boss_relics":[],"items_purged_floors":[],"is_endless":false,"potions_floor_spawned":[2,3,8,11],"killed_by":"DF_ARCHETYPE_STREAMLINE","ascension_level":0}}