{"host":"350rh84kbmtekt58","time":1614046042,"event":{"mods":["AchievementEnabler","Act Like it!","BaseMod","Better Synergies","Block Reminder","CapriCore","Challenge The Spire","Colored Map","Colored Powertips","Communication Mod","Downfall","Energized Spire","Friendly Minions","GifTheSpireLib","Highlight Path","Minty Spire (QoL Compilation)","Quick Restart","Replay The Spire","Shop Mod","StSLib","The Animator","The Disciple","The Immortal","The Marked","The Runesmith","The Servant 0.9.4","The Wild Card","Transform Curses","yUi"],"gold_per_floor":[116,291,366,378,378,378,388,417,464,19,19,50,50,0,0,99,99,110,130,130,55,72,100,115,115,115,115,134,166,166,200,200,303,253,273,373,384,432,432,432,432,432,432,249,279,8,34,45,45,45,45,45,44,78,78,78],"floor_reached":55,"language":"ENG","playtime":5288,"items_purged":["Shame"],"score":735,"play_id":"91662ad2-efc5-49b4-ab67-07b1e2dec815","local_time":"20210222200722","is_ascension_mode":true,"campfire_choices":[{"data":"Zap","floor":6,"key":"SMITH"},{"floor":11,"key":"REST"},{"floor":13,"key":"REST"},{"floor":15,"key":"REST"},{"data":"Mayhem","floor":25,"key":"SMITH"},{"data":"Double Energy","floor":27,"key":"SMITH"},{"floor":32,"key":"REST"},{"floor":40,"key":"REST"},{"floor":42,"key":"RECALL"},{"floor":49,"key":"REST"},{"floor":52,"key":"REST"}],"circlet_count":0,"master_deck":["Strike_B","Strike_B+1","Defend_B","Defend_B+1","Defend_B","Zap+1","Dualcast","FIFO Queue+1","ReplayTheSpireMod:Calculation Training+1","Double Energy+1","Mayhem+1","Conserve Battery","Melter","Mirror Shield","Rainbow","Lockon","Turbo","Beam Cell","Redo","Loop+1","Panic Button","Undo","Electrodynamics","Strike_B","Undo","Stack+1","ReplayTheSpireMod:Splinters","Seek","Defragment","Amplify","Fusion","Shame","SwitchConfidence","Sweeping Beam","Specialist","Static Discharge+1","Creative AI","Rebound","All For One","Reprogram","Consume","Force Field","Sadistic Nature","Blizzard","Steam Power+1"],"relics":["Nuclear Battery","Odd Mushroom","Happy Flower","Anchor","Replay:WaspNest","Replay:Drink Me","Solar Panel","StoneCalendar","Letter Opener","Durian","energizedSpire:HugeHouse","Fusion Hammer","Inserter","downfall:ExtraCursedKey","Mummified Hand","ReplayTheSpireMod:CursedCoin","MerchantsRug","Chemical X","Replay:Rubber Ducky","DataDisk","Mirror"],"acts_visited":["Exordium","TheCity","TheBeyond","TheEnding"],"potions_floor_usage":[8,16,19,23,24,33,33,38,47,47,50,55],"damage_taken":[{"damage":0,"enemies":"Small Slimes","floor":1,"turns":3},{"damage":10,"enemies":"2 Louse","floor":4,"turns":4},{"damage":0,"enemies":"Cultist","floor":7,"turns":4},{"damage":23,"enemies":"The Mushroom Lair","floor":8,"turns":5},{"damage":26,"enemies":"Lagavulin","floor":12,"turns":8},{"damage":13,"enemies":"Hexaghost","floor":16,"turns":9},{"damage":0,"enemies":"Spheric Guardian","floor":18,"turns":2},{"damage":0,"enemies":"Shell Parasite","floor":19,"turns":4},{"damage":0,"enemies":"3 Cultists","floor":22,"turns":4},{"damage":0,"enemies":"Gremlin Leader","floor":23,"turns":5},{"damage":0,"enemies":"Chosen and Byrds","floor":24,"turns":4},{"damage":0,"enemies":"Centurion and Healer","floor":28,"turns":6},{"damage":20,"enemies":"Book of Stabbing","floor":29,"turns":5},{"damage":17,"enemies":"Gremlin Leader","floor":31,"turns":5},{"damage":13,"enemies":"Automaton","floor":33,"turns":7},{"damage":15,"enemies":"3 Darklings","floor":35,"turns":4},{"damage":3,"enemies":"Orb Walker","floor":37,"turns":3},{"damage":7,"enemies":"2 Orb Walkers","floor":38,"turns":3},{"damage":32,"enemies":"Reptomancer","floor":45,"turns":6},{"damage":0,"enemies":"Giant Head","floor":47,"turns":6},{"damage":0,"enemies":"Transient","floor":48,"turns":5},{"damage":0,"enemies":"Replay:Hell Engine","floor":50,"turns":10},{"damage":20,"enemies":"Shield and Spear","floor":54,"turns":6},{"damage":64,"enemies":"The Heart","floor":55,"turns":6}],"seed_played":"-7872682705272969781","potions_obtained":[{"floor":1,"key":"Energy Potion"},{"floor":7,"key":"Adrenaline Potion"},{"floor":12,"key":"LifebloodPotion"},{"floor":16,"key":"Swift Potion"},{"floor":22,"key":"SteroidPotion"},{"floor":23,"key":"Fire Potion"},{"floor":28,"key":"bronze:BurnAndBuffPotion"},{"floor":31,"key":"DistilledChaos"},{"floor":33,"key":"Reflective Coating"},{"floor":37,"key":"Weak Potion"},{"floor":45,"key":"AttackPotion"},{"floor":48,"key":"Reflective Coating"},{"floor":54,"key":"Explosive Potion"}],"is_trial":false,"path_per_floor":["M","?","?","M","?","R","M","?","T","$","R","E","R","?","R","B",null,"M","M","$","?","M","E","M","R","T","R","M","E","?","E","R","B",null,"M","?","M","?","?","R","T","R","T","$","E","$","E","M","R","B",null,"R","$","E","B"],"character_chosen":"DEFECT","items_purchased":["Mayhem","Anchor","Conserve Battery","Melter","ReplayTheSpireMod:CursedCoin","Specialist","Static Discharge+1","MerchantsRug","Chemical X","Replay:Rubber Ducky","Rebound","Sadistic Nature","Blizzard"],"campfire_rested":7,"item_purchase_floors":[10,10,10,10,44,44,44,44,46,46,46,53,53],"current_hp_per_floor":[75,75,64,54,39,39,39,16,16,16,38,12,34,34,56,43,57,57,57,57,57,57,57,57,57,57,57,57,39,30,22,42,29,62,47,52,55,48,48,67,67,67,67,67,54,54,58,72,74,74,74,74,74,64,0,0],"gold":78,"neow_bonus":"BOSS_RELIC","is_daily":false,"chose_seed":false,"campfire_upgraded":3,"win_rate":0.0,"timestamp":1614046042,"path_taken":["M","?","?","M","?","R","M","?","T","$","R","E","R","?","R","BOSS","M","M","$","?","M","E","M","R","T","R","M","E","?","E","R","BOSS","M","?","M","?","?","R","?","R","T","$","E","$","E","M","R","BOSS","R","$","E","BOSS"],"items_purchased_type":["Card","Relic","Card","Card","Relic","Card","Card","Relic","Relic","Relic","Card","Card","Card"],"build_version":"2020-12-22","purchased_purges":1,"victory":false,"max_hp_per_floor":[75,75,75,75,75,75,75,75,75,75,75,75,75,75,75,75,57,57,57,57,57,57,57,57,57,57,57,57,57,62,67,67,67,62,62,67,67,67,67,67,67,67,67,67,74,74,74,74,74,74,74,74,74,74,74,74],"card_choices":[{"not_picked":["Loop","Rip and Tear"],"picked":"FIFO Queue","floor":1},{"not_picked":["Sweeping Beam","Hologram"],"picked":"ReplayTheSpireMod:Calculation Training","floor":4},{"not_picked":["Panic Button","Compile Driver"],"picked":"Sweeping Beam","floor":7},{"not_picked":["Gash","Steam"],"picked":"Double Energy","floor":8},{"not_picked":["Streamline","Force Field"],"picked":"Mirror Shield","floor":12},{"not_picked":["Mirror Shield","Meteor Strike"],"picked":"Rainbow","floor":16},{"not_picked":["Sweeping Beam","Conserve Battery"],"picked":"Lockon","floor":18},{"not_picked":["Scrape+1","Glacier"],"picked":"Turbo","floor":19},{"not_picked":["ReplayGash","Panic Button"],"picked":"Beam Cell","floor":22},{"not_picked":["ReplayTheSpireMod:Reroute Power+1","Hello World+1"],"picked":"Crystallizer","floor":23},{"not_picked":["Barrage+1","Coolheaded+1"],"picked":"Redo","floor":24},{"not_picked":["Beam Cell+1","Double Energy"],"picked":"Loop+1","floor":28},{"not_picked":["Darkness","Gash"],"picked":"Panic Button","floor":29},{"not_picked":["ReplayTheSpireMod:Calculation Training","Steam+1"],"picked":"Undo","floor":31},{"not_picked":["Seek","Thunder Strike"],"picked":"Electrodynamics","floor":33},{"not_picked":["Coolheaded+1","Auto Shields"],"picked":"Stack+1","floor":35},{"not_picked":["Go for the Eyes+1","Leap+1"],"picked":"Defragment","floor":37},{"not_picked":["Undo+1","Ball Lightning"],"picked":"Amplify","floor":38},{"not_picked":["Recycle+1","Barrage"],"picked":"Creative AI","floor":45},{"not_picked":["Streamline+1","Panic Button+1"],"picked":"All For One","floor":47},{"not_picked":["Steam+1","Go for the Eyes+1"],"picked":"Reprogram","floor":48},{"not_picked":["Blizzard","ReplayTheSpireMod:Reroute Power+1"],"picked":"Steam Power+1","floor":54}],"player_experience":269336,"relics_obtained":[{"floor":8,"key":"Odd Mushroom"},{"floor":9,"key":"Happy Flower"},{"floor":12,"key":"Replay:WaspNest"},{"floor":23,"key":"Solar Panel"},{"floor":26,"key":"StoneCalendar"},{"floor":29,"key":"Letter Opener"},{"floor":31,"key":"Durian"},{"floor":38,"key":"Replay:PocketPolymizer"},{"floor":43,"key":"Mummified Hand"},{"floor":45,"key":"Strawberry"},{"floor":47,"key":"DataDisk"},{"floor":54,"key":"Mirror"}],"event_choices":[{"damage_healed":0,"gold_gain":175,"player_choice":"AGREE","damage_taken":0,"max_hp_gain":0,"max_hp_loss":0,"event_name":"Liars Game","floor":2,"gold_loss":0,"cards_obtained":["Doubt"]},{"damage_healed":0,"gold_gain":75,"player_choice":"Gather Gold","damage_taken":11,"max_hp_gain":0,"max_hp_loss":0,"event_name":"World of Goop","floor":3,"gold_loss":0},{"damage_healed":0,"gold_gain":0,"player_choice":"Entered Light","damage_taken":15,"max_hp_gain":0,"max_hp_loss":0,"event_name":"Shining Light","floor":5,"gold_loss":0,"cards_upgraded":["ReplayTheSpireMod:Calculation Training","FIFO Queue"]},{"damage_healed":0,"gold_gain":0,"player_choice":"Fought Mushrooms","damage_taken":0,"max_hp_gain":0,"max_hp_loss":0,"event_name":"Mushrooms","floor":8,"gold_loss":0},{"damage_healed":0,"gold_gain":0,"player_choice":"Paid Gold","damage_taken":0,"relics_obtained":["Simple Rune"],"max_hp_gain":0,"max_hp_loss":0,"event_name":"WeMeetAgain","floor":14,"gold_loss":50},{"cards_removed":["Strike_B"],"damage_healed":0,"gold_gain":0,"player_choice":"Gave Gold","damage_taken":0,"max_hp_gain":0,"max_hp_loss":0,"event_name":"Beggar","floor":21,"gold_loss":75},{"damage_healed":0,"gold_gain":0,"player_choice":"Shed Blood","damage_taken":14,"max_hp_gain":5,"max_hp_loss":0,"event_name":"Forgotten Altar","floor":30,"gold_loss":0},{"damage_healed":0,"gold_gain":0,"player_choice":"Fight","damage_taken":0,"max_hp_gain":0,"max_hp_loss":0,"event_name":"Mysterious Sphere","floor":38,"gold_loss":0},{"cards_removed":["Sweeping Beam"],"damage_healed":0,"gold_gain":0,"player_choice":"Removed Attack","damage_taken":0,"max_hp_gain":0,"max_hp_loss":0,"event_name":"Falling","floor":39,"gold_loss":0}],"is_beta":false,"boss_relics":[{"not_picked":["energizedSpire:OldTV","energizedSpire:CursedPentagram"],"picked":"Replay:Drink Me"},{"not_picked":["Kintsugi","energizedSpire:OgreHead"],"picked":"Replay:Grab Bag"},{"not_picked":["bronze:MakeshiftBattery","Replay:Wanted Poster"],"picked":"energizedSpire:HugeHouse"},{"not_picked":["energizedSpire:SpiderWeb","energizedSpire:EnergizedDie"],"picked":"Fusion Hammer"},{"not_picked":["SlaversCollar","Pandora\u0027s Box"],"picked":"Inserter"}],"items_purged_floors":[44],"is_endless":false,"potions_floor_spawned":[1,7,12,16,22,23,28,31,33,37,45,48,54],"killed_by":"The Heart","ascension_level":1}}