{"host":"at5b10nm0iti0w4x","time":1614044817,"event":{"mods":["2.2 Compatiblity","AchievementEnabler","BaseMod","Bestiary","Block Reminder","Colored Map","Colored Powertips","Highlight Path","Keyboard Shortcuts","Minty Spire (QoL Compilation)","Quick Restart","Relic Stats","Slay the Relics Exporter","StSLib","SuperFastMode","Unknown Chances"],"gold_per_floor":[117,133,133,61,61,61,61,61,61,61,13,13,13,74,74,177,177,191,205,304,304,304,304,333,31,31,31,42,69,69,99,99,198,198,214,233,243,253,253,253,273,273,273,95,113,127,137,137,137,137],"floor_reached":51,"language":"ENG","playtime":1597,"items_purged":[],"score":771,"play_id":"d5401f5f-cf14-48c3-92a6-ee2370787142","local_time":"20210222204657","is_ascension_mode":false,"campfire_choices":[{"data":"Seeing Red","floor":6,"key":"SMITH"},{"data":"Metallicize","floor":8,"key":"SMITH"},{"data":"Thunderclap","floor":10,"key":"SMITH"},{"data":"Armaments","floor":15,"key":"SMITH"},{"data":"Armaments","floor":23,"key":"SMITH"},{"data":"Barricade","floor":27,"key":"SMITH"},{"data":"Juggernaut","floor":30,"key":"SMITH"},{"floor":32,"key":"REST"},{"data":"Shrug It Off","floor":40,"key":"SMITH"},{"data":"Defend_R","floor":42,"key":"SMITH"},{"data":"Panache","floor":49,"key":"SMITH"}],"circlet_count":0,"master_deck":["Strike_R","Defend_R+1","Defend_R+1","Defend_R","Defend_R+1","Bash+1","Thunderclap+1","Metallicize+1","Seeing Red+1","Armaments+1","Twin Strike","Juggernaut+1","Pommel Strike","Shrug It Off+1","Armaments+1","Armaments+1","Barricade+1","Shrug It Off+1","Feed+1","Fire Breathing+1","Clash+1","Second Wind+1","Combust+1","True Grit+1","Body Slam+1","Panache+1","Body Slam+1","Armaments+1","Power Through+1"],"relics":["Burning Blood","TungstenRod","Pear","Gambling Chip","WingedGreaves","Sozu","Enchiridion","Molten Egg 2","War Paint","White Beast Statue","Happy Flower","Regal Pillow","Astrolabe","Self Forming Clay"],"acts_visited":["Exordium","TheCity","TheBeyond"],"potions_floor_usage":[0,50,50],"damage_taken":[{"damage":6,"enemies":"Cultist","floor":1,"turns":3},{"damage":5,"enemies":"2 Louse","floor":2,"turns":3},{"damage":21,"enemies":"Gremlin Nob","floor":14,"turns":4},{"damage":33,"enemies":"Slime Boss","floor":16,"turns":10},{"damage":9,"enemies":"Chosen","floor":18,"turns":4},{"damage":9,"enemies":"Spheric Guardian","floor":19,"turns":4},{"damage":35,"enemies":"Slavers","floor":24,"turns":6},{"damage":0,"enemies":"Centurion and Healer","floor":28,"turns":7},{"damage":16,"enemies":"Book of Stabbing","floor":31,"turns":4},{"damage":0,"enemies":"Automaton","floor":33,"turns":13},{"damage":0,"enemies":"3 Darklings","floor":35,"turns":6},{"damage":3,"enemies":"Orb Walker","floor":36,"turns":3},{"damage":2,"enemies":"Spire Growth","floor":37,"turns":4},{"damage":0,"enemies":"Maw","floor":38,"turns":9},{"damage":1,"enemies":"Writhing Mass","floor":41,"turns":6},{"damage":28,"enemies":"4 Shapes","floor":45,"turns":5},{"damage":12,"enemies":"Spire Growth","floor":46,"turns":6},{"damage":9,"enemies":"Jaw Worm Horde","floor":47,"turns":6},{"damage":66,"enemies":"Awakened One","floor":50,"turns":11}],"seed_played":"-8361115288215015061","potions_obtained":[{"floor":0,"key":"FairyPotion"},{"floor":0,"key":"Fruit Juice"},{"floor":0,"key":"LiquidBronze"},{"floor":14,"key":"Dexterity Potion"}],"is_trial":false,"path_per_floor":["M","M","?","$","?","R","$","R","T","R","$","?","T","?","R","B",null,"M","M","?","?","?","R","E","$","T","R","M","T","R","E","R","B",null,"M","M","M","M","?","R","M","R","T","$","M","M","M","$","R","B",null],"character_chosen":"IRONCLAD","items_purchased":["Seeing Red","Armaments","Barricade","War Paint","Panache"],"campfire_rested":1,"item_purchase_floors":[4,11,25,25,44],"current_hp_per_floor":[85,85,78,78,78,78,78,78,78,78,78,79,79,64,64,37,95,92,89,89,77,77,77,48,48,48,48,54,54,54,44,87,93,95,95,95,95,95,95,95,95,95,95,95,73,67,68,68,68,8],"gold":137,"neow_bonus":"THREE_SMALL_POTIONS","is_daily":false,"chose_seed":false,"campfire_upgraded":10,"win_rate":0.0,"timestamp":1614044817,"path_taken":["M","M","?","$","?","R","?","R","T","R","$","?","?","?","R","BOSS","M","M","?","?","?","R","E","$","T","R","M","?","R","E","R","BOSS","M","M","M","M","?","R","M","R","T","?","?","?","M","$","R","BOSS"],"items_purchased_type":["Card","Card","Card","Relic","Card"],"build_version":"2020-12-22","purchased_purges":0,"victory":true,"max_hp_per_floor":[85,85,85,85,85,85,85,85,85,85,85,95,95,95,95,95,95,95,95,95,95,95,95,95,95,95,95,95,95,95,95,95,95,95,95,95,95,95,95,95,95,95,95,95,95,95,99,99,99,99],"relic_stats":{"Sozu":4,"Regal Pillow":15,"Happy Flower":[24],"counters":[19,114],"Self Forming Clay":[39],"Gambling Chip":[47],"Astrolabe":["Fire Breathing","Clash","Second Wind"],"War Paint":["Defend_R","Defend_R"],"obtain_stats":[{"Regal Pillow":31,"Pear":12,"Happy Flower":29,"Self Forming Clay":43,"Astrolabe":34,"Enchiridion":21,"War Paint":25,"Burning Blood":0,"White Beast Statue":26,"Sozu":17,"Gambling Chip":13,"Molten Egg 2":24,"WingedGreaves":14,"TungstenRod":9},{"Regal Pillow":9,"Pear":2,"Happy Flower":8,"Self Forming Clay":15,"Astrolabe":10,"Enchiridion":6,"War Paint":7,"Burning Blood":0,"White Beast Statue":7,"Sozu":4,"Gambling Chip":2,"Molten Egg 2":7,"WingedGreaves":2,"TungstenRod":2},{"Regal Pillow":45,"Pear":6,"Happy Flower":41,"Self Forming Clay":86,"Astrolabe":58,"Enchiridion":28,"War Paint":34,"Burning Blood":0,"White Beast Statue":34,"Sozu":20,"Gambling Chip":6,"Molten Egg 2":34,"WingedGreaves":6,"TungstenRod":6}],"Burning Blood":89,"TungstenRod":89},"card_choices":[{"not_picked":["Heavy Blade","Flame Barrier"],"picked":"Thunderclap","floor":1},{"not_picked":["Thunderclap","Havoc"],"picked":"Metallicize","floor":2},{"not_picked":["True Grit","Clash"],"picked":"Twin Strike","floor":14},{"not_picked":["Double Tap","Barricade"],"picked":"Juggernaut","floor":16},{"not_picked":["Bloodletting","Dark Embrace"],"picked":"Pommel Strike","floor":18},{"not_picked":["Pummel+1","Sever Soul+1"],"picked":"Shrug It Off+1","floor":19},{"not_picked":["Thunderclap+1","Perfected Strike+1"],"picked":"Armaments+1","floor":24},{"not_picked":["Clothesline+1","Anger+1"],"picked":"Shrug It Off","floor":28},{"not_picked":["Bloodletting","Rampage+1","Rage"],"picked":"SKIP","floor":31},{"not_picked":["Reaper+1","Berserk"],"picked":"Feed+1","floor":33},{"not_picked":["Sentinel","Iron Wave+1"],"picked":"Combust+1","floor":35},{"not_picked":["Wild Strike+1","Body Slam+1"],"picked":"True Grit+1","floor":36},{"not_picked":["Sentinel","Wild Strike+1","Clash+1"],"picked":"SKIP","floor":37},{"not_picked":["Hemokinesis+1","Rampage+1","Perfected Strike+1"],"picked":"SKIP","floor":38},{"not_picked":["Feel No Pain","Flame Barrier+1"],"picked":"Body Slam+1","floor":41},{"not_picked":["Clash+1","Armaments"],"picked":"Body Slam+1","floor":45},{"not_picked":["Wild Strike+1","Sword Boomerang+1"],"picked":"Armaments+1","floor":46},{"not_picked":["Second Wind+1","Headbutt+1"],"picked":"Power Through+1","floor":47}],"player_experience":120300,"relics_obtained":[{"floor":9,"key":"TungstenRod"},{"floor":13,"key":"Gambling Chip"},{"floor":21,"key":"Enchiridion"},{"floor":24,"key":"Molten Egg 2"},{"floor":26,"key":"White Beast Statue"},{"floor":29,"key":"Happy Flower"},{"floor":31,"key":"Regal Pillow"},{"floor":43,"key":"Self Forming Clay"}],"event_choices":[{"cards_removed":["Strike_R"],"damage_healed":0,"gold_gain":0,"player_choice":"Card Removal","damage_taken":7,"max_hp_gain":0,"max_hp_loss":0,"event_name":"Golden Wing","floor":3,"gold_loss":0},{"damage_healed":0,"gold_gain":0,"player_choice":"Grow","damage_taken":0,"max_hp_gain":0,"max_hp_loss":0,"event_name":"Living Wall","floor":5,"gold_loss":0,"cards_upgraded":["Bash"]},{"damage_healed":0,"gold_gain":0,"player_choice":"Success","damage_taken":12,"relics_obtained":["Pear"],"max_hp_gain":0,"max_hp_loss":0,"event_name":"Scrap Ooze","floor":12,"gold_loss":0},{"damage_healed":0,"gold_gain":0,"player_choice":"Searched \u00272\u0027 times","damage_taken":0,"relics_obtained":["WingedGreaves"],"max_hp_gain":0,"max_hp_loss":0,"event_name":"Dead Adventurer","floor":14,"gold_loss":0},{"damage_healed":0,"gold_gain":99,"player_choice":"Stole From Cult","damage_taken":0,"max_hp_gain":0,"max_hp_loss":0,"event_name":"Nest","floor":20,"gold_loss":0},{"damage_healed":0,"gold_gain":0,"player_choice":"Obtained Book","damage_taken":16,"max_hp_gain":0,"max_hp_loss":0,"event_name":"Cursed Tome","floor":21,"gold_loss":0},{"damage_healed":0,"gold_gain":0,"player_choice":"Read","damage_taken":0,"max_hp_gain":0,"max_hp_loss":0,"event_name":"The Library","floor":22,"gold_loss":0,"cards_obtained":["Armaments"]},{"damage_healed":0,"gold_gain":0,"player_choice":"Bought 0 Potions","damage_taken":0,"max_hp_gain":0,"max_hp_loss":0,"event_name":"The Woman in Blue","floor":39,"gold_loss":0}],"is_beta":false,"boss_relics":[{"not_picked":["Pandora\u0027s Box","Coffee Dripper"],"picked":"Sozu"},{"not_picked":["Snecko Eye","Runic Cube"],"picked":"Astrolabe"}],"items_purged_floors":[],"is_endless":false,"potions_floor_spawned":[14,18,24,28,31,33,35,36,37,38,41,45,46,47],"ascension_level":0}}