{"host":"g2yp6paluzgljz05","time":1614073543,"event":{"mods":["BaseMod","Bestiary","Colored Powertips","DeckTracker","Highlight Path","Minty Spire (QoL Compilation)","Quick Restart"],"gold_per_floor":[118,134,55,130,55,55,55,55,55,73,73,84,84,100,100,197,197,214,214,139,139,151,151,51,77,77,77,93,104,133,143,143,143,143],"floor_reached":33,"language":"ENG","playtime":1462,"items_purged":["Strike_B","Strike_B"],"score":358,"play_id":"b181e54e-9623-4213-b241-e1a892163624","local_time":"20210223204543","is_ascension_mode":true,"campfire_choices":[{"data":"Zap","floor":6.0,"key":"SMITH"},{"data":"Dualcast","floor":8.0,"key":"SMITH"},{"data":"Electrodynamics","floor":11.0,"key":"SMITH"},{"floor":15.0,"key":"REST"},{"floor":23.0,"key":"REST"},{"floor":27,"key":"REST"},{"floor":32,"key":"REST"}],"circlet_count":0,"master_deck":["Strike_B","Defend_B","Defend_B","Defend_B","Defend_B","Zap+1","Dualcast+1","Electrodynamics+1","Genetic Algorithm","Defragment","Reboot","Machine Learning","Defragment","Darkness+1","Buffer"],"relics":["Cracked Core","Kunai","Velvet Choker","Omamori","InkBottle","Anchor","Shuriken"],"acts_visited":["Exordium","TheCity"],"potions_floor_usage":[30],"damage_taken":[{"damage":1.0,"enemies":"Cultist","floor":1.0,"turns":3.0},{"damage":5.0,"enemies":"2 Louse","floor":2.0,"turns":2.0},{"damage":2.0,"enemies":"Jaw Worm","floor":10.0,"turns":3.0},{"damage":0.0,"enemies":"3 Louse","floor":12.0,"turns":2.0},{"damage":13.0,"enemies":"Large Slime","floor":14.0,"turns":3.0},{"damage":38.0,"enemies":"Hexaghost","floor":16.0,"turns":10.0},{"damage":22.0,"enemies":"Spheric Guardian","floor":18.0,"turns":4.0},{"damage":12.0,"enemies":"2 Thieves","floor":22.0,"turns":2.0},{"damage":20,"enemies":"Gremlin Leader","floor":25,"turns":6},{"damage":2,"enemies":"Chosen and Byrds","floor":28,"turns":3},{"damage":9,"enemies":"Centurion and Healer","floor":29,"turns":5},{"damage":14,"enemies":"Slavers","floor":30,"turns":2},{"damage":11,"enemies":"Shelled Parasite and Fungi","floor":31,"turns":5},{"damage":37,"enemies":"Champ","floor":33,"turns":6}],"seed_played":"-5491629077987294105","potions_obtained":[{"floor":10.0,"key":"Fire Potion"},{"floor":14.0,"key":"DistilledChaos"},{"floor":16.0,"key":"FearPotion"},{"floor":18.0,"key":"GamblersBrew"},{"floor":28,"key":"EntropicBrew"},{"floor":30,"key":"Swift Potion"},{"floor":31,"key":"FocusPotion"}],"is_trial":false,"path_per_floor":["M","M","$","?","$","R","?","R","T","M","R","M","?","M","R","B",null,"M","?","?","?","M","R","$","E","T","R","M","M","E","M","R","B"],"character_chosen":"DEFECT","items_purchased":["Defragment"],"campfire_rested":4,"item_purchase_floors":[3],"current_hp_per_floor":[49,44,44,33,33,33,38,38,38,36,36,36,36,23,47,9,62,40,25,25,25,13,38,38,18,18,43,41,32,18,7,32,0,0],"gold":143,"neow_bonus":"THREE_RARE_CARDS","is_daily":false,"chose_seed":false,"campfire_upgraded":3,"win_rate":0.0,"timestamp":1614073543,"path_taken":["M","M","?","?","$","R","?","R","T","M","R","?","?","M","R","BOSS","M","?","?","?","M","R","$","E","T","R","?","M","E","M","R","BOSS"],"items_purchased_type":["Card"],"build_version":"2020-12-22","purchased_purges":2,"victory":false,"max_hp_per_floor":[75,75,75,75,75,75,80,80,80,80,80,80,80,80,80,80,80,80,85,85,85,85,85,85,85,85,85,85,85,85,85,85,85,85],"card_choices":[{"not_picked":["Biased Cognition","Multi-Cast"],"picked":"Electrodynamics","floor":0.0},{"not_picked":["Turbo","Compile Driver"],"picked":"Genetic Algorithm","floor":1.0},{"not_picked":["Ball Lightning","Barrage","Go for the Eyes"],"picked":"SKIP","floor":2.0},{"not_picked":["Compile Driver","Leap","Sweeping Beam"],"picked":"SKIP","floor":10.0},{"not_picked":["Stack","Go for the Eyes"],"picked":"Reboot","floor":12.0},{"not_picked":["Tempest","Streamline","Recycle"],"picked":"SKIP","floor":14.0},{"not_picked":["Fission","Core Surge"],"picked":"Machine Learning","floor":16.0},{"not_picked":["Ball Lightning","Barrage"],"picked":"Defragment","floor":18.0},{"not_picked":["Leap","Cold Snap+1","Ball Lightning"],"picked":"SKIP","floor":22.0},{"not_picked":["Steam Power","Cold Snap","Fusion"],"picked":"SKIP","floor":25},{"not_picked":["Chaos","Gash","Aggregate"],"picked":"SKIP","floor":28},{"not_picked":["Undo","Sweeping Beam"],"picked":"Darkness+1","floor":29},{"not_picked":["White Noise+1","Lockon"],"picked":"Buffer","floor":30},{"not_picked":["Chaos","Leap","Steam"],"picked":"SKIP","floor":31},{"not_picked":["Chaos","Leap","Steam"],"picked":"SKIP","floor":31}],"player_experience":407594,"relics_obtained":[{"floor":9.0,"key":"Kunai"},{"floor":25,"key":"InkBottle"},{"floor":26,"key":"Anchor"},{"floor":30,"key":"Shuriken"}],"event_choices":[{"damage_healed":0.0,"max_hp_gain":0.0,"max_hp_loss":0.0,"gold_gain":75.0,"event_name":"World of Goop","player_choice":"Gather Gold","floor":4.0,"gold_loss":0.0,"damage_taken":11.0},{"damage_healed":0.0,"max_hp_gain":5.0,"max_hp_loss":0.0,"gold_gain":0.0,"event_name":"Big Fish","player_choice":"Donut","floor":7.0,"gold_loss":0.0,"damage_taken":0.0},{"damage_healed":0.0,"max_hp_gain":0.0,"max_hp_loss":0.0,"gold_gain":0.0,"event_name":"Dead Adventurer","player_choice":"Searched \u00271\u0027 times","floor":13.0,"gold_loss":0.0,"damage_taken":0.0},{"damage_healed":0.0,"max_hp_gain":5.0,"max_hp_loss":0.0,"gold_gain":0.0,"event_name":"Forgotten Altar","player_choice":"Shed Blood","floor":19.0,"gold_loss":0.0,"damage_taken":20.0},{"cards_removed":["Strike_B"],"damage_healed":0.0,"max_hp_gain":0.0,"max_hp_loss":0.0,"gold_gain":0.0,"event_name":"Beggar","player_choice":"Gave Gold","floor":20.0,"gold_loss":75.0,"damage_taken":0.0},{"damage_healed":0.0,"max_hp_gain":0.0,"max_hp_loss":0.0,"gold_gain":0.0,"event_name":"The Mausoleum","player_choice":"Opened","floor":21.0,"gold_loss":0.0,"damage_taken":0.0,"relics_obtained":["Omamori"]}],"is_beta":false,"boss_relics":[{"not_picked":["Runic Dome","SlaversCollar"],"picked":"Velvet Choker"}],"items_purged_floors":[5,24],"is_endless":false,"potions_floor_spawned":[10,14,16,18,28,30,31],"killed_by":"Champ","ascension_level":6}}