{"host":"eglukmwb6rueyn6u","time":1614089246,"event":{"mods":["AchievementEnabler","BaseMod","Colored Powertips","Highlight Path","Minty Spire (QoL Compilation)"],"gold_per_floor":[115,135,135,152,152,152,177,22,22,50,50,69,104,114,114,219,219,230,249,264,26,26,59,59,158,183,206,206,231,248,264,264,360,410,430,441,441,458,53,53,78,88,88,119,31,31,31],"floor_reached":46,"language":"ENG","playtime":17051,"items_purged":["Eruption","Indignation"],"score":625,"play_id":"949113d0-ee22-4ff1-9775-bdc648918cac","local_time":"20210223160726","is_ascension_mode":false,"campfire_choices":[{"data":"Vigilance","floor":6.0,"key":"SMITH"},{"data":"Crescendo","floor":11.0,"key":"SMITH"},{"data":"1","floor":15.0,"key":"LIFT"},{"data":"2","floor":28.0,"key":"LIFT"},{"data":"3","floor":32.0,"key":"LIFT"},{"floor":40.0,"key":"RECALL"}],"circlet_count":0,"master_deck":["Strike_P+1","Strike_P+1","Strike_P+1","Strike_P+1","Defend_P+1","Defend_P+1","Defend_P+1","Defend_P+1","Eruption+1","Vigilance+1","CrushJoints+1","FearNoEvil","EmptyBody","Indignation","Crescendo+1","FollowUp","Sanctity","ClearTheMind","DeusExMachina","InnerPeace+1","Conclude+1","EmptyMind","LikeWater","Consecrate","MentalFortress+1","FollowUp+1","ClearTheMind","Pray+1","Devotion+1","Prostrate+1","Wallop+1","Adaptation+1","Consecrate+1","ClearTheMind+1","Tantrum"],"relics":["PureWater","Darkstone Periapt","Anchor","Whetstone","Odd Mushroom","Girya","VioletLotus","Pen Nib","Frozen Egg 2","Boot","Vajra","Strawberry","Tiny House","Bottled Tornado","Regal Pillow","MawBank"],"acts_visited":["Exordium","TheCity","TheBeyond"],"potions_floor_usage":[44,44],"damage_taken":[{"damage":2.0,"enemies":"Small Slimes","floor":1.0,"turns":5.0},{"damage":2.0,"enemies":"Jaw Worm","floor":2.0,"turns":4.0},{"damage":1.0,"enemies":"2 Louse","floor":4.0,"turns":5.0},{"damage":1.0,"enemies":"Lagavulin","floor":7.0,"turns":4.0},{"damage":5.0,"enemies":"The Mushroom Lair","floor":10.0,"turns":4.0},{"damage":0.0,"enemies":"Looter","floor":12.0,"turns":1.0},{"damage":0.0,"enemies":"Gremlin Nob","floor":13.0,"turns":2.0},{"damage":0.0,"enemies":"Exordium Thugs","floor":14.0,"turns":3.0},{"damage":45.0,"enemies":"Hexaghost","floor":16.0,"turns":8.0},{"damage":12.0,"enemies":"Shell Parasite","floor":18.0,"turns":5.0},{"damage":5.0,"enemies":"2 Thieves","floor":19.0,"turns":3.0},{"damage":5.0,"enemies":"Snecko","floor":20.0,"turns":4.0},{"damage":13.0,"enemies":"Book of Stabbing","floor":23.0,"turns":4.0},{"damage":0.0,"enemies":"Slavers","floor":29.0,"turns":2.0},{"damage":6.0,"enemies":"Shelled Parasite and Fungi","floor":30.0,"turns":3.0},{"damage":0.0,"enemies":"Snake Plant","floor":31.0,"turns":3.0},{"damage":22.0,"enemies":"Collector","floor":33.0,"turns":6.0},{"damage":0.0,"enemies":"3 Shapes","floor":35.0,"turns":2.0},{"damage":0.0,"enemies":"Orb Walker","floor":36.0,"turns":2.0},{"damage":15.0,"enemies":"Jaw Worm Horde","floor":38.0,"turns":5.0},{"damage":40.0,"enemies":"Nemesis","floor":41.0,"turns":5.0},{"damage":0.0,"enemies":"Writhing Mass","floor":42.0,"turns":4.0},{"damage":18,"enemies":"Maw","floor":44,"turns":6},{"damage":27,"enemies":"Spire Growth","floor":46,"turns":2}],"seed_played":"-5488918495518705165","potions_obtained":[{"floor":0.0,"key":"Explosive Potion"},{"floor":0.0,"key":"EntropicBrew"},{"floor":0.0,"key":"BlessingOfTheForge"},{"floor":2.0,"key":"BottledMiracle"},{"floor":20.0,"key":"AttackPotion"},{"floor":30.0,"key":"Dexterity Potion"},{"floor":31.0,"key":"CultistPotion"},{"floor":33.0,"key":"Energy Potion"},{"floor":34.0,"key":"DuplicationPotion"},{"floor":41.0,"key":"SkillPotion"},{"floor":42.0,"key":"PowerPotion"},{"floor":44,"key":"Strength Potion"}],"is_trial":false,"path_per_floor":["M","M","?","M","?","R","E","$","T","?","R","M","E","M","R","B",null,"M","M","M","$","?","E","?","?","T","T","R","E","M","M","R","B",null,"M","M","?","M","$","R","E","M","T","M","$","M"],"character_chosen":"WATCHER","items_purchased":["Anchor","Pen Nib","LikeWater","Consecrate","Adaptation+1","Bottled Tornado"],"campfire_rested":0,"item_purchase_floors":[8,21,21,21,39,39],"current_hp_per_floor":[70,68,68,67,72,72,71,71,71,66,66,66,66,66,66,21,77,65,60,55,55,55,42,42,42,42,42,42,49,43,43,43,21,89,89,89,89,74,74,74,34,34,34,16,16,0,0],"gold":31,"neow_bonus":"THREE_SMALL_POTIONS","is_daily":false,"chose_seed":false,"campfire_upgraded":2,"win_rate":0.0,"timestamp":1614089246,"path_taken":["M","M","?","M","?","R","E","$","T","?","R","M","E","?","R","BOSS","M","M","M","$","?","E","?","?","T","?","R","E","?","M","R","BOSS","M","M","?","M","$","R","E","M","T","?","$","M"],"items_purchased_type":["Relic","Relic","Card","Card","Card","Relic"],"build_version":"2020-12-22","purchased_purges":2,"victory":false,"max_hp_per_floor":[72,72,72,72,77,77,77,77,77,77,77,77,77,77,77,77,77,77,77,77,77,77,77,77,77,77,77,77,84,84,84,84,84,89,89,89,89,89,89,89,89,89,89,89,89,89,89],"card_choices":[{"not_picked":["SignatureMove","FlurryOfBlows"],"picked":"CrushJoints","floor":1.0},{"not_picked":["SashWhip","ReachHeaven"],"picked":"FearNoEvil","floor":2.0},{"not_picked":["PathToVictory","Fasting2"],"picked":"EmptyBody","floor":4.0},{"not_picked":["SandsOfTime","EmptyMind"],"picked":"Indignation","floor":7.0},{"not_picked":["Evaluate","Fasting2"],"picked":"Crescendo","floor":10.0},{"not_picked":["CarveReality","Brilliance"],"picked":"FollowUp","floor":12.0},{"not_picked":["CrushJoints","Brilliance"],"picked":"Sanctity","floor":13.0},{"not_picked":["Perseverance","CarveReality"],"picked":"ClearTheMind","floor":14.0},{"not_picked":["DevaForm","Alpha"],"picked":"DeusExMachina","floor":16.0},{"not_picked":["DeceiveReality+1","SashWhip"],"picked":"InnerPeace","floor":18.0},{"not_picked":["Evaluate","EmptyBody"],"picked":"Conclude+1","floor":19.0},{"not_picked":["FlurryOfBlows","PathToVictory+1"],"picked":"EmptyMind","floor":20.0},{"not_picked":["FlyingSleeves","Evaluate"],"picked":"MentalFortress+1","floor":23.0},{"not_picked":["Consecrate","Halt"],"picked":"FollowUp+1","floor":29.0},{"not_picked":["Evaluate","Perseverance"],"picked":"ClearTheMind","floor":30.0},{"not_picked":["EmptyFist","CrushJoints+1"],"picked":"Pray+1","floor":31.0},{"not_picked":["Omniscience","MasterReality+1"],"picked":"Devotion+1","floor":33.0},{"not_picked":["ClearTheMind","ThirdEye"],"picked":"Prostrate+1","floor":34.0},{"not_picked":["Worship+1","EmptyBody","EmptyMind+1"],"picked":"SKIP","floor":35.0},{"not_picked":["WindmillStrike+1","EmptyBody"],"picked":"Wallop+1","floor":36.0},{"not_picked":["Prostrate","Consecrate","CarveReality"],"picked":"SKIP","floor":38.0},{"not_picked":["Evaluate","Ragnarok"],"picked":"Consecrate+1","floor":41.0},{"not_picked":["Protect","CrushJoints"],"picked":"ClearTheMind+1","floor":42.0},{"not_picked":["WheelKick+1","Fasting2+1"],"picked":"Tantrum","floor":44}],"player_experience":159629,"relics_obtained":[{"floor":7.0,"key":"Darkstone Periapt"},{"floor":9.0,"key":"Whetstone"},{"floor":10.0,"key":"Odd Mushroom"},{"floor":13.0,"key":"Girya"},{"floor":23.0,"key":"Boot"},{"floor":27.0,"key":"Vajra"},{"floor":29.0,"key":"Strawberry"},{"floor":41.0,"key":"Regal Pillow"},{"floor":43.0,"key":"MawBank"}],"event_choices":[{"damage_healed":0.0,"max_hp_gain":0.0,"max_hp_loss":0.0,"gold_gain":0.0,"event_name":"Living Wall","player_choice":"Grow","floor":3.0,"gold_loss":0.0,"damage_taken":0.0,"cards_upgraded":["Eruption"]},{"damage_healed":0.0,"max_hp_gain":5.0,"max_hp_loss":0.0,"gold_gain":0.0,"event_name":"Big Fish","player_choice":"Donut","floor":5.0,"gold_loss":0.0,"damage_taken":0.0},{"damage_healed":0.0,"max_hp_gain":0.0,"max_hp_loss":0.0,"gold_gain":0.0,"event_name":"Mushrooms","player_choice":"Fought Mushrooms","floor":10.0,"gold_loss":0.0,"damage_taken":0.0},{"damage_healed":0.0,"max_hp_gain":0.0,"max_hp_loss":0.0,"gold_gain":0.0,"event_name":"The Mausoleum","player_choice":"Opened","floor":22.0,"gold_loss":0.0,"damage_taken":0.0,"relics_obtained":["Frozen Egg 2"]},{"damage_healed":0.0,"max_hp_gain":0.0,"max_hp_loss":0.0,"gold_gain":0.0,"event_name":"Back to Basics","player_choice":"Simplicity","floor":24.0,"gold_loss":0.0,"damage_taken":0.0,"cards_upgraded":["Strike_P","Strike_P","Strike_P","Defend_P","Defend_P","Defend_P","Defend_P"]},{"damage_healed":0.0,"max_hp_gain":0.0,"max_hp_loss":0.0,"gold_gain":99.0,"event_name":"Nest","player_choice":"Stole From Cult","floor":25.0,"gold_loss":0.0,"damage_taken":0.0},{"damage_healed":0.0,"max_hp_gain":0.0,"max_hp_loss":0.0,"gold_gain":0.0,"event_name":"Match and Keep!","player_choice":"2 cards matched","floor":37.0,"gold_loss":0.0,"damage_taken":0.0,"cards_obtained":["Indignation","Eruption"]}],"is_beta":false,"boss_relics":[{"not_picked":["SlaversCollar","Snecko Eye"],"picked":"VioletLotus"},{"not_picked":["Fusion Hammer","Runic Dome"],"picked":"Tiny House"}],"items_purged_floors":[39,45],"is_endless":false,"potions_floor_spawned":[2,4,13,14,16,18,20,30,31,33,38,41,42,44],"killed_by":"Spire Growth","ascension_level":0}}