{"host":"lzlnscgb2n0l5w2m","time":1614098446,"event":{"mods":["AchievementEnabler","Act Like it!","BaseMod","Block Reminder","Colored Map","Colored Powertips","Highlight Path","Minty Spire (QoL Compilation)","Permanent Neow","Relic Stats","StSLib"],"gold_per_floor":[118,118,138,148,76,107,107,132,132,152,327,327,343,35,35,139,139,153,169,186,186,186,186,215,140,140,155,155,70,70,81,81,185,185,196,215,265,315,334,334,77,77,101,168,185,235,285,351,351,351,351],"floor_reached":50,"language":"ZHT","playtime":2958,"items_purged":["Doubt","Strike_R"],"score":721,"play_id":"b3053fd3-19b2-4b5a-a2e1-a64e39fa0608","local_time":"20210224004046","is_ascension_mode":true,"campfire_choices":[{"data":"Armaments","floor":7.0,"key":"SMITH"},{"data":"Armaments","floor":12.0,"key":"SMITH"},{"data":"Offering","floor":15.0,"key":"SMITH"},{"floor":23.0,"key":"REST"},{"floor":32.0,"key":"REST"},{"floor":40.0,"key":"RECALL"},{"floor":42.0,"key":"REST"},{"floor":49.0,"key":"REST"}],"circlet_count":0,"master_deck":["Strike_R","Strike_R","Defend_R","Defend_R","Defend_R","Defend_R","Bash","Armaments+1","Pommel Strike","Armaments+1","Bludgeon","Spot Weakness","Battle Trance","Shockwave","Warcry","Offering+1","Demon Form","Heavy Blade","Rage+1","Entrench+1","J.A.X.","Seeing Red+1","Flame Barrier+1","Exhume","CurseOfTheBell","Armaments+1","Pommel Strike","Battle Trance+1","Flame Barrier+1","Offering+1","Enlightenment+1","Body Slam"],"relics":["Sozu","Mummified Hand","Ice Cream","Thread and Needle","Oddly Smooth Stone","Fusion Hammer","Bird Faced Urn","Girya","Bronze Scales","SsserpentHead","Calling Bell","Vajra","Toxic Egg 2","Charon\u0027s Ashes","Boot"],"acts_visited":["Exordium","TheCity","TheBeyond"],"potions_floor_usage":[],"damage_taken":[{"damage":4.0,"enemies":"Jaw Worm","floor":1.0,"turns":3.0},{"damage":0.0,"enemies":"Small Slimes","floor":3.0,"turns":3.0},{"damage":0.0,"enemies":"2 Louse","floor":4.0,"turns":3.0},{"damage":5.0,"enemies":"3 Sentries","floor":6.0,"turns":5.0},{"damage":13.0,"enemies":"Gremlin Nob","floor":8.0,"turns":3.0},{"damage":0.0,"enemies":"Exordium Wildlife","floor":10.0,"turns":3.0},{"damage":0.0,"enemies":"Blue Slaver","floor":13.0,"turns":3.0},{"damage":26.0,"enemies":"Hexaghost","floor":16.0,"turns":8.0},{"damage":10.0,"enemies":"Spheric Guardian","floor":18.0,"turns":4.0},{"damage":6.0,"enemies":"2 Thieves","floor":19.0,"turns":3.0},{"damage":25.0,"enemies":"Centurion and Healer","floor":20.0,"turns":3.0},{"damage":19.0,"enemies":"Book of Stabbing","floor":24.0,"turns":4.0},{"damage":9.0,"enemies":"Snake Plant","floor":27.0,"turns":3.0},{"damage":9.0,"enemies":"Sentry and Sphere","floor":31.0,"turns":4.0},{"damage":24.0,"enemies":"Champ","floor":33.0,"turns":7.0},{"damage":0.0,"enemies":"Orb Walker","floor":35.0,"turns":4.0},{"damage":17.0,"enemies":"3 Darklings","floor":36.0,"turns":6.0},{"damage":17.0,"enemies":"4 Shapes","floor":39.0,"turns":5.0},{"damage":19.0,"enemies":"Jaw Worm Horde","floor":44.0,"turns":7.0},{"damage":12.0,"enemies":"Sphere and 2 Shapes","floor":45.0,"turns":5.0},{"damage":9.0,"enemies":"3 Darklings","floor":48.0,"turns":4.0},{"damage":67,"enemies":"Awakened One","floor":50,"turns":6}],"seed_played":"3629348386128420065","potions_obtained":[],"is_trial":false,"path_per_floor":["M","?","M","M","$","E","R","E","T","M","?","R","M","$","R","B",null,"M","M","M","?","?","R","E","?","T","M","?","?","?","M","R","B",null,"M","M","?","?","M","R","$","R","T","M","M","?","?","M","R","B"],"character_chosen":"IRONCLAD","items_purchased":["Bludgeon","Offering","Oddly Smooth Stone","Battle Trance+1","Flame Barrier+1"],"campfire_rested":4,"item_purchase_floors":[5,14,14,41,41],"current_hp_per_floor":[68,73,73,73,73,68,68,55,55,55,55,55,55,55,55,29,71,61,55,30,30,30,55,36,36,36,27,27,27,27,20,45,23,70,72,55,55,55,40,40,40,65,65,46,36,36,36,29,54,0,0],"gold":351,"neow_bonus":"BOSS_RELIC","is_daily":false,"chose_seed":false,"campfire_upgraded":3,"win_rate":0.0,"timestamp":1614098446,"path_taken":["M","?","M","M","$","E","R","E","T","M","?","R","M","$","R","BOSS","M","M","M","?","?","R","E","?","T","?","?","?","?","M","R","BOSS","M","M","?","?","M","R","$","R","T","?","M","?","?","?","R","BOSS"],"items_purchased_type":["Card","Card","Relic","Card","Card"],"build_version":"2020-12-22","purchased_purges":2,"victory":false,"max_hp_per_floor":[80,85,85,85,85,85,85,85,85,85,85,85,85,85,85,85,85,85,85,85,85,85,85,85,85,85,85,85,85,85,85,85,85,85,85,85,85,85,85,85,85,85,85,85,85,85,85,85,85,85,85],"relic_stats":{"Sozu":12,"SsserpentHead":300,"counters":[22,96],"Mummified Hand":[11],"Bird Faced Urn":[14],"Bronze Scales":[112],"Charon\u0027s Ashes":[185],"Boot":[1],"obtain_stats":[{"Ice Cream":8,"Girya":28,"Oddly Smooth Stone":14,"Vajra":34,"Thread and Needle":9,"Charon\u0027s Ashes":34,"Boot":43,"Burning Blood":0,"Sozu":0,"Calling Bell":34,"SsserpentHead":30,"Mummified Hand":6,"Bird Faced Urn":24,"Bronze Scales":29,"Fusion Hammer":17,"Toxic Egg 2":34},{"Ice Cream":5,"Girya":13,"Oddly Smooth Stone":7,"Vajra":15,"Thread and Needle":5,"Charon\u0027s Ashes":15,"Boot":18,"Burning Blood":0,"Sozu":0,"Calling Bell":15,"SsserpentHead":13,"Mummified Hand":4,"Bird Faced Urn":12,"Bronze Scales":13,"Fusion Hammer":8,"Toxic Egg 2":15},{"Ice Cream":17,"Girya":48,"Oddly Smooth Stone":23,"Vajra":59,"Thread and Needle":17,"Charon\u0027s Ashes":59,"Boot":74,"Burning Blood":0,"Sozu":0,"Calling Bell":59,"SsserpentHead":48,"Mummified Hand":14,"Bird Faced Urn":45,"Bronze Scales":48,"Fusion Hammer":31,"Toxic Egg 2":59}]},"card_choices":[{"not_picked":["Rupture","Body Slam"],"picked":"Armaments","floor":1.0},{"not_picked":["Thunderclap","Blood for Blood"],"picked":"Pommel Strike","floor":3.0},{"not_picked":["Wild Strike","Anger"],"picked":"Armaments","floor":4.0},{"not_picked":["Evolve","Clash"],"picked":"Spot Weakness","floor":6.0},{"not_picked":["Seeing Red","Feel No Pain"],"picked":"Battle Trance","floor":8.0},{"not_picked":["Feed","Reckless Charge"],"picked":"Shockwave","floor":10.0},{"not_picked":["Twin Strike","True Grit"],"picked":"Warcry","floor":13.0},{"not_picked":["Corruption","Impervious"],"picked":"Demon Form","floor":16.0},{"not_picked":["Hemokinesis","Wild Strike"],"picked":"Heavy Blade","floor":18.0},{"not_picked":["Metallicize","Heavy Blade"],"picked":"Rage+1","floor":19.0},{"not_picked":["Power Through","Cleave"],"picked":"Entrench+1","floor":20.0},{"not_picked":["Anger+1","Power Through"],"picked":"Pommel Strike","floor":24.0},{"not_picked":["Wild Strike+1","Power Through+1"],"picked":"Seeing Red+1","floor":27.0},{"not_picked":["Thunderclap","Headbutt"],"picked":"Flame Barrier+1","floor":31.0},{"not_picked":["Fiend Fire","Demon Form"],"picked":"Exhume","floor":33.0},{"not_picked":["Reckless Charge","Headbutt+1"],"picked":"Armaments+1","floor":35.0},{"not_picked":["Blood for Blood+1","Heavy Blade+1"],"picked":"Pommel Strike","floor":36.0},{"not_picked":["Clothesline+1","Body Slam","True Grit+1"],"picked":"SKIP","floor":39.0},{"not_picked":["Havoc+1","Pommel Strike"],"picked":"Offering+1","floor":44.0},{"not_picked":["Evolve+1","Shrug It Off+1","Dual Wield+1"],"picked":"SKIP","floor":45.0},{"not_picked":["The Bomb+1","Chrysalis+1"],"picked":"Enlightenment+1","floor":47.0},{"not_picked":["Evolve+1","Anger+1"],"picked":"Body Slam","floor":48.0}],"player_experience":295963,"relics_obtained":[{"floor":6.0,"key":"Mummified Hand"},{"floor":8.0,"key":"Ice Cream"},{"floor":9.0,"key":"Thread and Needle"},{"floor":24.0,"key":"Bird Faced Urn"},{"floor":34.0,"key":"Vajra"},{"floor":34.0,"key":"Toxic Egg 2"},{"floor":34.0,"key":"Charon\u0027s Ashes"},{"floor":43.0,"key":"Boot"}],"event_choices":[{"damage_healed":0.0,"max_hp_gain":5.0,"max_hp_loss":0.0,"gold_gain":0.0,"event_name":"Big Fish","player_choice":"Donut","floor":2.0,"gold_loss":0.0,"damage_taken":0.0},{"damage_healed":0.0,"max_hp_gain":0.0,"max_hp_loss":0.0,"gold_gain":175.0,"event_name":"Liars Game","player_choice":"AGREE","floor":11.0,"gold_loss":0.0,"damage_taken":0.0,"cards_obtained":["Doubt"]},{"damage_healed":0.0,"max_hp_gain":0.0,"max_hp_loss":0.0,"gold_gain":0.0,"event_name":"Drug Dealer","player_choice":"Obtain J.A.X.","floor":21.0,"gold_loss":0.0,"damage_taken":0.0,"cards_obtained":["J.A.X."]},{"cards_removed":["Strike_R"],"damage_healed":0.0,"max_hp_gain":0.0,"max_hp_loss":0.0,"gold_gain":0.0,"event_name":"Back to Basics","player_choice":"Elegance","floor":22.0,"gold_loss":0.0,"damage_taken":0.0},{"cards_removed":["Strike_R"],"damage_healed":0.0,"max_hp_gain":0.0,"max_hp_loss":0.0,"gold_gain":0.0,"event_name":"Beggar","player_choice":"Gave Gold","floor":25.0,"gold_loss":75.0,"damage_taken":0.0},{"damage_healed":0.0,"max_hp_gain":0.0,"max_hp_loss":0.0,"gold_gain":0.0,"event_name":"The Mausoleum","player_choice":"Opened","floor":28.0,"gold_loss":0.0,"damage_taken":0.0,"relics_obtained":["Girya"]},{"damage_healed":0.0,"max_hp_gain":0.0,"max_hp_loss":0.0,"gold_gain":0.0,"event_name":"Addict","player_choice":"Obtained Relic","floor":29.0,"gold_loss":85.0,"damage_taken":0.0,"relics_obtained":["Bronze Scales"]},{"damage_healed":0.0,"max_hp_gain":0.0,"max_hp_loss":0.0,"gold_gain":0.0,"event_name":"FaceTrader","player_choice":"Trade","floor":30.0,"gold_loss":0.0,"damage_taken":0.0,"relics_obtained":["SsserpentHead"]},{"cards_removed":["Pommel Strike"],"damage_healed":0.0,"max_hp_gain":0.0,"max_hp_loss":0.0,"gold_gain":0.0,"event_name":"Falling","player_choice":"Removed Attack","floor":37.0,"gold_loss":0.0,"damage_taken":0.0},{"damage_healed":0.0,"max_hp_gain":0.0,"max_hp_loss":0.0,"gold_gain":0.0,"event_name":"Lab","player_choice":"Got Potions","floor":38.0,"gold_loss":0.0,"damage_taken":0.0},{"damage_healed":0.0,"max_hp_gain":0.0,"max_hp_loss":0.0,"gold_gain":0.0,"event_name":"Mysterious Sphere","player_choice":"Ignored","floor":46.0,"gold_loss":0.0,"damage_taken":0.0},{"damage_healed":0.0,"max_hp_gain":0.0,"max_hp_loss":0.0,"gold_gain":0.0,"event_name":"SensoryStone","player_choice":"Memory 1","floor":47.0,"gold_loss":0.0,"damage_taken":0.0}],"is_beta":false,"boss_relics":[{"not_picked":["Runic Cube","Velvet Choker"],"picked":"Fusion Hammer"},{"not_picked":["Empty Cage","Cursed Key"],"picked":"Calling Bell"}],"items_purged_floors":[14,41],"is_endless":false,"potions_floor_spawned":[1,6,16,18,27,31,33,35,48],"killed_by":"Awakened One","ascension_level":7}}