{"host":"dowi7cgbhepuzvpj","time":1614061121,"event":{"mods":["AchievementEnabler","BaseMod","Colored Map","Keyboard Shortcuts","Minty Spire (QoL Compilation)","Permanent Neow","Quick Restart","StSLib","SuperFastMode"],"gold_per_floor":[360,68,118,133,145,145,473,488,567,567,581,581,596,613,613,692,692,712,712,712,722,722,722,740,740,792,792,792,260,280,205,205,279,279,295,345,362,372,112,112,0,0,23,23,57,102,102,112,112,112,112,112,112,31,66,66],"floor_reached":57,"language":"KOR","playtime":1822,"items_purged":["Strike_R","Rupture"],"score":2585,"play_id":"24082096-09ec-4343-bdf2-4dc5a86604b4","local_time":"20210223151841","is_ascension_mode":true,"campfire_choices":[{"data":"Apotheosis","floor":6.0,"key":"SMITH"},{"data":"Flame Barrier","floor":10.0,"key":"SMITH"},{"floor":12.0,"key":"REST"},{"floor":15.0,"key":"REST"},{"data":"Strike_R","floor":23.0,"key":"PURGE"},{"data":"Strike_R","floor":25.0,"key":"PURGE"},{"data":"Headbutt","floor":27.0,"key":"PURGE"},{"data":"Strike_R","floor":32.0,"key":"PURGE"},{"data":"Defend_R","floor":40.0,"key":"PURGE"},{"data":"Defend_R","floor":42.0,"key":"PURGE"},{"data":"Clumsy","floor":44.0,"key":"PURGE"},{"data":"Bash","floor":49.0,"key":"PURGE"},{"floor":53.0,"key":"DIG"}],"circlet_count":0,"master_deck":["AscendersBane","Defend_R","Defend_R","Flame Barrier+1","Apotheosis+1","Offering","Shrug It Off","Reaper","Pommel Strike","Shrug It Off","Uppercut","Limit Break","Limit Break","Flex+1","Dropkick+1","True Grit","Pummel","Secret Weapon","Flex","Battle Trance"],"relics":["Burning Blood","Old Coin","Bottled Lightning","Peace Pipe","Sozu","Bronze Scales","MutagenicStrength","Pen Nib","Cursed Key","Oddly Smooth Stone","Red Mask","Toy Ornithopter","Juzu Bracelet","Shovel","Shuriken","Red Skull"],"acts_visited":["Exordium","TheCity","TheBeyond","TheBeyond","TheEnding"],"potions_floor_usage":[56],"damage_taken":[{"damage":2.0,"enemies":"2 Louse","floor":1.0,"turns":3.0},{"damage":6.0,"enemies":"Cultist","floor":4.0,"turns":4.0},{"damage":4.0,"enemies":"Jaw Worm","floor":5.0,"turns":5.0},{"damage":35.0,"enemies":"Lagavulin","floor":7.0,"turns":5.0},{"damage":19.0,"enemies":"Exordium Thugs","floor":8.0,"turns":6.0},{"damage":0.0,"enemies":"2 Fungi Beasts","floor":11.0,"turns":3.0},{"damage":13.0,"enemies":"3 Louse","floor":13.0,"turns":5.0},{"damage":21.0,"enemies":"Gremlin Gang","floor":14.0,"turns":5.0},{"damage":42.0,"enemies":"The Guardian","floor":16.0,"turns":11.0},{"damage":22.0,"enemies":"Spheric Guardian","floor":18.0,"turns":7.0},{"damage":32.0,"enemies":"Chosen","floor":21.0,"turns":6.0},{"damage":8.0,"enemies":"Centurion and Healer","floor":24.0,"turns":6.0},{"damage":34.0,"enemies":"Shelled Parasite and Fungi","floor":30.0,"turns":4.0},{"damage":17.0,"enemies":"Collector","floor":33.0,"turns":3.0},{"damage":0.0,"enemies":"Orb Walker","floor":35.0,"turns":3.0},{"damage":21.0,"enemies":"3 Darklings","floor":37.0,"turns":3.0},{"damage":19.0,"enemies":"Transient","floor":38.0,"turns":6.0},{"damage":12.0,"enemies":"Reptomancer","floor":45.0,"turns":3.0},{"damage":29.0,"enemies":"2 Orb Walkers","floor":46.0,"turns":4.0},{"damage":23.0,"enemies":"Jaw Worm Horde","floor":48.0,"turns":3.0},{"damage":51.0,"enemies":"Awakened One","floor":50.0,"turns":7.0},{"damage":36.0,"enemies":"Time Eater","floor":51.0,"turns":7.0},{"damage":60.0,"enemies":"Shield and Spear","floor":55.0,"turns":6.0},{"damage":93,"enemies":"The Heart","floor":56,"turns":5}],"seed_played":"8753214272598648400","potions_obtained":[{"floor":4.0,"key":"LiquidBronze"},{"floor":5.0,"key":"SmokeBomb"},{"floor":18.0,"key":"BloodPotion"}],"is_trial":false,"path_per_floor":["M","$","?","M","M","R","E","M","T","R","M","R","M","M","R","B",null,"M","?","?","M","?","R","M","R","T","R","?","$","M","?","R","B",null,"M","?","M","M","$","R","?","R","T","R","E","?","$","M","R","B","B",null,"R","$","E","B",null],"character_chosen":"IRONCLAD","items_purchased":["Apotheosis","Offering","True Grit","Pummel","Secret Weapon","Pen Nib","Oddly Smooth Stone","Battle Trance"],"campfire_rested":2,"item_purchase_floors":[2,2,29,29,29,29,39,54],"current_hp_per_floor":[68,68,62,62,64,64,35,34,34,34,40,60,63,57,68,42,62,46,46,46,20,20,20,27,27,27,27,27,27,57,57,57,63,68,68,68,68,68,68,68,68,68,68,68,68,45,45,68,68,56,62,67,67,67,68,50],"gold":66,"neow_bonus":"TWO_FIFTY_GOLD","is_daily":false,"chose_seed":false,"campfire_upgraded":2,"win_rate":0.0,"timestamp":1614061121,"path_taken":["M","$","?","M","M","R","E","M","T","R","?","R","M","M","R","BOSS","M","?","?","?","?","R","M","R","T","R","?","$","M","?","R","BOSS","M","?","M","?","$","R","?","R","T","R","E","?","$","M","R","BOSS","BOSS","R","$","E","BOSS"],"items_purchased_type":["Card","Card","Card","Card","Card","Relic","Relic","Card"],"build_version":"2020-12-22","purchased_purges":2,"victory":true,"max_hp_per_floor":[68,68,68,68,68,68,68,68,68,68,68,68,68,68,68,68,68,68,68,68,68,68,68,68,68,68,68,68,68,68,68,68,68,68,68,68,68,68,68,68,68,68,68,68,68,68,68,68,68,68,68,68,68,68,68,68],"card_choices":[{"not_picked":["Thunderclap","True Grit"],"picked":"Flame Barrier","floor":1.0},{"not_picked":["Iron Wave","Pommel Strike"],"picked":"Shrug It Off","floor":4.0},{"not_picked":["Combust","Heavy Blade","Rampage"],"picked":"SKIP","floor":5.0},{"not_picked":["Havoc","Combust"],"picked":"Reaper","floor":7.0},{"not_picked":["Iron Wave","Heavy Blade"],"picked":"Pommel Strike","floor":8.0},{"not_picked":["Body Slam","Rage"],"picked":"Shrug It Off","floor":11.0},{"not_picked":["Perfected Strike","Armaments"],"picked":"Uppercut","floor":13.0},{"not_picked":["Hemokinesis","Shockwave"],"picked":"Rupture","floor":14.0},{"not_picked":["Double Tap","Impervious"],"picked":"Limit Break","floor":16.0},{"not_picked":["Battle Trance+1","Dropkick"],"picked":"Headbutt","floor":18.0},{"not_picked":["Cleave+1","Anger"],"picked":"Flex+1","floor":21.0},{"not_picked":["Wild Strike","Shrug It Off"],"picked":"Dropkick+1","floor":24.0},{"not_picked":["Sentinel","Shrug It Off"],"picked":"Flex","floor":30.0},{"not_picked":["Whirlwind","Fire Breathing","Shrug It Off"],"picked":"SKIP","floor":35.0},{"not_picked":["Metallicize","Sentinel","Headbutt"],"picked":"SKIP","floor":37.0},{"not_picked":["Rage","Seeing Red","Body Slam"],"picked":"SKIP","floor":38.0},{"not_picked":["Clash","Demon Form","Brutality"],"picked":"SKIP","floor":45.0},{"not_picked":["Warcry","True Grit","Shrug It Off+1"],"picked":"SKIP","floor":48.0},{"not_picked":["Inflame","Sentinel","Rampage+1"],"picked":"SKIP","floor":55.0},{"not_picked":["Inflame","Sentinel","Rampage+1"],"picked":"SKIP","floor":55.0}],"player_experience":894700,"relics_obtained":[{"floor":7.0,"key":"Old Coin"},{"floor":9.0,"key":"Bottled Lightning"},{"floor":26.0,"key":"Bronze Scales"},{"floor":43.0,"key":"Toy Ornithopter"},{"floor":45.0,"key":"Juzu Bracelet"},{"floor":46.0,"key":"Shovel"},{"floor":53.0,"key":"Shuriken"},{"floor":55.0,"key":"Red Skull"}],"event_choices":[{"damage_healed":0.0,"max_hp_gain":0.0,"max_hp_loss":0.0,"gold_gain":50.0,"event_name":"FaceTrader","player_choice":"Touch","floor":3.0,"gold_loss":0.0,"damage_taken":6.0},{"damage_healed":0.0,"max_hp_gain":0.0,"max_hp_loss":0.0,"gold_gain":0.0,"event_name":"Ghosts","player_choice":"Ignored","floor":19.0,"gold_loss":0.0,"damage_taken":0.0},{"damage_healed":0.0,"max_hp_gain":0.0,"max_hp_loss":0.0,"gold_gain":0.0,"event_name":"Duplicator","player_choice":"Copied","floor":20.0,"gold_loss":0.0,"damage_taken":0.0,"cards_obtained":["Limit Break"]},{"damage_healed":0.0,"max_hp_gain":0.0,"max_hp_loss":0.0,"gold_gain":0.0,"event_name":"Cursed Tome","player_choice":"Ignored","floor":22.0,"gold_loss":0.0,"damage_taken":0.0},{"damage_healed":0.0,"max_hp_gain":0.0,"max_hp_loss":0.0,"gold_gain":0.0,"event_name":"Drug Dealer","player_choice":"Inject Mutagens","floor":28.0,"gold_loss":0.0,"damage_taken":0.0,"relics_obtained":["MutagenicStrength"]},{"cards_removed":["Strike_R"],"damage_healed":0.0,"max_hp_gain":0.0,"max_hp_loss":0.0,"gold_gain":0.0,"event_name":"Beggar","player_choice":"Gave Gold","floor":31.0,"gold_loss":75.0,"damage_taken":0.0},{"damage_healed":0.0,"max_hp_gain":0.0,"max_hp_loss":0.0,"gold_gain":50.0,"event_name":"Golden Shrine","player_choice":"Pray","floor":36.0,"gold_loss":0.0,"damage_taken":0.0},{"damage_healed":0.0,"max_hp_gain":0.0,"max_hp_loss":0.0,"gold_gain":0.0,"event_name":"Tomb of Lord Red Mask","player_choice":"Paid","floor":41.0,"gold_loss":112.0,"damage_taken":0.0,"relics_obtained":["Red Mask"]},{"damage_healed":0.0,"max_hp_gain":0.0,"max_hp_loss":0.0,"gold_gain":0.0,"event_name":"Mysterious Sphere","player_choice":"Fight","floor":46.0,"gold_loss":0.0,"damage_taken":0.0}],"is_beta":false,"boss_relics":[{"not_picked":["SacredBark","Tiny House"],"picked":"Runic Pyramid"},{"not_picked":["Mark of Pain","Runic Cube"],"picked":"Cursed Key"}],"items_purged_floors":[29,39],"is_endless":false,"potions_floor_spawned":[4,5,7,16,18,33,45,46],"ascension_level":20}}