{"host":"ya062ahhhuj9au1o","time":1614043627,"event":{"mods":["BaseMod","Better Third Choice","Downfall","Filter the Spire","Hermit","Minty Spire (QoL Compilation)","Random Character Button","Robot Space Explorer","Somnambulant","StSLib","The Bug Knight","The Cursed","The Marked","The Servant 0.9.4"],"gold_per_floor":[115,190,210,210,227,227,261,279,333,333,333,345,378,390,390,493,493,508,520,539,308,318,318,333,343,394,394,413,413,413,424,424,523,523,536,536,536,536,536,536,546,546,546,576,593,593,607,157,157,157],"floor_reached":51,"language":"ENG","playtime":2697,"items_purged":["hermit:Magnum+1","hermit:Headshot"],"score":1017,"play_id":"0545cd80-6930-465d-9913-b685670b157d","local_time":"20210222202707","is_ascension_mode":true,"campfire_choices":[{"floor":6.0,"key":"REST"},{"data":"hermit:CalledShot","floor":11.0,"key":"SMITH"},{"floor":15.0,"key":"REST"},{"floor":23.0,"key":"REST"},{"floor":30,"key":"REST"},{"floor":32,"key":"REST"},{"floor":40,"key":"REST"},{"floor":42,"key":"REST"},{"data":"hermit:TakeAim","floor":49,"key":"SMITH"}],"circlet_count":0,"master_deck":["hermit:Snapshot","hermit:Covet+1","hermit:GoldenBullet","hermit:FatalDesire","hermit:TakeAim+1","hermit:Horror+1","hermit:WideOpen","hermit:CalledShot+1","hermit:Quickdraw","hermit:GoldenBullet+1","hermit:CalledShot+1","hermit:Desperado","Insight+1","Flash of Steel","hermit:Deadeye","Finesse"],"relics":["Pandora\u0027s Box","InkBottle","Bag of Marbles","Art of War","Astrolabe","War Paint","Bag of Preparation","SlaversCollar","Gremlin Horn","Eternal Feather","Boot","Ornamental Fan"],"acts_visited":["Exordium","TheCity","TheBeyond"],"potions_floor_usage":[33,33,33,44],"damage_taken":[{"damage":18.0,"enemies":"Small Slimes","floor":1.0,"turns":3.0},{"damage":12.0,"enemies":"Jaw Worm","floor":3.0,"turns":2.0},{"damage":6.0,"enemies":"Cultist","floor":5.0,"turns":3.0},{"damage":0.0,"enemies":"Lagavulin","floor":7.0,"turns":4.0},{"damage":9.0,"enemies":"Blue Slaver","floor":8.0,"turns":2.0},{"damage":8.0,"enemies":"Looter","floor":12.0,"turns":2.0},{"damage":17.0,"enemies":"3 Sentries","floor":13.0,"turns":4.0},{"damage":0.0,"enemies":"3 Louse","floor":14.0,"turns":1.0},{"damage":32.0,"enemies":"Hexaghost","floor":16.0,"turns":4.0},{"damage":8.0,"enemies":"Chosen","floor":18.0,"turns":3.0},{"damage":9.0,"enemies":"Shell Parasite","floor":19.0,"turns":2.0},{"damage":18.0,"enemies":"Snake Plant","floor":20.0,"turns":2.0},{"damage":19.0,"enemies":"Centurion and Healer","floor":22.0,"turns":2.0},{"damage":18.0,"enemies":"Snecko","floor":24.0,"turns":3.0},{"damage":0.0,"enemies":"Snake Plant","floor":25.0,"turns":1.0},{"damage":0,"enemies":"Centurion and Healer","floor":28,"turns":2},{"damage":0,"enemies":"Cultist and Chosen","floor":31,"turns":2},{"damage":38,"enemies":"Collector","floor":33,"turns":4},{"damage":18,"enemies":"3 Darklings","floor":35,"turns":2},{"damage":16,"enemies":"3 Shapes","floor":41,"turns":1},{"damage":49,"enemies":"Nemesis","floor":44,"turns":3},{"damage":9,"enemies":"3 Darklings","floor":45,"turns":2},{"damage":5,"enemies":"Maw","floor":47,"turns":4},{"damage":29,"enemies":"Awakened One","floor":50,"turns":4}],"seed_played":"-8816316669638922339","potions_obtained":[{"floor":3.0,"key":"hermit:Tonic"},{"floor":5.0,"key":"Strength Potion"},{"floor":8.0,"key":"DistilledChaos"},{"floor":16.0,"key":"SkillPotion"},{"floor":20.0,"key":"GamblersBrew"},{"floor":22.0,"key":"hermit:Tonic"},{"floor":25.0,"key":"hermit:Tonic"},{"floor":31,"key":"hermit:Tonic"},{"floor":35,"key":"SpeedPotion"},{"floor":41,"key":"Regen Potion"},{"floor":45,"key":"SpeedPotion"}],"is_trial":false,"path_per_floor":["M","?","M","?","M","R","E","M","T","?","R","M","E","M","R","B",null,"M","M","M","$","M","R","M","M","T","?","M","?","R","M","R","B",null,"M","?","?","?","?","R","M","R","T","E","M","?","M","$","R","B",null],"character_chosen":"HERMIT","items_purchased":["War Paint","Ornamental Fan","Finesse"],"campfire_rested":7,"item_purchase_floors":[21,48,48],"current_hp_per_floor":[50,39,27,27,21,43,43,34,34,59,59,51,34,34,56,24,62,54,45,27,27,8,30,12,12,12,12,12,12,34,34,56,18,61,43,33,33,33,33,54,38,59,59,19,10,62,57,57,62,33],"gold":157,"neow_bonus":"BOSS_RELIC","is_daily":false,"chose_seed":false,"campfire_upgraded":2,"win_rate":0.0,"timestamp":1614043627,"path_taken":["M","?","M","?","M","R","E","?","T","?","R","M","E","M","R","BOSS","M","M","M","$","M","R","M","M","T","?","M","?","R","M","R","BOSS","M","?","?","?","?","R","M","R","T","E","?","?","M","?","R","BOSS"],"items_purchased_type":["Relic","Relic","Card"],"build_version":"2020-12-22","purchased_purges":2,"victory":true,"max_hp_per_floor":[75,75,75,75,75,75,75,75,75,75,75,75,75,75,75,75,75,75,75,75,75,75,75,75,75,75,75,75,75,75,75,75,75,75,75,75,75,71,71,71,71,71,71,71,71,62,62,62,62,62],"card_choices":[{"not_picked":["hermit:Grudge","hermit:Brawl"],"picked":"hermit:WideOpen","floor":1.0},{"not_picked":["hermit:HighCaliber","hermit:BodyArmor","hermit:Manifest"],"picked":"SKIP","floor":3.0},{"not_picked":["hermit:NoHoldsBarred","hermit:Misfire"],"picked":"hermit:CalledShot","floor":5.0},{"not_picked":["hermit:NoHoldsBarred","hermit:Snipe"],"picked":"hermit:Quickdraw","floor":7.0},{"not_picked":["hermit:Misfire","hermit:Snipe"],"picked":"hermit:Horror","floor":8.0},{"not_picked":["hermit:Showdown","hermit:Vantage","hermit:Misfire"],"picked":"SKIP","floor":12.0},{"not_picked":["hermit:GhostlyPresence","hermit:Snipe","hermit:Roulette"],"picked":"SKIP","floor":13.0},{"not_picked":["hermit:ItchyTrigger","hermit:BodyArmor","hermit:Spite"],"picked":"SKIP","floor":14.0},{"not_picked":["hermit:Cheat","hermit:Headshot","hermit:LowProfile"],"picked":"SKIP","floor":18.0},{"not_picked":["hermit:Headshot+1","hermit:Midnight+1","hermit:BodyArmor"],"picked":"SKIP","floor":19.0},{"not_picked":["hermit:TrackingShot","hermit:Snipe"],"picked":"hermit:Desperado","floor":20.0},{"not_picked":["hermit:Showdown","hermit:GoldenBullet","hermit:Coalescence+1"],"picked":"SKIP","floor":22.0},{"not_picked":["hermit:Desperado+1","hermit:BigShot+1","hermit:SprayPray"],"picked":"SKIP","floor":24.0},{"not_picked":["hermit:Showdown+1","hermit:TakeCover","hermit:Desperado"],"picked":"SKIP","floor":25.0},{"not_picked":["hermit:ItchyTrigger+1","hermit:EyeOfTheStorm","hermit:Showdown"],"picked":"SKIP","floor":28},{"not_picked":["hermit:OverwhelmingPower","hermit:TakeAim","hermit:Coalescence+1"],"picked":"SKIP","floor":31},{"not_picked":["hermit:PistolWhip+1","hermit:GhostlyPresence","hermit:TakeAim+1"],"picked":"SKIP","floor":35},{"not_picked":["Violence","Metamorphosis"],"picked":"Flash of Steel","floor":36},{"not_picked":["hermit:Quickdraw+1","hermit:LowProfile+1","hermit:TrackingShot"],"picked":"SKIP","floor":41},{"not_picked":["hermit:Misfire","hermit:Malice+1"],"picked":"hermit:Deadeye","floor":44},{"not_picked":["hermit:Desperado","hermit:Gestalt","hermit:Headshot+1"],"picked":"SKIP","floor":45},{"not_picked":["hermit:ItchyTrigger+1","hermit:Desperado+1","hermit:HoleUp"],"picked":"SKIP","floor":47}],"player_experience":1832362,"relics_obtained":[{"floor":7.0,"key":"InkBottle"},{"floor":9.0,"key":"Bag of Marbles"},{"floor":13.0,"key":"Art of War"},{"floor":26.0,"key":"Bag of Preparation"},{"floor":43,"key":"Eternal Feather"},{"floor":44,"key":"Boot"}],"event_choices":[{"damage_healed":0.0,"max_hp_gain":0.0,"max_hp_loss":0.0,"gold_gain":75.0,"event_name":"betterThird:BetterGoop","player_choice":"Gold","floor":2.0,"gold_loss":0.0,"damage_taken":11.0},{"cards_removed":["hermit:Showdown"],"damage_healed":0.0,"max_hp_gain":0.0,"max_hp_loss":0.0,"gold_gain":0.0,"event_name":"Purifier","player_choice":"Purged","floor":4.0,"gold_loss":0.0,"damage_taken":0.0},{"damage_healed":25.0,"max_hp_gain":0.0,"max_hp_loss":0.0,"gold_gain":0.0,"event_name":"Big Fish","player_choice":"Banana","floor":10.0,"gold_loss":0.0,"damage_taken":0.0},{"damage_healed":0,"gold_gain":0,"player_choice":"Ignored","damage_taken":0,"max_hp_gain":0,"max_hp_loss":0,"event_name":"The Mausoleum","floor":27,"gold_loss":0},{"damage_healed":0,"gold_gain":0,"player_choice":"Insight","damage_taken":1,"max_hp_gain":0,"max_hp_loss":0,"event_name":"betterThird:BetterWriting","floor":29,"gold_loss":0,"cards_obtained":["Insight"]},{"damage_healed":0,"gold_gain":0,"player_choice":"Memory 3","damage_taken":10,"max_hp_gain":0,"max_hp_loss":0,"event_name":"SensoryStone","floor":36,"gold_loss":0},{"damage_healed":0,"gold_gain":0,"player_choice":"Ignored","damage_taken":0,"max_hp_gain":0,"max_hp_loss":0,"event_name":"Tomb of Lord Red Mask","floor":37,"gold_loss":0},{"damage_healed":0,"gold_gain":0,"player_choice":"Max HP","damage_taken":0,"max_hp_gain":0,"max_hp_loss":4,"event_name":"Winding Halls","floor":38,"gold_loss":0},{"damage_healed":0,"gold_gain":0,"player_choice":"Gave Potion","damage_taken":0,"relics_obtained":["Gremlin Horn"],"max_hp_gain":0,"max_hp_loss":0,"event_name":"WeMeetAgain","floor":39,"gold_loss":0},{"damage_healed":62,"gold_gain":0,"player_choice":"Heal","damage_taken":0,"max_hp_gain":0,"max_hp_loss":9,"event_name":"The Moai Head","floor":46,"gold_loss":0}],"is_beta":false,"boss_relics":[{"not_picked":["Velvet Choker","hermit:DentedPlate"],"picked":"Astrolabe"},{"not_picked":["Fusion Hammer","bronze:MakeshiftBattery"],"picked":"SlaversCollar"}],"items_purged_floors":[21,48],"is_endless":false,"potions_floor_spawned":[3,5,8,16,20,22,25,31,35,41,45],"ascension_level":8}}