{"host":"ztme5fio60r7om62","time":1614088906,"event":{"mods":["BaseMod","Colored Map","Highlight Path","Minty Spire (QoL Compilation)","Permanent Neow","everything is the same but u backflip on backflip"],"gold_per_floor":[113,126,126,137,137,137,165,165,165,195,207,225,243,268,268,363,363,373,373,72,86,101,101,121,146,173,204,216,230,240,10,10,115,115,134,134,94,109,9,43,43,56,82,102,134,151,151,201,201,201,201,201,55,83,83,83],"floor_reached":55,"language":"KOR","playtime":2306,"items_purged":["Strike_R","Strike_R"],"score":791,"play_id":"9410f3b3-55c9-4d5e-971c-5b6979c68ffa","local_time":"20210223230146","is_ascension_mode":false,"campfire_choices":[{"data":"Flex","floor":6.0,"key":"SMITH"},{"floor":8.0,"key":"REST"},{"floor":15.0,"key":"RECALL"},{"data":"Panacea","floor":23.0,"key":"SMITH"},{"floor":32.0,"key":"REST"},{"data":"Exhume","floor":41.0,"key":"SMITH"},{"data":"Pummel","floor":49,"key":"SMITH"},{"data":"Battle Trance","floor":52,"key":"SMITH"}],"circlet_count":0,"master_deck":["Strike_R","Strike_R","Strike_R","Defend_R+1","Defend_R","Defend_R+1","Bash","Demon Form+1","Flex+1","Twin Strike","Cleave","Panacea+1","Burning Pact","Cleave","Pummel+1","Shrug It Off","Clash","Flex+1","Double Tap","Battle Trance+1","Reaper+1","Inflame","Thunderclap","Seeing Red+1","Disarm+1","Exhume+1","Flex+1","Flex+1","Shrug It Off+1","Pummel+1","Flex+1"],"relics":["Black Blood","Bottled Flame","Happy Flower","Anchor","Boot","Black Star","Brimstone","Pen Nib","Juzu Bracelet","Prayer Wheel","Orichalcum","Sundial","Regal Pillow","Darkstone Periapt","Bag of Marbles","Omamori","Centennial Puzzle","Bag of Preparation","MealTicket","Incense Burner","ClockworkSouvenir","Toy Ornithopter","Vajra"],"acts_visited":["Exordium","TheCity","TheBeyond","TheEnding"],"potions_floor_usage":[45,48,55,55],"damage_taken":[{"damage":0.0,"enemies":"2 Louse","floor":1.0,"turns":3.0},{"damage":11.0,"enemies":"Jaw Worm","floor":2.0,"turns":5.0},{"damage":6.0,"enemies":"Cultist","floor":4.0,"turns":3.0},{"damage":24.0,"enemies":"Gremlin Nob","floor":7.0,"turns":4.0},{"damage":20.0,"enemies":"3 Sentries","floor":10.0,"turns":5.0},{"damage":0.0,"enemies":"Gremlin Gang","floor":11.0,"turns":2.0},{"damage":0.0,"enemies":"Blue Slaver","floor":12.0,"turns":2.0},{"damage":0.0,"enemies":"Exordium Thugs","floor":13.0,"turns":4.0},{"damage":0.0,"enemies":"Gremlin Nob","floor":14.0,"turns":3.0},{"damage":16.0,"enemies":"Slime Boss","floor":16.0,"turns":7.0},{"damage":22.0,"enemies":"2 Thieves","floor":18.0,"turns":4.0},{"damage":0.0,"enemies":"Spheric Guardian","floor":21.0,"turns":1.0},{"damage":3.0,"enemies":"Cultist and Chosen","floor":22.0,"turns":4.0},{"damage":19.0,"enemies":"Centurion and Healer","floor":24.0,"turns":4.0},{"damage":25.0,"enemies":"Gremlin Leader","floor":25.0,"turns":5.0},{"damage":50.0,"enemies":"Slavers","floor":27.0,"turns":4.0},{"damage":7.0,"enemies":"Sentry and Sphere","floor":28.0,"turns":3.0},{"damage":21.0,"enemies":"Snake Plant","floor":29.0,"turns":3.0},{"damage":11.0,"enemies":"Snecko","floor":30.0,"turns":3.0},{"damage":40.0,"enemies":"Collector","floor":33.0,"turns":7.0},{"damage":0.0,"enemies":"Orb Walker","floor":35.0,"turns":2.0},{"damage":9.0,"enemies":"3 Darklings","floor":38.0,"turns":3.0},{"damage":25.0,"enemies":"Giant Head","floor":40.0,"turns":5.0},{"damage":49.0,"enemies":"Maw","floor":42.0,"turns":6.0},{"damage":10.0,"enemies":"Sphere and 2 Shapes","floor":44.0,"turns":4.0},{"damage":85,"enemies":"Reptomancer","floor":45,"turns":4},{"damage":0,"enemies":"Transient","floor":46,"turns":5},{"damage":0,"enemies":"Mind Bloom Boss Battle","floor":48,"turns":2},{"damage":121,"enemies":"Awakened One","floor":50,"turns":11},{"damage":21,"enemies":"Shield and Spear","floor":54,"turns":4},{"damage":82,"enemies":"The Heart","floor":55,"turns":6}],"seed_played":"9189182689493819206","potions_obtained":[{"floor":1.0,"key":"EssenceOfSteel"},{"floor":10.0,"key":"Strength Potion"},{"floor":11.0,"key":"Dexterity Potion"},{"floor":12.0,"key":"BloodPotion"},{"floor":14.0,"key":"Dexterity Potion"},{"floor":16.0,"key":"CultistPotion"},{"floor":18.0,"key":"Block Potion"},{"floor":24.0,"key":"Explosive Potion"},{"floor":27.0,"key":"LiquidBronze"},{"floor":33.0,"key":"SkillPotion"},{"floor":35.0,"key":"BloodPotion"},{"floor":42.0,"key":"SkillPotion"},{"floor":45,"key":"CultistPotion"},{"floor":46,"key":"Fire Potion"}],"is_trial":false,"path_per_floor":["M","M","?","M","?","R","E","R","T","E","M","M","M","E","R","B",null,"M","?","$","M","M","R","M","E","T","E","M","M","M","$","R","B",null,"M","?","?","M","$","E","R","M","T","M","E","M","T","?","R","B",null,"R","$","E","B"],"character_chosen":"IRONCLAD","items_purchased":["Brimstone","Pen Nib","Regal Pillow","ClockworkSouvenir"],"campfire_rested":2,"item_purchase_floors":[20,20,31,53],"current_hp_per_floor":[80,75,59,59,59,59,41,65,65,51,57,63,69,75,75,65,80,80,80,80,80,80,80,67,68,68,27,40,29,24,24,63,46,80,80,80,80,80,80,80,80,70,70,72,15,79,79,80,80,17,80,80,80,71,0,0],"gold":83,"neow_bonus":"ONE_RANDOM_RARE_CARD","is_daily":false,"chose_seed":false,"campfire_upgraded":5,"win_rate":0.0,"timestamp":1614088906,"path_taken":["M","M","?","M","?","R","E","R","T","E","?","M","?","E","R","BOSS","M","?","$","M","M","R","M","E","T","E","M","M","M","?","R","BOSS","M","?","?","M","?","E","R","M","T","M","E","M","?","?","R","BOSS","R","$","E","BOSS"],"items_purchased_type":["Relic","Relic","Relic","Relic"],"build_version":"2020-12-22","purchased_purges":2,"victory":false,"max_hp_per_floor":[80,80,80,80,80,80,80,80,80,80,80,80,80,80,80,80,80,80,80,80,80,80,80,80,80,80,80,80,80,80,80,80,80,80,80,80,80,80,80,80,80,80,80,80,80,80,80,80,80,80,80,80,80,80,80,80],"card_choices":[{"not_picked":["Entrench","Perfected Strike"],"picked":"Flex","floor":1.0},{"not_picked":["Armaments","Dropkick"],"picked":"Twin Strike","floor":2.0},{"not_picked":["Flex","Entrench"],"picked":"Cleave","floor":4.0},{"not_picked":["Cleave","Uppercut"],"picked":"Pummel","floor":7.0},{"not_picked":["Combust","Clothesline"],"picked":"Shrug It Off","floor":10.0},{"not_picked":["Bloodletting","Shrug It Off"],"picked":"Clash","floor":11.0},{"not_picked":["Clothesline","Sword Boomerang"],"picked":"Flex","floor":12.0},{"not_picked":["Warcry","True Grit"],"picked":"Double Tap","floor":13.0},{"not_picked":["Exhume","Power Through"],"picked":"Battle Trance","floor":14.0},{"not_picked":["Impervious","Feed"],"picked":"Reaper","floor":16.0},{"not_picked":["Ghostly Armor","Pommel Strike","Power Through"],"picked":"SKIP","floor":18.0},{"not_picked":["Whirlwind+1","Power Through"],"picked":"Inflame","floor":21.0},{"not_picked":["Sever Soul","Havoc","Heavy Blade"],"picked":"SKIP","floor":22.0},{"not_picked":["Wild Strike","Spot Weakness","Sword Boomerang"],"picked":"SKIP","floor":24.0},{"not_picked":["Infernal Blade","Fiend Fire","Feel No Pain"],"picked":"SKIP","floor":25.0},{"not_picked":["Body Slam","Searing Blow","Evolve+1"],"picked":"SKIP","floor":27.0},{"not_picked":["Sever Soul","Pommel Strike+1"],"picked":"Thunderclap","floor":28.0},{"not_picked":["Inflame","Clash","Flex"],"picked":"SKIP","floor":28.0},{"not_picked":["Clothesline","Heavy Blade+1"],"picked":"Seeing Red+1","floor":29.0},{"not_picked":["Second Wind+1","Havoc","Armaments"],"picked":"SKIP","floor":29.0},{"not_picked":["Battle Trance+1","Clothesline+1"],"picked":"Disarm+1","floor":30.0},{"not_picked":["Hemokinesis","Heavy Blade","Wild Strike"],"picked":"SKIP","floor":30.0},{"not_picked":["Demon Form","Juggernaut"],"picked":"Exhume","floor":33.0},{"not_picked":["Spot Weakness+1","Pommel Strike+1"],"picked":"Flex+1","floor":35.0},{"not_picked":["Body Slam+1","Dark Embrace","Armaments"],"picked":"SKIP","floor":35.0},{"not_picked":["Armaments+1","Iron Wave"],"picked":"Flex+1","floor":38.0},{"not_picked":["Uppercut","Reckless Charge","Seeing Red"],"picked":"SKIP","floor":38.0},{"not_picked":["Impervious","Clothesline"],"picked":"Shrug It Off+1","floor":40.0},{"not_picked":["True Grit","Thunderclap"],"picked":"Pummel+1","floor":42.0},{"not_picked":["Wild Strike","Sever Soul","Disarm"],"picked":"SKIP","floor":42.0},{"not_picked":["Twin Strike","Pommel Strike","Shrug It Off+1"],"picked":"SKIP","floor":44.0},{"not_picked":["Body Slam+1","Battle Trance","Dropkick+1"],"picked":"SKIP","floor":44.0},{"not_picked":["Thunderclap+1","Clash"],"picked":"Flex+1","floor":45},{"not_picked":["Wild Strike","Perfected Strike","Cleave"],"picked":"SKIP","floor":46},{"not_picked":["Shrug It Off","Dark Embrace+1","Pommel Strike"],"picked":"SKIP","floor":46},{"not_picked":["Shrug It Off","Havoc","Immolate"],"picked":"SKIP","floor":54}],"player_experience":614384,"relics_obtained":[{"floor":7.0,"key":"Bottled Flame"},{"floor":9.0,"key":"Happy Flower"},{"floor":10.0,"key":"Anchor"},{"floor":14.0,"key":"Boot"},{"floor":25.0,"key":"Juzu Bracelet"},{"floor":25.0,"key":"Prayer Wheel"},{"floor":27.0,"key":"Orichalcum"},{"floor":27.0,"key":"Sundial"},{"floor":40.0,"key":"Darkstone Periapt"},{"floor":40.0,"key":"Bag of Marbles"},{"floor":43.0,"key":"Omamori"},{"floor":45,"key":"Centennial Puzzle"},{"floor":45,"key":"Bag of Preparation"},{"floor":47,"key":"MealTicket"},{"floor":48,"key":"Incense Burner"},{"floor":54,"key":"Toy Ornithopter"},{"floor":54,"key":"Vajra"}],"event_choices":[{"damage_healed":0.0,"max_hp_gain":0.0,"max_hp_loss":0.0,"gold_gain":0.0,"event_name":"Shining Light","player_choice":"Entered Light","floor":3.0,"gold_loss":0.0,"damage_taken":16.0,"cards_upgraded":["Defend_R","Defend_R"]},{"damage_healed":0.0,"max_hp_gain":0.0,"max_hp_loss":0.0,"gold_gain":0.0,"event_name":"Match and Keep!","player_choice":"3 cards matched","floor":5.0,"gold_loss":0.0,"damage_taken":0.0,"cards_obtained":["Panacea","Burning Pact","Cleave"]},{"damage_healed":0.0,"max_hp_gain":0.0,"max_hp_loss":0.0,"gold_gain":0.0,"event_name":"Upgrade Shrine","player_choice":"Upgraded","floor":19.0,"gold_loss":0.0,"damage_taken":0.0,"cards_upgraded":["Flex"]},{"cards_removed":["Defend_R"],"damage_healed":0.0,"max_hp_gain":0.0,"max_hp_loss":0.0,"gold_gain":0.0,"event_name":"Purifier","player_choice":"Purged","floor":36.0,"gold_loss":0.0,"damage_taken":0.0},{"damage_healed":0.0,"max_hp_gain":0.0,"max_hp_loss":0.0,"gold_gain":0.0,"event_name":"Designer","player_choice":"Upgraded Two","floor":37.0,"gold_loss":40.0,"damage_taken":0.0,"cards_upgraded":["Demon Form","Reaper"]},{"damage_healed":0,"gold_gain":0,"player_choice":"Fight","damage_taken":0,"max_hp_gain":0,"max_hp_loss":0,"event_name":"MindBloom","floor":48,"gold_loss":0}],"is_beta":false,"boss_relics":[{"not_picked":["Snecko Eye","Runic Cube"],"picked":"Black Star"},{"not_picked":["Runic Pyramid","Velvet Choker"],"picked":"Black Blood"}],"items_purged_floors":[31,39],"is_endless":false,"potions_floor_spawned":[1,10,11,12,14,16,18,24,27,33,35,42,45,46],"killed_by":"The Heart","ascension_level":0}}