{"host":"mp4nw1ahnxiisuiw","time":1614099189,"event":{"mods":["AchievementEnabler","BaseMod","Better Note","Block Reminder","Colored Map","Colored Powertips","Curses Come First","DeckTracker","Dio Mod","Hero for Fun","Highlight Path","Koishi","Marisa????????","Minty Spire (QoL Compilation)","Permanent Neow","Quick Restart","Rare Cards Sparkle","Relic Sorter","Relic Stats","Remilia??????","Small Relic Pack","Spikes Relics","StSLib","Td1madao Mod","The Animator","The Bug Knight","Waifu the Spire"],"gold_per_floor":[110,127,127,145,145,145,145],"floor_reached":6,"language":"ENG","playtime":147,"items_purged":[],"score":36,"play_id":"51ec7a07-4e7e-407e-9ef2-fbd09e75b31a","local_time":"20210223175309","is_ascension_mode":false,"campfire_choices":[],"circlet_count":0,"master_deck":["HollowMod:NailStrikeStart","HollowMod:NailStrikeStart","HollowMod:NailStrikeStart","HollowMod:NailStrikeStart+1","HollowMod:QuickDashStart","HollowMod:QuickDashStart","HollowMod:QuickDashStart","HollowMod:QuickDashStart+1","HollowMod:FocusHealStart","HollowMod:PogoStrike","HollowMod:CornifersMapStart","HollowMod:DescendingDark+1","HollowMod:RecoilStrike"],"relics":["HollowMod:VesselMask","NeowsBlessing"],"acts_visited":["Exordium"],"potions_floor_usage":[],"damage_taken":[{"damage":0,"enemies":"Cultist","floor":1,"turns":1},{"damage":0,"enemies":"Small Slimes","floor":2,"turns":1},{"damage":0,"enemies":"2 Louse","floor":4,"turns":1},{"damage":20,"enemies":"3 Sentries","floor":6,"turns":3}],"seed_played":"-289385541742951903","potions_obtained":[],"is_trial":false,"path_per_floor":["M","M","?","M","?","E"],"character_chosen":"THE_BUGKNIGHT","items_purchased":[],"campfire_rested":0,"item_purchase_floors":[],"current_hp_per_floor":[75,75,75,75,60,40,40],"gold":145,"neow_bonus":"THREE_ENEMY_KILL","is_daily":false,"chose_seed":false,"campfire_upgraded":0,"win_rate":0.0,"timestamp":1614099189,"path_taken":["M","?","?","M","?","E"],"items_purchased_type":[],"build_version":"2020-12-22","purchased_purges":0,"victory":false,"max_hp_per_floor":[75,75,75,75,75,75,75],"relic_stats":{"counters":[4,6],"obtain_stats":[{"NeowsBlessing":0,"HollowMod:VesselMask":0},{"NeowsBlessing":0,"HollowMod:VesselMask":0},{"NeowsBlessing":0,"HollowMod:VesselMask":0}]},"card_choices":[{"not_picked":["HollowMod:InfectedCysts","HollowMod:DashSlash"],"picked":"HollowMod:CornifersMapStart","floor":1},{"not_picked":["HollowMod:NewLittleFool","HollowMod:Grubsong"],"picked":"HollowMod:DescendingDark","floor":2},{"not_picked":["HollowMod:DesolateDive","HollowMod:BlackTendrils"],"picked":"HollowMod:RecoilStrike","floor":4}],"player_experience":108499,"relics_obtained":[],"event_choices":[{"damage_healed":0,"gold_gain":0,"player_choice":"Grow","damage_taken":0,"max_hp_gain":0,"max_hp_loss":0,"event_name":"Living Wall","floor":3,"gold_loss":0,"cards_upgraded":["HollowMod:DescendingDark"]},{"damage_healed":0,"gold_gain":0,"player_choice":"Entered Light","damage_taken":15,"max_hp_gain":0,"max_hp_loss":0,"event_name":"Shining Light","floor":5,"gold_loss":0,"cards_upgraded":["HollowMod:QuickDashStart","HollowMod:NailStrikeStart"]}],"is_beta":false,"boss_relics":[],"items_purged_floors":[],"is_endless":false,"potions_floor_spawned":[],"killed_by":"3 Sentries","ascension_level":0}}