{"host":"seujf6kmfn3ctpoe","time":1614083654,"event":{"mods":["BaseMod","Colored Map","Jedi Mod","Minty Spire (QoL Compilation)","Permanent Neow","Relic Sorter","Relic Stats","StSLib"],"gold_per_floor":[119,69,81,81,16,16,51,51,51,77,97,97,111,36,36,133,133,146,146,245,95,18,49,69,94,120,120,138,152,52,67,67,167,167,181,181,193,211,237,237,257,257,257,257,270,270,290,317,317,317],"floor_reached":51,"language":"ENG","playtime":1913,"items_purged":["Strike_B","Loop"],"score":785,"play_id":"afe11274-34d9-4999-b8c1-84e6a1474c1c","local_time":"20210223133414","is_ascension_mode":true,"campfire_choices":[{"data":"Dualcast","floor":6,"key":"SMITH"},{"data":"Ball Lightning","floor":8,"key":"SMITH"},{"data":"jedi:locknload","floor":12,"key":"SMITH"},{"data":"jedi:hex","floor":15,"key":"SMITH"},{"data":"Self Repair","floor":27,"key":"SMITH"},{"data":"jedi:reiji","floor":32,"key":"SMITH"},{"data":"Defragment","floor":40,"key":"SMITH"},{"data":"Electrodynamics","floor":42,"key":"SMITH"},{"data":"jedi:BurstFrost","floor":44,"key":"SMITH"},{"data":"Consume","floor":49,"key":"SMITH"}],"circlet_count":0,"master_deck":["Defend_B+1","Defend_B","Defend_B","Zap+1","Dualcast+1","Ball Lightning+1","Self Repair+1","Leap","jedi:locknload+1","jedi:hex+1","Electrodynamics+1","Defragment+1","Ball Lightning+1","jedi:reiji+1","jedi:BurstFrost+1","Conserve Battery+1","jedi:locknload+1","Consume+1"],"relics":["Empty Cage","War Paint","Omamori","Happy Flower","jedi:archwizardhat","SlaversCollar","DataDisk","Boot","White Beast Statue","jedi:crownofsimplicity","Cursed Key","Inserter","Nunchaku","Meat on the Bone","TungstenRod"],"acts_visited":["Exordium","TheCity","TheBeyond"],"potions_floor_usage":[33,50],"damage_taken":[{"damage":12,"enemies":"Jaw Worm","floor":1,"turns":4},{"damage":2,"enemies":"Small Slimes","floor":3,"turns":4},{"damage":24,"enemies":"Gremlin Nob","floor":7,"turns":4},{"damage":21,"enemies":"3 Sentries","floor":10,"turns":6},{"damage":0,"enemies":"Cultist","floor":11,"turns":3},{"damage":1,"enemies":"Exordium Wildlife","floor":13,"turns":3},{"damage":3,"enemies":"The Guardian","floor":16,"turns":6},{"damage":21,"enemies":"2 Thieves","floor":18,"turns":3},{"damage":40,"enemies":"Slavers","floor":23,"turns":3},{"damage":0,"enemies":"3 Byrds","floor":24,"turns":2},{"damage":16,"enemies":"Book of Stabbing","floor":25,"turns":3},{"damage":2,"enemies":"Snecko","floor":28,"turns":4},{"damage":6,"enemies":"Chosen and Byrds","floor":29,"turns":5},{"damage":7,"enemies":"Sentry and Sphere","floor":31,"turns":4},{"damage":6,"enemies":"Champ","floor":33,"turns":6},{"damage":21,"enemies":"3 Shapes","floor":35,"turns":2},{"damage":2,"enemies":"3 Darklings","floor":37,"turns":3},{"damage":15,"enemies":"Sphere and 2 Shapes","floor":38,"turns":4},{"damage":0,"enemies":"4 Shapes","floor":41,"turns":2},{"damage":16,"enemies":"Writhing Mass","floor":45,"turns":3},{"damage":0,"enemies":"3 Darklings","floor":47,"turns":3},{"damage":0,"enemies":"Reptomancer","floor":48,"turns":2},{"damage":15,"enemies":"Time Eater","floor":50,"turns":5}],"seed_played":"6149101161932426112","potions_obtained":[{"floor":3,"key":"FocusPotion"},{"floor":7,"key":"LiquidBronze"},{"floor":16,"key":"FearPotion"},{"floor":33,"key":"SmokeBomb"},{"floor":37,"key":"jedi:coolantleak"}],"is_trial":false,"path_per_floor":["M","?","M","?","?","R","E","R","T","E","M","R","M","$","R","B",null,"M","$","?","$","$","E","M","E","T","R","M","M","$","M","R","B",null,"M","?","M","M","T","R","M","R","T","R","M","?","M","E","R","B",null],"character_chosen":"DEFECT","items_purchased":["DataDisk","Defragment"],"campfire_rested":0,"item_purchase_floors":[21,22],"current_hp_per_floor":[63,63,61,61,61,61,37,37,37,23,30,30,36,36,36,40,75,61,61,61,61,61,28,35,26,26,26,34,38,38,41,41,45,75,64,57,55,50,50,50,57,57,57,57,51,51,54,54,54,39],"gold":317,"neow_bonus":"BOSS_RELIC","is_daily":false,"chose_seed":false,"campfire_upgraded":10,"win_rate":0.0,"timestamp":1614083654,"path_taken":["M","?","M","?","?","R","E","R","T","E","M","R","M","$","R","BOSS","M","?","?","?","$","E","M","E","T","R","M","M","$","M","R","BOSS","M","?","?","M","?","R","?","R","T","R","M","?","M","E","R","BOSS"],"items_purchased_type":["Relic","Card"],"build_version":"2020-12-22","purchased_purges":2,"victory":true,"max_hp_per_floor":[75,75,75,75,75,75,75,75,75,75,75,75,75,75,75,75,75,75,75,75,75,75,75,75,75,75,75,75,75,75,75,75,75,75,75,57,57,57,57,57,57,57,57,57,57,54,54,54,54,54],"relic_stats":{"Nunchaku":[0],"Inserter":[11],"Happy Flower":[24],"counters":[23,84],"War Paint":["Zap","Defend_B"],"Boot":[0],"Cursed Key":2,"obtain_stats":[{"Inserter":36,"Happy Flower":9,"Omamori":7,"jedi:command_boss":36,"jedi:crownofsimplicity":26,"War Paint":5,"jedi:archwizardhat":10,"Empty Cage":0,"Boot":23,"Cursed Key":34,"White Beast Statue":25,"SlaversCollar":17,"DataDisk":21,"Nunchaku":39,"Cracked Core":0,"TungstenRod":48,"Meat on the Bone":43},{"Inserter":16,"Happy Flower":3,"Omamori":3,"jedi:command_boss":16,"jedi:crownofsimplicity":11,"War Paint":2,"jedi:archwizardhat":4,"Empty Cage":0,"Boot":9,"Cursed Key":15,"White Beast Statue":11,"SlaversCollar":7,"DataDisk":8,"Nunchaku":18,"Cracked Core":0,"TungstenRod":22,"Meat on the Bone":19},{"Inserter":62,"Happy Flower":12,"Omamori":12,"jedi:command_boss":62,"jedi:crownofsimplicity":41,"War Paint":8,"jedi:archwizardhat":18,"Empty Cage":0,"Boot":36,"Cursed Key":60,"White Beast Statue":41,"SlaversCollar":30,"DataDisk":33,"Nunchaku":69,"Cracked Core":0,"TungstenRod":79,"Meat on the Bone":71}],"TungstenRod":1,"Meat on the Bone":0},"card_choices":[{"not_picked":["Cold Snap","Hologram"],"picked":"Loop","floor":1},{"not_picked":["Conserve Battery","Steam"],"picked":"Ball Lightning","floor":3},{"not_picked":["Barrage","jedi:overflow"],"picked":"Self Repair","floor":7},{"not_picked":["Rip and Tear","Coolheaded"],"picked":"Leap","floor":10},{"not_picked":["Genetic Algorithm","Thunder Strike"],"picked":"jedi:locknload","floor":11},{"not_picked":["Melter","Rebound"],"picked":"jedi:hex","floor":13},{"not_picked":["Fission","Rainbow"],"picked":"Electrodynamics","floor":16},{"not_picked":["Blizzard","jedi:BurstLightning","Reprogram"],"picked":"SKIP","floor":18},{"not_picked":["Turbo","Streamline"],"picked":"Ball Lightning+1","floor":23},{"not_picked":["Coolheaded","Loop"],"picked":"jedi:reiji","floor":24},{"not_picked":["Rebound","Heatsinks+1"],"picked":"jedi:BurstFrost","floor":25},{"not_picked":["Fusion+1","Gash","jedi:spotbugs"],"picked":"SKIP","floor":28},{"not_picked":["Hologram+1","Scrape"],"picked":"Conserve Battery+1","floor":29},{"not_picked":["Double Energy","Go for the Eyes+1","Cold Snap"],"picked":"SKIP","floor":31},{"not_picked":["Conserve Battery+1","Doom and Gloom","Gash+1"],"picked":"SKIP","floor":35},{"not_picked":["Sunder+1","Darkness","Beam Cell"],"picked":"SKIP","floor":37},{"not_picked":["Compile Driver","Scrape","Leap"],"picked":"SKIP","floor":38},{"not_picked":["Coolheaded+1","Melter+1","Reinforced Body+1"],"picked":"SKIP","floor":41},{"not_picked":["jedi:hex","Barrage+1"],"picked":"jedi:locknload+1","floor":45},{"not_picked":["BootSequence+1","jedi:overflow","jedi:BurstLightning+1"],"picked":"SKIP","floor":47},{"not_picked":["jedi:BurstLightning+1","Hologram+1"],"picked":"Consume","floor":48}],"player_experience":468390,"relics_obtained":[{"floor":7,"key":"Omamori"},{"floor":9,"key":"Happy Flower"},{"floor":10,"key":"jedi:archwizardhat"},{"floor":23,"key":"Boot"},{"floor":25,"key":"White Beast Statue"},{"floor":26,"key":"jedi:crownofsimplicity"},{"floor":39,"key":"Nunchaku"},{"floor":43,"key":"Meat on the Bone"},{"floor":48,"key":"TungstenRod"}],"event_choices":[{"cards_removed":["Strike_B"],"damage_healed":0,"gold_gain":0,"player_choice":"Card Removal","damage_taken":0,"max_hp_gain":0,"max_hp_loss":0,"event_name":"The Cleric","floor":2,"gold_loss":50},{"cards_removed":["Strike_B"],"damage_healed":0,"gold_gain":0,"player_choice":"Forget","damage_taken":0,"max_hp_gain":0,"max_hp_loss":0,"event_name":"Living Wall","floor":4,"gold_loss":0},{"damage_healed":0,"gold_gain":0,"player_choice":"Paid Gold","damage_taken":0,"relics_obtained":["War Paint"],"max_hp_gain":0,"max_hp_loss":0,"event_name":"WeMeetAgain","floor":5,"gold_loss":65},{"damage_healed":0,"gold_gain":99,"player_choice":"Stole From Cult","damage_taken":0,"max_hp_gain":0,"max_hp_loss":0,"event_name":"Nest","floor":20,"gold_loss":0},{"damage_healed":0,"gold_gain":0,"player_choice":"Max HP","damage_taken":0,"max_hp_gain":0,"max_hp_loss":3,"event_name":"Winding Halls","floor":46,"gold_loss":0}],"is_beta":false,"boss_relics":[{"not_picked":["Pandora\u0027s Box","Astrolabe"],"picked":"SlaversCollar"},{"not_picked":["Sozu","Snecko Eye"],"picked":"Cursed Key"}],"items_purged_floors":[14,30],"is_endless":false,"potions_floor_spawned":[3,7,16,24,25,28,29,31,33,35,37,38,41,45,47,48],"ascension_level":1}}