{"host":"nsc6ozq3atyrdr3m","time":1614111808,"event":{"mods":["BaseMod","Colored Map","Minty Spire (QoL Compilation)"],"gold_per_floor":[119,294,309,157,257,288,307,307,307,307,322,322,335,113,113,211,211,223,249,74,74,24,24,24],"floor_reached":23,"language":"FRA","playtime":387,"items_purged":["Doubt"],"score":297,"play_id":"cc66b8ed-3e09-4139-bcd5-ed4fba177962","local_time":"20210223212328","is_ascension_mode":true,"campfire_choices":[{"data":"Defragment","floor":8,"key":"SMITH"},{"data":"Sweeping Beam","floor":10,"key":"SMITH"},{"data":"Zap","floor":12,"key":"SMITH"},{"data":"Storm","floor":15,"key":"SMITH"}],"circlet_count":0,"master_deck":["Strike_B+1","Strike_B","Strike_B","Strike_B","Defend_B","Defend_B","Defend_B","Defend_B","Zap+1","Dualcast","Ball Lightning+1","Leap","Defragment+1","Sweeping Beam+1","Leap","Storm+1","Capacitor","Creative AI","Consume","Steam Power","Lockon","Loop","Heatsinks"],"relics":["Cracked Core","NeowsBlessing","Gremlin Horn","Whetstone","Orrery","Runic Pyramid","Red Mask","CultistMask"],"acts_visited":["Exordium","TheCity"],"potions_floor_usage":[16,23],"damage_taken":[{"damage":0,"enemies":"2 Louse","floor":1,"turns":1},{"damage":0,"enemies":"Jaw Worm","floor":3,"turns":1},{"damage":0,"enemies":"Lagavulin","floor":6,"turns":1},{"damage":6,"enemies":"Cultist","floor":7,"turns":3},{"damage":8,"enemies":"Blue Slaver","floor":11,"turns":3},{"damage":0,"enemies":"Large Slime","floor":13,"turns":3},{"damage":24,"enemies":"Hexaghost","floor":16,"turns":7},{"damage":5,"enemies":"Chosen","floor":18,"turns":4},{"damage":54,"enemies":"Masked Bandits","floor":19,"turns":4},{"damage":35,"enemies":"Slavers","floor":23,"turns":3}],"seed_played":"-5849489481281237848","potions_obtained":[{"floor":6,"key":"EssenceOfSteel"},{"floor":11,"key":"GamblersBrew"}],"is_trial":false,"path_per_floor":["M","?","M","$","?","E","M","R","T","R","M","R","M","$","R","B",null,"M","?","$","?","$","E"],"character_chosen":"DEFECT","items_purchased":["Defragment","Capacitor","Orrery","Heatsinks","FairyPotion","SkillPotion"],"campfire_rested":0,"item_purchase_floors":[4,14,14,20,20,22],"current_hp_per_floor":[68,68,68,68,68,68,62,62,62,62,54,54,54,54,54,30,64,59,5,5,5,5,0,0],"gold":24,"neow_bonus":"THREE_ENEMY_KILL","is_daily":false,"chose_seed":false,"campfire_upgraded":4,"win_rate":0.0,"timestamp":1614111808,"path_taken":["M","?","M","$","?","E","?","R","T","R","M","R","M","$","R","BOSS","M","?","$","?","$","E"],"items_purchased_type":["Card","Card","Relic","Card","Potion","Potion"],"build_version":"2020-12-22","purchased_purges":1,"victory":false,"max_hp_per_floor":[75,75,75,75,75,75,75,75,75,75,75,75,75,75,75,75,75,75,75,75,75,75,75,75],"card_choices":[{"not_picked":["Rebound","Hologram"],"picked":"Ball Lightning","floor":1},{"not_picked":["Streamline","Compile Driver"],"picked":"Leap","floor":3},{"not_picked":["Rebound","Stack"],"picked":"Sweeping Beam","floor":6},{"not_picked":["Coolheaded","Streamline","Rebound"],"picked":"SKIP","floor":7},{"not_picked":["Fusion","Stack"],"picked":"Leap","floor":11},{"not_picked":["Leap","Darkness"],"picked":"Storm","floor":13},{"not_picked":["Defragment","Go for the Eyes"],"picked":"Creative AI","floor":14},{"not_picked":["Turbo","Compile Driver"],"picked":"Consume","floor":14},{"not_picked":["Rebound","Redo"],"picked":"Steam Power","floor":14},{"not_picked":["Compile Driver","Hologram"],"picked":"Lockon","floor":14},{"not_picked":["Sweeping Beam+1","Coolheaded","Hologram"],"picked":"SKIP","floor":18},{"not_picked":["Scrape","Turbo"],"picked":"Loop","floor":19}],"player_experience":445445,"relics_obtained":[{"floor":6,"key":"Gremlin Horn"},{"floor":9,"key":"Whetstone"},{"floor":19,"key":"Red Mask"}],"event_choices":[{"damage_healed":0,"gold_gain":175,"player_choice":"AGREE","damage_taken":0,"max_hp_gain":0,"max_hp_loss":0,"event_name":"Liars Game","floor":2,"gold_loss":0,"cards_obtained":["Doubt"]},{"damage_healed":0,"gold_gain":100,"player_choice":"Pray","damage_taken":0,"max_hp_gain":0,"max_hp_loss":0,"event_name":"Golden Shrine","floor":5,"gold_loss":0},{"damage_healed":0,"gold_gain":0,"player_choice":"Fought Bandits","damage_taken":0,"max_hp_gain":0,"max_hp_loss":0,"event_name":"Masked Bandits","floor":19,"gold_loss":0},{"damage_healed":0,"gold_gain":0,"player_choice":"Trade","damage_taken":0,"relics_obtained":["CultistMask"],"max_hp_gain":0,"max_hp_loss":0,"event_name":"FaceTrader","floor":21,"gold_loss":0}],"is_beta":false,"boss_relics":[{"not_picked":["SlaversCollar","Snecko Eye"],"picked":"Runic Pyramid"}],"items_purged_floors":[4],"is_endless":false,"potions_floor_spawned":[6,11],"killed_by":"Slavers","ascension_level":8}}