{"host":"birdoosa9v9yfc1w","time":1614071996,"event":{"mods":["2.2 Compatiblity","BaseMod","Bossed Relics","Colored Map","Colored Powertips","Dark Map","Halation","Highlight Path","Minty Spire (QoL Compilation)","Rare Cards Sparkle","Relic Filter","SacredBarkPlus","StSLib","The Jungle","Thrall Mod"],"gold_per_floor":[112,125,125,135,145,145,176,176,176,186,213,233,33,52,52,156,156,167,167,167,185,203,203,216,247,247,282,48,48,48,79,79,79,79],"floor_reached":33,"language":"ENG","playtime":1364,"items_purged":[],"score":507,"play_id":"95a1a97c-0c89-4765-897c-0426b8ce4e90","local_time":"20210223041956","is_ascension_mode":true,"campfire_choices":[{"data":"Earthshock","floor":6,"key":"SMITH"},{"data":"Vitalitytotem","floor":8,"key":"SMITH"},{"data":"Vitalitytotem","floor":15,"key":"SMITH"},{"floor":23,"key":"REST"},{"floor":29,"key":"REST"},{"floor":32,"key":"REST"}],"circlet_count":0,"master_deck":["AscendersBane","Strike_Thrall","Strike_Thrall","Strike_Thrall","Strike_Thrall","Strike_Thrall","Defend_Thrall","Defend_Thrall","Defend_Thrall","Defend_Thrall","Defend_Thrall","Lightningbolt","Thecoin","Zap","Maelstromportal","Zap","Vitalitytotem+1","Earthshock+1","Crackle","Drakkaridefender","Jinyu","Beakeredlightning","Vitalitytotem+1","Elementaldestruction","Frostshock","Vitalitytotem","Dustdevil+1","Airelemental"],"relics":["Totem","Anchor","Regal Pillow","Question Card","Lee\u0027s Waffle","Ice Cream","halation:StarCompass","PreservedInsect","Tiny Chest","Strawberry","halation:LostSnail"],"acts_visited":["Exordium","TheCity"],"potions_floor_usage":[10,11,27,27],"damage_taken":[{"damage":11,"enemies":"Cultist","floor":1,"turns":4},{"damage":4,"enemies":"Jaw Worm","floor":2,"turns":3},{"damage":0,"enemies":"2 Louse","floor":4,"turns":1},{"damage":11,"enemies":"Looter","floor":5,"turns":3},{"damage":15,"enemies":"3 Sentries","floor":7,"turns":6},{"damage":0,"enemies":"Large Slime","floor":10,"turns":3},{"damage":5,"enemies":"Gremlin Nob","floor":11,"turns":3},{"damage":7,"enemies":"3 Louse","floor":12,"turns":4},{"damage":0,"enemies":"Gremlin Gang","floor":14,"turns":5},{"damage":82,"enemies":"The Guardian","floor":16,"turns":11},{"damage":18,"enemies":"2 Thieves","floor":18,"turns":4},{"damage":25,"enemies":"Spheric Guardian","floor":21,"turns":4},{"damage":75,"enemies":"Chosen and Byrds","floor":22,"turns":9},{"damage":0,"enemies":"Sentry and Sphere","floor":24,"turns":1},{"damage":61,"enemies":"Slavers","floor":25,"turns":5},{"damage":24,"enemies":"Book of Stabbing","floor":27,"turns":4},{"damage":74,"enemies":"Gremlin Leader","floor":31,"turns":8},{"damage":76,"enemies":"Collector","floor":33,"turns":6}],"seed_played":"6705961652916257268","potions_obtained":[{"floor":4,"key":"DuplicationPotion"},{"floor":5,"key":"Block Potion"},{"floor":14,"key":"FearPotion"},{"floor":16,"key":"Strength Potion"},{"floor":18,"key":"LiquidBronze"},{"floor":31,"key":"Energy Potion"}],"is_trial":false,"path_per_floor":["M","M","?","M","M","R","E","R","T","M","E","M","$","M","R","B",null,"M","?","?","M","M","R","M","E","T","E","$","R","$","E","R","B"],"character_chosen":"THRALL","items_purchased":["Lee\u0027s Waffle","Beakeredlightning","Strawberry","Airelemental"],"campfire_rested":3,"item_purchase_floors":[13,13,28,28],"current_hp_per_floor":[56,54,54,54,45,45,39,39,39,41,38,33,77,77,77,68,75,57,57,57,40,23,61,61,16,16,3,10,50,50,9,49,0,0],"gold":79,"neow_bonus":"ONE_RANDOM_RARE_CARD","is_daily":false,"chose_seed":false,"campfire_upgraded":3,"win_rate":0.0,"timestamp":1614071996,"path_taken":["M","M","?","M","M","R","E","R","T","M","E","?","$","M","R","BOSS","M","?","?","?","M","R","M","E","T","E","$","R","?","E","R","BOSS"],"items_purchased_type":["Relic","Card","Relic","Card"],"build_version":"2020-12-22","purchased_purges":0,"victory":false,"max_hp_per_floor":[70,70,70,70,70,70,70,70,70,70,70,70,77,77,77,77,77,77,77,77,77,77,77,77,77,77,77,84,84,84,84,84,84,84],"card_choices":[{"not_picked":["Totemicsmash","Tidalsurge"],"picked":"Zap","floor":1},{"not_picked":["Forkedlightning","Murksparkeel"],"picked":"Maelstromportal","floor":2},{"not_picked":["Forkedlightning","Spiritofthefrog"],"picked":"Vitalitytotem","floor":4},{"not_picked":["Forkedlightning","Avalanche"],"picked":"Earthshock","floor":5},{"not_picked":["Lightningbolt","Unstable"],"picked":"Crackle","floor":7},{"not_picked":["Tidalsurge","Lightningbolt"],"picked":"Drakkaridefender","floor":10},{"not_picked":["Elementaryreaction","Wartbringer","Reincarnate"],"picked":"SKIP","floor":11},{"not_picked":["Blazing","Lightningbolt","Tidalsurge"],"picked":"Jinyu","floor":12},{"not_picked":["Drakkaridefender","Manatidetotem","Totemicsmash"],"picked":"Vitalitytotem","floor":14},{"not_picked":["Hagatha","Alakir","Unstable"],"picked":"Elementaldestruction","floor":16},{"not_picked":["Tidalsurge","Rockbiter","Jadelightning+1"],"picked":"Frostshock","floor":18},{"not_picked":["Volcano","Frostshock","Elementaryreaction"],"picked":"Vitalitytotem","floor":21},{"not_picked":["Jinyu","Jadecheiftain","Earthelemental","Earthshock"],"picked":"SKIP","floor":22},{"not_picked":["Lightningstorm","Drakkaridefender","Evolve"],"picked":"Dustdevil+1","floor":24},{"not_picked":["Beakeredlightning","Earthelemental","Unstable","Crackle"],"picked":"SKIP","floor":25},{"not_picked":["Tidalsurge","Reincarnate","Earthshock+1","Lightningstorm"],"picked":"SKIP","floor":27},{"not_picked":["Ancestralknow","Zap","Rockbiter+1","Beakeredlightning"],"picked":"SKIP","floor":31}],"player_experience":662272,"relics_obtained":[{"floor":7,"key":"Anchor"},{"floor":9,"key":"Regal Pillow"},{"floor":11,"key":"Question Card"},{"floor":25,"key":"PreservedInsect"},{"floor":27,"key":"Tiny Chest"},{"floor":31,"key":"halation:LostSnail"}],"event_choices":[{"damage_healed":0,"gold_gain":0,"cards_transformed":["Hagatha"],"player_choice":"Transformed","damage_taken":0,"max_hp_gain":0,"max_hp_loss":0,"event_name":"Transmorgrifier","floor":3,"gold_loss":0,"cards_obtained":["Zap"]},{"damage_healed":0,"gold_gain":0,"player_choice":"Ignored","damage_taken":0,"max_hp_gain":0,"max_hp_loss":0,"event_name":"Ghosts","floor":19,"gold_loss":0}],"is_beta":false,"boss_relics":[{"not_picked":["Sozu","Philosopher\u0027s Stone"],"picked":"Ice Cream"}],"items_purged_floors":[],"is_endless":false,"potions_floor_spawned":[4,5,7,14,16,18,22,31],"killed_by":"Collector","ascension_level":12}}