{"host":"n3r7007bx0xr1slw","time":1614058231,"event":{"mods":["BaseMod","Colored Powertips","DeckTracker","Googly Eyes","Highlight Path","Minty Spire (QoL Compilation)","Relic Stats","StSLib"],"gold_per_floor":[112,112,112,126,137,137,168,180,204,232,241,285,469,53,62,173,173,199,208,208,307,333,375,403,412,412,6,26,26,45,45,45],"floor_reached":31,"language":"ENG","playtime":1564,"items_purged":["Doubt","Streamline"],"score":265,"play_id":"4dc00525-e436-4d66-a11a-10d8c578e4b1","local_time":"20210223003031","is_ascension_mode":false,"campfire_choices":[{"data":"Streamline","floor":6,"key":"SMITH"},{"floor":11,"key":"REST"},{"floor":15,"key":"REST"},{"floor":25,"key":"REST"},{"floor":29,"key":"REST"}],"circlet_count":0,"master_deck":["Strike_B","Strike_B","Strike_B","Strike_B","Defend_B","Defend_B","Defend_B","Zap","Dualcast","Static Discharge","Streamline+1","Cold Snap","Loop","Redo","Gash","Chill","Genetic Algorithm","Multi-Cast","Creative AI","Static Discharge+1","Ball Lightning","Double Energy","Chaos","Storm+1"],"relics":["FrozenCore","NeowsBlessing","Bag of Marbles","Dream Catcher","CeramicFish","Strawberry","TungstenRod","Unceasing Top","Mercury Hourglass","Bottled Flame","Omamori","Strange Spoon"],"acts_visited":["Exordium","TheCity"],"potions_floor_usage":[8,23,24,31],"damage_taken":[{"damage":0,"enemies":"Small Slimes","floor":1,"turns":1},{"damage":0,"enemies":"2 Louse","floor":4,"turns":1},{"damage":0,"enemies":"Cultist","floor":5,"turns":1},{"damage":14,"enemies":"Gremlin Nob","floor":7,"turns":3},{"damage":0,"enemies":"Large Slime","floor":8,"turns":2},{"damage":12,"enemies":"Blue Slaver","floor":10,"turns":2},{"damage":20,"enemies":"3 Sentries","floor":12,"turns":6},{"damage":51,"enemies":"Hexaghost","floor":16,"turns":9},{"damage":16,"enemies":"Chosen","floor":18,"turns":6},{"damage":17,"enemies":"3 Byrds","floor":22,"turns":5},{"damage":36,"enemies":"Book of Stabbing","floor":23,"turns":5},{"damage":10,"enemies":"3 Cultists","floor":24,"turns":4},{"damage":10,"enemies":"Snecko","floor":28,"turns":5},{"damage":12,"enemies":"Centurion and Healer","floor":30,"turns":5},{"damage":31,"enemies":"Gremlin Leader","floor":31,"turns":4}],"seed_played":"2149549867612380474","potions_obtained":[{"floor":1,"key":"SpeedPotion"},{"floor":7,"key":"Fire Potion"},{"floor":10,"key":"Ancient Potion"},{"floor":12,"key":"SmokeBomb"},{"floor":22,"key":"DistilledChaos"},{"floor":28,"key":"Block Potion"}],"is_trial":false,"path_per_floor":["M","?","?","M","M","R","E","M","T","M","R","E","?","$","R","B",null,"M","?","?","?","M","E","M","R","T","$","M","R","M","E"],"character_chosen":"DEFECT","items_purchased":["TungstenRod","Streamline","Omamori","Strange Spoon"],"campfire_rested":4,"item_purchase_floors":[14,14,27,27],"current_hp_per_floor":[75,72,72,72,72,72,58,58,58,46,68,55,55,55,79,28,82,66,66,66,66,49,13,3,27,27,27,17,41,29,0,0],"gold":45,"neow_bonus":"THREE_ENEMY_KILL","is_daily":false,"chose_seed":false,"campfire_upgraded":1,"win_rate":0.0,"timestamp":1614058231,"path_taken":["M","?","?","?","M","R","E","M","T","M","R","E","?","$","R","BOSS","M","?","?","?","M","E","M","R","T","$","M","R","M","E"],"items_purchased_type":["Relic","Card","Relic","Relic"],"build_version":"2020-12-22","purchased_purges":2,"victory":false,"max_hp_per_floor":[75,75,75,75,75,75,75,75,75,75,75,82,82,82,82,82,82,82,82,82,82,82,82,82,82,82,82,82,82,82,82,82],"relic_stats":{"Strange Spoon":[4],"Dream Catcher":4,"counters":[15,58],"CeramicFish":117,"obtain_stats":[{"NeowsBlessing":0,"CeramicFish":9,"Omamori":27,"FrozenCore":17,"Mercury Hourglass":23,"Strange Spoon":27,"Dream Catcher":7,"Bottled Flame":26,"Strawberry":12,"Bag of Marbles":2,"Cracked Core":0,"TungstenRod":14,"Unceasing Top":19},{"NeowsBlessing":0,"CeramicFish":5,"Omamori":12,"FrozenCore":8,"Mercury Hourglass":11,"Strange Spoon":12,"Dream Catcher":4,"Bottled Flame":12,"Strawberry":7,"Bag of Marbles":1,"Cracked Core":0,"TungstenRod":7,"Unceasing Top":9},{"NeowsBlessing":0,"CeramicFish":8,"Omamori":44,"FrozenCore":24,"Mercury Hourglass":40,"Strange Spoon":44,"Dream Catcher":6,"Bottled Flame":44,"Strawberry":16,"Bag of Marbles":1,"Cracked Core":0,"TungstenRod":16,"Unceasing Top":30}],"TungstenRod":62,"Unceasing Top":[3],"FrozenCore":[10],"Mercury Hourglass":[93]},"card_choices":[{"not_picked":["Go for the Eyes","Self Repair"],"picked":"Static Discharge","floor":1},{"not_picked":["Rebound","Self Repair"],"picked":"Streamline","floor":4},{"not_picked":["Scrape","Skim"],"picked":"Cold Snap","floor":5},{"not_picked":["Reprogram","Melter"],"picked":"Loop","floor":7},{"not_picked":["Leap","Chaos"],"picked":"Redo","floor":8},{"not_picked":["Leap","Double Energy"],"picked":"Gash","floor":10},{"not_picked":["Conserve Battery","Beam Cell"],"picked":"Chill","floor":11},{"not_picked":["Steam","Redo"],"picked":"Genetic Algorithm","floor":12},{"not_picked":["Scrape","Conserve Battery"],"picked":"Multi-Cast","floor":15},{"not_picked":["Buffer","Biased Cognition"],"picked":"Creative AI","floor":16},{"not_picked":["Redo","Reinforced Body"],"picked":"Static Discharge+1","floor":18},{"not_picked":["Rebound","Stack"],"picked":"Ball Lightning","floor":22},{"not_picked":["Sweeping Beam+1","Cold Snap"],"picked":"Double Energy","floor":23},{"not_picked":["Turbo","Rebound"],"picked":"Chaos","floor":24},{"not_picked":["Redo","Biased Cognition"],"picked":"Storm+1","floor":25},{"not_picked":["Ball Lightning","Stack","Turbo"],"picked":"SKIP","floor":28},{"not_picked":["Sweeping Beam+1","BootSequence+1","Steam+1"],"picked":"SKIP","floor":30}],"player_experience":152650,"relics_obtained":[{"floor":7,"key":"Dream Catcher"},{"floor":9,"key":"CeramicFish"},{"floor":12,"key":"Strawberry"},{"floor":23,"key":"Mercury Hourglass"},{"floor":26,"key":"Bottled Flame"}],"event_choices":[{"damage_healed":0,"gold_gain":0,"player_choice":"Success","damage_taken":3,"relics_obtained":["Bag of Marbles"],"max_hp_gain":0,"max_hp_loss":0,"event_name":"Scrap Ooze","floor":2,"gold_loss":0},{"cards_removed":["Defend_B"],"damage_healed":0,"gold_gain":0,"player_choice":"Offered Basic","damage_taken":0,"max_hp_gain":0,"max_hp_loss":0,"event_name":"Bonfire Elementals","floor":3,"gold_loss":0},{"damage_healed":0,"gold_gain":175,"player_choice":"AGREE","damage_taken":0,"max_hp_gain":0,"max_hp_loss":0,"event_name":"Liars Game","floor":13,"gold_loss":0,"cards_obtained":["Doubt"]},{"damage_healed":0,"gold_gain":0,"player_choice":"Opened","damage_taken":0,"relics_obtained":["Unceasing Top"],"max_hp_gain":0,"max_hp_loss":0,"event_name":"The Mausoleum","floor":19,"gold_loss":0,"cards_obtained":["Writhe"]},{"cards_removed":["Writhe"],"damage_healed":0,"gold_gain":0,"player_choice":"Elegance","damage_taken":0,"max_hp_gain":0,"max_hp_loss":0,"event_name":"Back to Basics","floor":20,"gold_loss":0},{"damage_healed":0,"gold_gain":99,"player_choice":"Stole From Cult","damage_taken":0,"max_hp_gain":0,"max_hp_loss":0,"event_name":"Nest","floor":21,"gold_loss":0}],"is_beta":false,"boss_relics":[{"not_picked":["Tiny House","Runic Dome"],"picked":"FrozenCore"}],"items_purged_floors":[14,27],"is_endless":false,"potions_floor_spawned":[1,7,10,12,22,28],"killed_by":"Gremlin Leader","ascension_level":0}}