{"host":"wf1r1zhguvoo22rf","time":1614108068,"event":{"mods":["BaseMod","Colored Powertips","Minty Spire (QoL Compilation)","StSLib"],"gold_per_floor":[212,212,228,76,90,110,126,301,301,61,87,87,99,111,111,206,206,219,235,79,95,0,0,18,18,18,18,18],"floor_reached":27,"language":"ENG","playtime":1236,"items_purged":[],"score":267,"play_id":"fc78922e-4f8c-4481-ac4a-d85e6b06489b","local_time":"20210223212108","is_ascension_mode":false,"campfire_choices":[{"floor":12,"key":"REST"},{"floor":15,"key":"REST"},{"floor":23,"key":"REST"},{"floor":25,"key":"REST"}],"circlet_count":0,"master_deck":["Strike_P","Strike_P","Strike_P","Strike_P","Defend_P","Defend_P","Defend_P","Eruption","Vigilance","Consecrate","Tantrum","MasterReality","Halt","Doubt","JustLucky","Collect","JustLucky","ConjureBlade","Consecrate+1","BowlingBash+1","Halt","Sanctity+1"],"relics":["PureWater","Lantern","Darkstone Periapt","Eternal Feather","Blood Vial","SlaversCollar","Boot","Ornamental Fan"],"acts_visited":["Exordium","TheCity"],"potions_floor_usage":[11,16,16,16,16,16,27,27,27],"damage_taken":[{"damage":0,"enemies":"Small Slimes","floor":1,"turns":3},{"damage":0,"enemies":"Cultist","floor":3,"turns":2},{"damage":0,"enemies":"2 Louse","floor":5,"turns":1},{"damage":13,"enemies":"2 Fungi Beasts","floor":6,"turns":3},{"damage":13,"enemies":"Blue Slaver","floor":7,"turns":3},{"damage":20,"enemies":"3 Sentries","floor":11,"turns":7},{"damage":3,"enemies":"Lots of Slimes","floor":13,"turns":3},{"damage":16,"enemies":"Looter","floor":14,"turns":3},{"damage":0,"enemies":"Slime Boss","floor":16,"turns":6},{"damage":16,"enemies":"Chosen","floor":18,"turns":4},{"damage":1,"enemies":"Spheric Guardian","floor":19,"turns":3},{"damage":31,"enemies":"Cultist and Chosen","floor":21,"turns":4},{"damage":48,"enemies":"Snecko","floor":24,"turns":4},{"damage":53,"enemies":"Shelled Parasite and Fungi","floor":27,"turns":2}],"seed_played":"-8853020735414299530","potions_obtained":[{"floor":6,"key":"Swift Potion"},{"floor":7,"key":"SkillPotion"},{"floor":11,"key":"EntropicBrew"},{"floor":14,"key":"SkillPotion"},{"floor":18,"key":"Fire Potion"},{"floor":21,"key":"Fire Potion"}],"is_trial":false,"path_per_floor":["M","?","M","$","M","M","M","?","T","$","E","R","M","M","R","B",null,"M","M","$","M","?","R","M","R","T","M"],"character_chosen":"WATCHER","items_purchased":["Lantern","Eternal Feather","Boot"],"campfire_rested":4,"item_purchase_floors":[4,10,20],"current_hp_per_floor":[72,72,72,72,72,59,46,46,46,46,26,56,55,41,71,72,72,56,57,57,28,28,61,15,48,48,0,0],"gold":18,"neow_bonus":"HUNDRED_GOLD","is_daily":false,"chose_seed":false,"campfire_upgraded":0,"win_rate":0.0,"timestamp":1614108068,"path_taken":["M","?","M","$","?","M","M","?","T","$","E","R","M","M","R","BOSS","M","M","$","M","?","R","M","R","T","M"],"items_purchased_type":["Relic","Relic","Relic"],"build_version":"2020-12-22","purchased_purges":0,"victory":false,"max_hp_per_floor":[72,72,72,72,72,72,72,72,72,72,72,72,72,72,72,72,72,72,72,72,72,72,72,72,72,72,72,72],"card_choices":[{"not_picked":["ClearTheMind","FlyingSleeves"],"picked":"Consecrate","floor":1},{"not_picked":["FlyingSleeves","Protect"],"picked":"Tantrum","floor":3},{"not_picked":["Indignation","Worship"],"picked":"MasterReality","floor":5},{"not_picked":["Adaptation","SignatureMove","Pray"],"picked":"SKIP","floor":6},{"not_picked":["SashWhip","Protect"],"picked":"Halt","floor":7},{"not_picked":["JustLucky","WreathOfFlame","CutThroughFate"],"picked":"SKIP","floor":11},{"not_picked":["WreathOfFlame","CutThroughFate"],"picked":"JustLucky","floor":11},{"not_picked":["EmptyBody","ClearTheMind"],"picked":"Collect","floor":13},{"not_picked":["Collect","EmptyMind"],"picked":"JustLucky","floor":14},{"not_picked":["Judgement","Blasphemy"],"picked":"ConjureBlade","floor":16},{"not_picked":["FlurryOfBlows+1","PathToVictory+1"],"picked":"Consecrate+1","floor":18},{"not_picked":["Crescendo","PathToVictory"],"picked":"BowlingBash+1","floor":19},{"not_picked":["ClearTheMind","Wireheading"],"picked":"Halt","floor":21},{"not_picked":["SashWhip","CrushJoints"],"picked":"Sanctity+1","floor":24}],"player_experience":255165,"relics_obtained":[{"floor":9,"key":"Darkstone Periapt"},{"floor":11,"key":"Blood Vial"},{"floor":26,"key":"Ornamental Fan"}],"event_choices":[{"cards_removed":["Defend_P"],"damage_healed":0,"gold_gain":0,"player_choice":"Offered Basic","damage_taken":0,"max_hp_gain":0,"max_hp_loss":0,"event_name":"Bonfire Elementals","floor":2,"gold_loss":0},{"damage_healed":0,"gold_gain":175,"player_choice":"AGREE","damage_taken":0,"max_hp_gain":0,"max_hp_loss":0,"event_name":"Liars Game","floor":8,"gold_loss":0,"cards_obtained":["Doubt"]},{"damage_healed":0,"gold_gain":0,"player_choice":"Paid Fearfully","damage_taken":0,"max_hp_gain":0,"max_hp_loss":0,"event_name":"Masked Bandits","floor":22,"gold_loss":95}],"is_beta":false,"boss_relics":[{"not_picked":["Pandora\u0027s Box","Busted Crown"],"picked":"SlaversCollar"}],"items_purged_floors":[],"is_endless":false,"potions_floor_spawned":[6,7,11,14,18,21],"killed_by":"Shelled Parasite and Fungi","ascension_level":0}}