{"host":"ekyl8r8j8fco3zlk","time":1614101587,"event":{"mods":["Act Like it!","Arknights","BaseMod","CapriCore","Dota2Spire","Friendly Minions","Gensokyo","GifTheSpireLib","Library of Ruina","Marisa（霧雨　魔理沙）","Minty Spire (QoL Compilation)","READ ME - Guardian Mod","Reimu（博???）","StSLib","The Alterego","The Animator","The Immortal","TheWitcher","Waifu the Spire","WarShipGirlsR/??少女R mod","Yakumo Yukari mod","【?物卡牌】REMEMod"],"gold_per_floor":[119,132,150,170,182,182,182,182,182,210,224,244,244,73,73,176,176,188,207,132,145,162,162,189,189,189,217,217,142,142,177,177,265,265,265],"floor_reached":34,"language":"ZHS","playtime":1697,"items_purged":["LightDefense"],"score":462,"play_id":"d74d0740-058f-46b2-9ed0-444683698ec7","local_time":"20210224013307","is_ascension_mode":false,"campfire_choices":[{"data":"DarkCloud","floor":6.0,"key":"SMITH"},{"data":"UnforgettableMelody","floor":13.0,"key":"SMITH"},{"data":"REME_FirmDetermination","floor":15.0,"key":"SMITH"},{"data":"BattleCommand","floor":23.0,"key":"SMITH"},{"data":"CleanUp","floor":25.0,"key":"SMITH"},{"data":"Dodge","floor":28,"key":"SMITH"},{"data":"CutIn","floor":32,"key":"SMITH"}],"circlet_count":0,"master_deck":["Dodge+1","LightAttack","LightAttack","LightDefense","LightDefense","LightDefense","ChargeAndCover","FocusedStrikes","FeelinGood","UnforgettableMelody+1","DarkCloud+1","SnakesPrey","FleetFootsteps+1","CutIn+1","REME_FirmDetermination+1","SkyClearingCut","CleanUp+1","Pound","BattleCommand+1","FlashOfSunup","SnafuTest:CurseRandom"],"relics":["PageOfLibrarian","REME_ComplimentaryCards","PageOfAlriune","Bag of Marbles","Cursed Key","PageOfBloodbath","PageOfWayBackHome","CrazyTorch:ReiMu","Dota2Spire:Desolator","SlaversCollar"],"acts_visited":["Exordium","TheCity","TheBeyond"],"potions_floor_usage":[31,33],"damage_taken":[{"damage":11.0,"enemies":"Jaw Worm","floor":1.0,"turns":3.0},{"damage":5.0,"enemies":"Small Slimes","floor":2.0,"turns":4.0},{"damage":0.0,"enemies":"Cultist","floor":3.0,"turns":2.0},{"damage":5.0,"enemies":"2 Fungi Beasts","floor":4.0,"turns":4.0},{"damage":5.0,"enemies":"Blue Slaver","floor":5.0,"turns":4.0},{"damage":12.0,"enemies":"3 Sentries","floor":10.0,"turns":7.0},{"damage":6.0,"enemies":"Large Slime","floor":11.0,"turns":4.0},{"damage":0.0,"enemies":"Exordium Thugs","floor":12.0,"turns":3.0},{"damage":2.0,"enemies":"Hexaghost","floor":16.0,"turns":8.0},{"damage":0.0,"enemies":"2 Thieves","floor":18.0,"turns":3.0},{"damage":0.0,"enemies":"Shell Parasite","floor":19.0,"turns":2.0},{"damage":7.0,"enemies":"Snake Plant","floor":21.0,"turns":4.0},{"damage":0.0,"enemies":"3 Cultists","floor":22.0,"turns":5.0},{"damage":28.0,"enemies":"Book of Stabbing","floor":24.0,"turns":5.0},{"damage":14.0,"enemies":"Gremlin Leader","floor":27.0,"turns":5.0},{"damage":3,"enemies":"Book of Stabbing","floor":31,"turns":3},{"damage":22,"enemies":"Automaton","floor":33,"turns":7}],"seed_played":"-4637025085699425998","potions_obtained":[{"floor":2.0,"key":"Regen Potion"},{"floor":4.0,"key":"FearPotion"},{"floor":5.0,"key":"SpeedPotion"},{"floor":12.0,"key":"ZuzhouPotion:ReiMu"},{"floor":16.0,"key":"EssenceOfSteel"},{"floor":19.0,"key":"Dota2Spire:HealingSalve"},{"floor":24.0,"key":"Ancient Potion"},{"floor":27.0,"key":"Weak Potion"},{"floor":31,"key":"DistilledChaos"}],"is_trial":false,"path_per_floor":["M","M","M","M","M","R","?","?","T","E","M","M","R","$","R","B",null,"M","M","$","M","M","R","E","R","T","E","R","?","?","E","R","B",null],"character_chosen":"Librarian","items_purchased":["REME_FirmDetermination","SkyClearingCut"],"campfire_rested":0,"item_purchase_floors":[14,14],"current_hp_per_floor":[49,44,44,39,48,48,48,48,48,38,32,32,32,32,32,34,74,74,62,62,55,57,57,43,43,43,29,29,29,29,26,26,4,91,91],"gold":265,"neow_bonus":"ONE_RANDOM_RARE_CARD","is_daily":false,"chose_seed":false,"campfire_upgraded":7,"win_rate":0.0,"timestamp":1614101587,"path_taken":["M","M","M","M","M","R","?","?","T","E","M","M","R","$","R","BOSS","M","M","$","M","?","R","E","R","T","E","R","?","?","E","R","BOSS"],"items_purchased_type":["Card","Card"],"build_version":"2020-12-22","purchased_purges":1,"victory":false,"max_hp_per_floor":[67,77,77,77,77,77,77,77,77,77,74,74,74,74,74,74,74,74,62,62,68,68,68,68,68,68,68,68,68,68,91,91,91,91,91],"card_choices":[{"not_picked":["HandleRequest","SunsetBlade","Pound"],"picked":"DarkCloud","floor":1.0},{"not_picked":["ScatteringSlash","CrackOfDawn","Faith"],"picked":"ReadyUp","floor":2.0},{"not_picked":["BiAn","HandleRequest","CoordinatedAssault"],"picked":"SnakesPrey","floor":3.0},{"not_picked":["BiAn","WillOfThePrescript","Pound"],"picked":"FleetFootsteps","floor":4.0},{"not_picked":["BiAn","ChiWen","MultiHit","Faith"],"picked":"SKIP","floor":5.0},{"not_picked":["ViolentFlame","DarkCloud","TasteMyFlamingBat","CoordinatedAssault"],"picked":"SKIP","floor":10.0},{"not_picked":["FlashOfSunup","Faith","HandleRequest"],"picked":"CutIn","floor":11.0},{"not_picked":["StartinOutLightly","DefenseOrder","Concentration","BiAn"],"picked":"SKIP","floor":12.0},{"not_picked":["ScratchThat","CrackOfDawn"],"picked":"CleanUp","floor":16.0},{"not_picked":["Eject","SnakesPrey+1","ViolentFlame"],"picked":"Pound","floor":18.0},{"not_picked":["EnergyShield","AutonomousRush","ToWhereThePrescriptPoints"],"picked":"BattleCommand","floor":19.0},{"not_picked":["CutIn","FleetFootsteps+1","IllEndYou","FleetEdge"],"picked":"SKIP","floor":21.0},{"not_picked":["SnakesPrey","ChiWen","DefenseOrder+1","PinpointShot"],"picked":"SKIP","floor":22.0},{"not_picked":["BattleCommand+1","EnergyShield","ViolentFlame"],"picked":"FlashOfSunup","floor":24.0},{"not_picked":["HandleRequest","ShockingBlow+1","DestructiveImpact","MultiBlock"],"picked":"SKIP","floor":27.0},{"not_picked":["ForTheFamily","Faith","ScratchThat","BattleCommand+1"],"picked":"SKIP","floor":31}],"player_experience":711800,"relics_obtained":[{"floor":10.0,"key":"Bag of Marbles"},{"floor":24.0,"key":"PageOfBloodbath"},{"floor":26.0,"key":"PageOfWayBackHome"},{"floor":27.0,"key":"CrazyTorch:ReiMu"},{"floor":31,"key":"Dota2Spire:Desolator"}],"event_choices":[{"damage_healed":0.0,"max_hp_gain":0.0,"max_hp_loss":0.0,"gold_gain":0.0,"event_name":"Living Wall","player_choice":"Grow","floor":7.0,"gold_loss":0.0,"damage_taken":0.0,"cards_upgraded":["FleetFootsteps"]},{"cards_removed":["ReadyUp"],"damage_healed":0.0,"max_hp_gain":0.0,"max_hp_loss":0.0,"gold_gain":0.0,"event_name":"WeMeetAgain","player_choice":"Gave Card","floor":8.0,"gold_loss":0.0,"damage_taken":0.0,"relics_obtained":["PageOfAlriune"]},{"cards_removed":["LightAttack"],"damage_healed":0,"gold_gain":0,"player_choice":"Gave Gold","damage_taken":0,"max_hp_gain":0,"max_hp_loss":0,"event_name":"Beggar","floor":29,"gold_loss":75},{"damage_healed":0,"gold_gain":0,"player_choice":"Ignored","damage_taken":0,"max_hp_gain":0,"max_hp_loss":0,"event_name":"Vampires","floor":30,"gold_loss":0}],"is_beta":false,"boss_relics":[{"not_picked":["Runic Dome","Pandora\u0027s Box"],"picked":"Cursed Key"},{"not_picked":["REME_ChargedStone","Velvet Choker"],"picked":"SlaversCollar"}],"items_purged_floors":[20],"is_endless":false,"potions_floor_spawned":[2,4,5,12,16,19,24,27,31],"ascension_level":0}}