{"host":"eqn7luyqlbzuqhgd","time":1614086159,"event":{"mods":["2.2 Compatiblity","Act Like it!","BaseMod","CapriCore","Friendly Minions","Hermit","Koishi","KomeijiMod","Marisa£¨Ùöéë¡¡Øª×âÞÞ£©","Minty Spire (QoL Compilation)","Reimu£¨ÚÏ???£©","StSLib","The Alterego","The Cursed","The Dragon Tamer","The Gatherer","The Immortal","The Poker Player"],"gold_per_floor":[361,387,397,408,368,368,384,384,384,413,488,507,507,144,144,239,239,256,256,0,15,28,39,39,39,63,82,82,1,20,35,35,138,138,154,154,172,172,189,189,216,216,270,286,286,305,325,337,337,337],"floor_reached":51,"language":"KOR","playtime":8754,"items_purged":["PokerPlayerMod:Diamond1","PokerPlayerMod:Club2"],"score":743,"play_id":"67737913-05cb-4e88-8eb4-407a85b3d31d","local_time":"20210223221559","is_ascension_mode":true,"metric_token":1182,"campfire_choices":[{"data":"PokerPlayerMod:Mulligan","floor":6,"key":"SMITH"},{"data":"PokerPlayerMod:TrumpStrike","floor":8,"key":"SMITH"},{"data":"PokerPlayerMod:MagicTrick","floor":13,"key":"SMITH"},{"data":"PokerPlayerMod:RoyalStrike","floor":15,"key":"SMITH"},{"data":"PokerPlayerMod:Fold","floor":25,"key":"SMITH"},{"data":"PokerPlayerMod:Diamond8","floor":28,"key":"SMITH"},{"data":"PokerPlayerMod:Raise","floor":32,"key":"SMITH"},{"data":"PokerPlayerMod:Spade8","floor":40,"key":"SMITH"},{"data":"PokerPlayerMod:Spade4","floor":42,"key":"SMITH"},{"data":"PokerPlayerMod:Diamond4","floor":45,"key":"SMITH"},{"data":"PokerPlayerMod:Manipulation","floor":49,"key":"SMITH"}],"circlet_count":0,"master_deck":["PokerPlayerMod:Diamond3","PokerPlayerMod:Diamond5","PokerPlayerMod:Diamond5","PokerPlayerMod:Spade3","PokerPlayerMod:Spade5","PokerPlayerMod:TrumpStrike+1","PokerPlayerMod:BadJoker+1","PokerPlayerMod:Mulligan+1","PokerPlayerMod:RoyalStrike+1","PokerPlayerMod:MagicTrick+1","PokerPlayerMod:Fold+1","PokerPlayerMod:Club9","PokerPlayerMod:Diamond9","PokerPlayerMod:Diamond9","PokerPlayerMod:Manipulation+1","PokerPlayerMod:Raise+1","PokerPlayerMod:Spade10+","PokerPlayerMod:Spade9","PokerPlayerMod:HeartStrike+1","PokerPlayerMod:Spade4","PokerPlayerMod:Raise+1","PokerPlayerMod:Diamond9"],"relics":["PokerPlayerMod:DeckCase","Bag of Marbles","PaintedHorse:ReiMu","HornCleat","Tea:ReiMu","CaptainsWheel","Velvet Choker","PreservedInsect","Strawberry","Astrolabe","Nunchaku","Omamori"],"acts_visited":["Exordium","TheCity","TheBeyond"],"potions_floor_usage":[50,50],"damage_taken":[{"damage":0,"enemies":"Cultist","floor":1,"turns":3},{"damage":2,"enemies":"Jaw Worm","floor":3,"turns":2},{"damage":0,"enemies":"2 Louse","floor":4,"turns":2},{"damage":0,"enemies":"Large Slime","floor":7,"turns":3},{"damage":18,"enemies":"Lagavulin","floor":10,"turns":4},{"damage":0,"enemies":"Lots of Slimes","floor":12,"turns":1},{"damage":7,"enemies":"Hexaghost","floor":16,"turns":8},{"damage":0,"enemies":"Spheric Guardian","floor":18,"turns":1},{"damage":0,"enemies":"Shell Parasite","floor":21,"turns":1},{"damage":0,"enemies":"Snecko","floor":22,"turns":2},{"damage":0,"enemies":"3 Cultists","floor":23,"turns":3},{"damage":0,"enemies":"Centurion and Healer","floor":27,"turns":2},{"damage":15,"enemies":"Shelled Parasite and Fungi","floor":30,"turns":3},{"damage":0,"enemies":"Snake Plant","floor":31,"turns":1},{"damage":0,"enemies":"Collector","floor":33,"turns":4},{"damage":0,"enemies":"3 Darklings","floor":35,"turns":3},{"damage":0,"enemies":"3 Shapes","floor":37,"turns":3},{"damage":0,"enemies":"3 Darklings","floor":39,"turns":2},{"damage":0,"enemies":"Nemesis","floor":41,"turns":2},{"damage":0,"enemies":"4 Shapes","floor":44,"turns":2},{"damage":0,"enemies":"Writhing Mass","floor":46,"turns":3},{"damage":0,"enemies":"Maw","floor":47,"turns":4},{"damage":0,"enemies":"3 Darklings","floor":48,"turns":4},{"damage":25,"enemies":"Time Eater","floor":50,"turns":10}],"seed_played":"4503723444236558317","potions_obtained":[{"floor":3,"key":"SteroidPotion"},{"floor":10,"key":"CalmPotion"},{"floor":16,"key":"CalmPotion"},{"floor":18,"key":"RedTea"},{"floor":22,"key":"AttackPotion"},{"floor":33,"key":"DuplicationPotion"},{"floor":38,"key":"PowerPotion"}],"is_trial":false,"path_per_floor":["M","T","M","M","?","R","M","R","T","E","?","M","R","$","R","B",null,"M","?","$","M","M","M","?","R","T","M","R","$","M","M","R","B",null,"M","?","M","?","M","R","E","R","T","M","R","M","M","M","R","B",null],"character_chosen":"THE_POKER_PLAYER","items_purchased":["CaptainsWheel","PreservedInsect","PokerPlayerMod:Manipulation"],"campfire_rested":0,"item_purchase_floors":[14,20,29],"current_hp_per_floor":[47,47,45,47,47,47,47,47,47,29,18,20,20,20,20,19,47,47,47,47,47,47,47,47,47,54,54,54,54,42,42,54,54,54,54,54,54,54,54,54,54,54,54,54,54,54,54,54,54,29],"gold":337,"neow_bonus":"TWO_FIFTY_GOLD","is_daily":false,"chose_seed":false,"campfire_upgraded":11,"win_rate":0.0,"timestamp":1614086159,"path_taken":["M","?","M","M","?","R","M","R","T","E","?","M","R","$","R","BOSS","M","?","$","M","?","M","?","R","T","?","R","$","M","M","R","BOSS","M","?","?","?","M","R","E","R","T","M","R","?","M","?","R","BOSS"],"items_purchased_type":["Relic","Relic","Card"],"build_version":"2020-12-22","purchased_purges":2,"victory":true,"max_hp_per_floor":[47,47,47,47,47,47,47,47,47,47,47,47,47,47,47,47,47,47,47,47,47,47,47,47,47,54,54,54,54,54,54,54,54,54,54,54,54,54,54,54,54,54,54,54,54,54,54,54,54,54],"card_choices":[{"not_picked":["PokerPlayerMod:Diamond1","PokerPlayerMod:SpadeStrike","PokerPlayerMod:Diamond3"],"picked":"SKIP","floor":1},{"not_picked":["PokerPlayerMod:SpadeStrike","PokerPlayerMod:DiamondStrike"],"picked":"PokerPlayerMod:RoyalStrike","floor":3},{"not_picked":["PokerPlayerMod:Spade2","PokerPlayerMod:Spade3"],"picked":"PokerPlayerMod:MagicTrick","floor":4},{"not_picked":["PokerPlayerMod:Diamond5","PokerPlayerMod:ClubsClub","PokerPlayerMod:CloakAndDiamond"],"picked":"SKIP","floor":7},{"not_picked":["PokerPlayerMod:Sharpen","PokerPlayerMod:ClubsClub"],"picked":"PokerPlayerMod:Fold","floor":10},{"not_picked":["PokerPlayerMod:Diamond4","PokerPlayerMod:Diamond3","PokerPlayerMod:Configure"],"picked":"SKIP","floor":12},{"not_picked":["PokerPlayerMod:Diamond7","PokerPlayerMod:VarietyAttack"],"picked":"PokerPlayerMod:Club9","floor":16},{"not_picked":["PokerPlayerMod:Overdeal","PokerPlayerMod:Club3","PokerPlayerMod:PoorCopy"],"picked":"SKIP","floor":18},{"not_picked":["PokerPlayerMod:PoorCopy","PokerPlayerMod:Heart6","PokerPlayerMod:Trickery"],"picked":"SKIP","floor":21},{"not_picked":["PokerPlayerMod:HeartStrike","PokerPlayerMod:Club3","PokerPlayerMod:CloakAndDiamond"],"picked":"SKIP","floor":22},{"not_picked":["PokerPlayerMod:ClubShade","PokerPlayerMod:Diamond2","PokerPlayerMod:Club2"],"picked":"SKIP","floor":23},{"not_picked":["PokerPlayerMod:Diamond4","PokerPlayerMod:ClubsClub+1"],"picked":"PokerPlayerMod:Diamond8","floor":27},{"not_picked":["PokerPlayerMod:Manipulation","PokerPlayerMod:CloakAndDiamond","PokerPlayerMod:Spade1"],"picked":"SKIP","floor":30},{"not_picked":["PokerPlayerMod:DartThrow+1","PokerPlayerMod:MagicTrick"],"picked":"PokerPlayerMod:Raise","floor":31},{"not_picked":["PokerPlayerMod:VarietyAttack","PokerPlayerMod:ChangeRules"],"picked":"PokerPlayerMod:Spade10+","floor":33},{"not_picked":["PokerPlayerMod:Diamond4","PokerPlayerMod:Heart1","PokerPlayerMod:Club1"],"picked":"SKIP","floor":35},{"not_picked":["PokerPlayerMod:DiamondStrike","PokerPlayerMod:MagicTrick+1"],"picked":"PokerPlayerMod:Raise+1","floor":37},{"not_picked":["PokerPlayerMod:Diamond4","PokerPlayerMod:RiskyBet+1"],"picked":"PokerPlayerMod:Diamond9","floor":39},{"not_picked":["PokerPlayerMod:Configure","PokerPlayerMod:HeartStrike+1","PokerPlayerMod:Trickery"],"picked":"SKIP","floor":41},{"not_picked":["PokerPlayerMod:Configure","PokerPlayerMod:HeartStrike+1","PokerPlayerMod:Trickery"],"picked":"SKIP","floor":41},{"not_picked":["PokerPlayerMod:Spade2","PokerPlayerMod:Fold","PokerPlayerMod:Overdeal"],"picked":"SKIP","floor":44},{"not_picked":["PokerPlayerMod:ClubsClub+1","PokerPlayerMod:Raise","PokerPlayerMod:Diamond2"],"picked":"SKIP","floor":46},{"not_picked":["PokerPlayerMod:ClubsClub+1","PokerPlayerMod:Fold+1","PokerPlayerMod:Configure"],"picked":"SKIP","floor":47},{"not_picked":["PokerPlayerMod:CloakAndDiamond+1","PokerPlayerMod:DamnStraight+1","PokerPlayerMod:DartThrow"],"picked":"SKIP","floor":48}],"player_experience":844039,"relics_obtained":[{"floor":2,"key":"Bag of Marbles"},{"floor":9,"key":"HornCleat"},{"floor":10,"key":"Tea:ReiMu"},{"floor":26,"key":"Strawberry"},{"floor":41,"key":"Nunchaku"},{"floor":43,"key":"Omamori"}],"event_choices":[{"damage_healed":0,"gold_gain":0,"player_choice":"Donate","damage_taken":0,"relics_obtained":["PaintedHorse:ReiMu"],"max_hp_gain":0,"max_hp_loss":0,"event_name":"yidonshenshe","floor":5,"gold_loss":40},{"damage_healed":0,"gold_gain":75,"player_choice":"Gather Gold","damage_taken":11,"max_hp_gain":0,"max_hp_loss":0,"event_name":"World of Goop","floor":11,"gold_loss":0},{"damage_healed":0,"gold_gain":0,"cards_transformed":["PokerPlayerMod:Spade1"],"player_choice":"Transformed","damage_taken":0,"max_hp_gain":0,"max_hp_loss":0,"event_name":"Transmorgrifier","floor":19,"gold_loss":0,"cards_obtained":["PokerPlayerMod:Diamond9"]},{"damage_healed":0,"gold_gain":0,"player_choice":"Forge","damage_taken":0,"max_hp_gain":0,"max_hp_loss":0,"event_name":"Accursed Blacksmith","floor":24,"gold_loss":0,"cards_upgraded":["PokerPlayerMod:BadJoker"]},{"cards_removed":["PokerPlayerMod:Heart2"],"damage_healed":5,"gold_gain":0,"player_choice":"Offered Special","damage_taken":0,"max_hp_gain":0,"max_hp_loss":0,"event_name":"Bonfire Elementals","floor":36,"gold_loss":0},{"damage_healed":0,"gold_gain":0,"player_choice":"Got Potions","damage_taken":0,"max_hp_gain":0,"max_hp_loss":0,"event_name":"Lab","floor":38,"gold_loss":0}],"is_beta":false,"boss_relics":[{"not_picked":["Fusion Hammer","Busted Crown"],"picked":"Velvet Choker"},{"not_picked":["Philosopher\u0027s Stone","PokerPlayerMod:AceCard"],"picked":"Astrolabe"}],"items_purged_floors":[14,20],"is_endless":false,"potions_floor_spawned":[3,10,16,18,22,23,30,33,39,44,46],"ascension_level":1}}