{"host":"mqpbkea33q7k5ozs","time":1614051510,"event":{"mods":["AchievementEnabler","BaseMod","Colored Map","Highlight Path","Minty Spire (QoL Compilation)"],"gold_per_floor":[363,382,382,457,430,460,473,473,522,540,540,550,567,581,581,683,683,700,700,700,720,720,720,414,439,464,464,464],"floor_reached":27,"language":"ENG","playtime":792,"items_purged":[],"score":291,"play_id":"5bbed342-4a8a-425c-9c76-a3d865baedfa","local_time":"20210222223830","is_ascension_mode":true,"campfire_choices":[{"floor":8.0,"key":"REST"},{"floor":15.0,"key":"REST"},{"floor":23.0,"key":"REST"}],"circlet_count":0,"master_deck":["Strike_R","Strike_R+1","Strike_R","Strike_R","Defend_R","Defend_R","Defend_R","Defend_R","Bash","Injury","Metallicize","Spot Weakness","Flex","Bludgeon","Disarm","Fire Breathing","Pommel Strike","Inflame","Reaper","Anger","Body Slam"],"relics":["Black Blood","Whetstone","Red Skull","Brimstone","Bronze Scales","Blue Candle","CeramicFish"],"acts_visited":["Exordium","TheCity"],"potions_floor_usage":[25,27,27],"damage_taken":[{"damage":6.0,"enemies":"Cultist","floor":1.0,"turns":3.0},{"damage":1.0,"enemies":"Small Slimes","floor":2.0,"turns":3.0},{"damage":35.0,"enemies":"Lagavulin","floor":6.0,"turns":10.0},{"damage":12.0,"enemies":"Jaw Worm","floor":7.0,"turns":3.0},{"damage":30.0,"enemies":"Exordium Wildlife","floor":10.0,"turns":6.0},{"damage":20.0,"enemies":"Gremlin Gang","floor":12.0,"turns":3.0},{"damage":3.0,"enemies":"Blue Slaver","floor":13.0,"turns":2.0},{"damage":6.0,"enemies":"Exordium Thugs","floor":14.0,"turns":3.0},{"damage":50.0,"enemies":"Hexaghost","floor":16.0,"turns":7.0},{"damage":51.0,"enemies":"Shell Parasite","floor":18.0,"turns":8.0},{"damage":50.0,"enemies":"2 Thieves","floor":21.0,"turns":4.0},{"damage":95,"enemies":"Book of Stabbing","floor":25,"turns":5},{"damage":45,"enemies":"Gremlin Leader","floor":27,"turns":2}],"seed_played":"-285987862162781994","potions_obtained":[{"floor":7.0,"key":"HeartOfIron"},{"floor":12.0,"key":"Fire Potion"},{"floor":13.0,"key":"SteroidPotion"},{"floor":18.0,"key":"BloodPotion"},{"floor":20.0,"key":"Fire Potion"},{"floor":20.0,"key":"ColorlessPotion"},{"floor":21.0,"key":"Energy Potion"}],"is_trial":false,"path_per_floor":["M","M","?","?","$","E","M","R","T","M","?","M","M","M","R","B",null,"M","?","?","M","?","R","$","E","T","E"],"character_chosen":"IRONCLAD","items_purchased":["Flex","Brimstone","Bronze Scales"],"campfire_rested":3,"item_purchase_floors":[5,24,24],"current_hp_per_floor":[80,80,85,74,74,45,39,64,64,40,40,26,29,29,54,10,66,38,38,55,41,41,66,66,16,16,0,0],"gold":464,"neow_bonus":"TWO_FIFTY_GOLD","is_daily":false,"chose_seed":false,"campfire_upgraded":0,"win_rate":0.0,"timestamp":1614051510,"path_taken":["M","?","?","?","$","E","M","R","T","M","?","M","?","?","R","BOSS","M","?","?","?","?","R","$","E","T","E"],"items_purchased_type":["Card","Relic","Relic"],"build_version":"2020-12-22","purchased_purges":0,"victory":false,"max_hp_per_floor":[80,80,85,85,85,85,85,85,85,85,85,85,85,85,85,85,85,85,85,85,85,85,85,85,85,85,85,85],"card_choices":[{"not_picked":["True Grit","Headbutt"],"picked":"Metallicize","floor":1.0},{"not_picked":["Cleave","Body Slam"],"picked":"Spot Weakness","floor":2.0},{"not_picked":["Warcry","Bloodletting"],"picked":"Bludgeon","floor":6.0},{"not_picked":["Sword Boomerang","Sever Soul"],"picked":"Disarm","floor":7.0},{"not_picked":["Thunderclap","Evolve"],"picked":"Fire Breathing","floor":10.0},{"not_picked":["Second Wind","Perfected Strike"],"picked":"Inflame","floor":12.0},{"not_picked":["Flex","Clothesline","Evolve"],"picked":"SKIP","floor":13.0},{"not_picked":["Heavy Blade","Anger","Double Tap"],"picked":"SKIP","floor":14.0},{"not_picked":["Impervious","Offering"],"picked":"Reaper","floor":16.0},{"not_picked":["Feel No Pain","Warcry","Sword Boomerang"],"picked":"SKIP","floor":18.0},{"not_picked":["Clothesline","Sentinel"],"picked":"Anger","floor":21.0},{"not_picked":["Havoc","Burning Pact"],"picked":"Body Slam","floor":25}],"player_experience":463673,"relics_obtained":[{"floor":6.0,"key":"Whetstone"},{"floor":9.0,"key":"Red Skull"},{"floor":25,"key":"Blue Candle"},{"floor":26,"key":"CeramicFish"}],"event_choices":[{"damage_healed":0.0,"max_hp_gain":5.0,"max_hp_loss":0.0,"gold_gain":0.0,"event_name":"Big Fish","player_choice":"Donut","floor":3.0,"gold_loss":0.0,"damage_taken":0.0},{"damage_healed":0.0,"max_hp_gain":0.0,"max_hp_loss":0.0,"gold_gain":75.0,"event_name":"World of Goop","player_choice":"Gather Gold","floor":4.0,"gold_loss":0.0,"damage_taken":11.0},{"damage_healed":0.0,"max_hp_gain":0.0,"max_hp_loss":0.0,"gold_gain":0.0,"cards_transformed":["Strike_R"],"event_name":"Transmorgrifier","player_choice":"Transformed","floor":11.0,"gold_loss":0.0,"damage_taken":0.0,"cards_obtained":["Pommel Strike"]},{"damage_healed":0.0,"max_hp_gain":0.0,"max_hp_loss":0.0,"gold_gain":0.0,"event_name":"Ghosts","player_choice":"Ignored","floor":19.0,"gold_loss":0.0,"damage_taken":0.0},{"damage_healed":0.0,"max_hp_gain":0.0,"max_hp_loss":0.0,"gold_gain":0.0,"event_name":"Lab","player_choice":"Got Potions","floor":20.0,"gold_loss":0.0,"damage_taken":0.0},{"damage_healed":0.0,"max_hp_gain":0.0,"max_hp_loss":0.0,"gold_gain":0.0,"event_name":"The Woman in Blue","player_choice":"Bought 0 Potions","floor":22.0,"gold_loss":0.0,"damage_taken":0.0}],"is_beta":false,"boss_relics":[{"not_picked":["Sozu","Tiny House"],"picked":"Black Blood"}],"items_purged_floors":[],"is_endless":false,"potions_floor_spawned":[7,12,13,18,21],"killed_by":"Gremlin Leader","ascension_level":5}}