{"host":"2qyxu97h6u4ukicb","time":1614122194,"event":{"mods":["AchievementEnabler","BaseMod","BetterRewards","Colored Map","Colored Powertips","Minty Spire (QoL Compilation)","Replay The Spire","Shop Mod","StSLib"],"gold_per_floor":[109,109,127,140,140,140,152,152,152,162,176,203,203,278,278,374,374,392,392,392,492,502,502,520,520,520,533,533,533,533,550,550,654,654,668,668,668],"floor_reached":36,"language":"ENG","playtime":2644,"items_purged":[],"score":364,"play_id":"2e15c1f6-73aa-4982-ba8b-1e899e40812e","local_time":"20210223171634","is_ascension_mode":false,"campfire_choices":[{"data":"ReplayTheSpireMod:Muscle Training","floor":6,"key":"SMITH"},{"data":"Inflame","floor":13,"key":"SMITH"},{"floor":15,"key":"REST"},{"data":"Limit Break","floor":23,"key":"SMITH"},{"floor":25,"key":"REST"},{"data":"Bash","floor":28,"key":"SMITH"},{"floor":32,"key":"REST"}],"circlet_count":0,"master_deck":["Strike_R+1","Strike_R+1","Strike_R+1","Strike_R+1","Strike_R+1","Defend_R+1","Defend_R+1","Defend_R+1","Bash+1","Twin Strike","Flex+1","ReplayTheSpireMod:Muscle Training+1","Clash","Defy Death","Immolate","Wild Strike","Inflame+1","Limit Break+1","Decay","Twin Strike+1"],"relics":["Black Blood","Vajra","Quantum Egg","Ancient Tea Set","Ginger","Pear"],"acts_visited":["Exordium","TheCity","TheBeyond"],"potions_floor_usage":[16,16,16,27,33,33,36],"damage_taken":[{"damage":13,"enemies":"Jaw Worm","floor":1,"turns":3},{"damage":0,"enemies":"Cultist","floor":3,"turns":2},{"damage":7,"enemies":"2 Louse","floor":4,"turns":2},{"damage":13,"enemies":"Large Slime","floor":7,"turns":5},{"damage":11,"enemies":"Looter","floor":10,"turns":2},{"damage":5,"enemies":"Gremlin Gang","floor":11,"turns":3},{"damage":7,"enemies":"Gremlin Nob","floor":12,"turns":3},{"damage":40,"enemies":"The Guardian","floor":16,"turns":7},{"damage":31,"enemies":"3 Byrds","floor":18,"turns":5},{"damage":25,"enemies":"Shell Parasite","floor":22,"turns":4},{"damage":19,"enemies":"3 Cultists","floor":24,"turns":4},{"damage":12,"enemies":"Cultist and Chosen","floor":27,"turns":4},{"damage":17,"enemies":"Snecko","floor":31,"turns":4},{"damage":19,"enemies":"Champ","floor":33,"turns":6},{"damage":61,"enemies":"3 Darklings","floor":35,"turns":6},{"damage":46,"enemies":"2 Orb Walkers","floor":36,"turns":2}],"seed_played":"1782490792281107990","potions_obtained":[{"floor":3,"key":"HeartOfIron"},{"floor":4,"key":"LiquidMemories"},{"floor":12,"key":"AttackPotion"},{"floor":22,"key":"Swift Potion"},{"floor":24,"key":"Swift Potion"},{"floor":27,"key":"Elixir"},{"floor":35,"key":"Languid Potion"}],"is_trial":false,"path_per_floor":["M","?","M","M","$","R","M","?","T","M","M","E","R","?","R","B",null,"M","?","?","?","M","R","M","R","T","M","R","?","?","M","R","B",null,"M","?"],"character_chosen":"IRONCLAD","items_purchased":[],"campfire_rested":3,"item_purchase_floors":[],"current_hp_per_floor":[73,65,71,70,70,70,63,63,63,58,59,58,58,47,71,37,80,55,55,55,55,36,36,23,47,47,41,41,51,51,40,67,54,90,41,0,0],"gold":668,"neow_bonus":"RANDOM_COMMON_RELIC","is_daily":false,"chose_seed":false,"campfire_upgraded":4,"win_rate":0.0,"timestamp":1614122194,"path_taken":["M","?","M","M","?","R","M","?","T","M","?","E","R","?","R","BOSS","M","?","?","?","M","R","M","R","T","?","R","?","?","?","R","BOSS","M","?"],"items_purchased_type":[],"build_version":"2020-12-22","purchased_purges":0,"victory":false,"max_hp_per_floor":[80,80,80,80,80,80,80,80,80,80,80,80,80,80,80,80,80,80,80,80,80,80,80,80,80,80,80,80,90,90,90,90,90,90,90,90,90],"card_choices":[{"not_picked":["Wild Strike","Iron Wave"],"picked":"Twin Strike","floor":1},{"not_picked":["Whirlwind","ReplayTheSpireMod:Corrosion Curse"],"picked":"Flex","floor":3},{"not_picked":["Armaments","Wild Strike"],"picked":"ReplayTheSpireMod:Muscle Training","floor":4},{"not_picked":["Pommel Strike","Life Link"],"picked":"Clash","floor":7},{"not_picked":["Flex","Armaments"],"picked":"Immolate","floor":10},{"not_picked":["Shrug It Off","Ghostly Armor"],"picked":"Wild Strike","floor":11},{"not_picked":["Sword Boomerang","Juggernaut"],"picked":"Inflame","floor":12},{"not_picked":["Hemogenesis","Replay:Many Hands"],"picked":"Limit Break","floor":16},{"not_picked":["Perfected Strike","Whirlwind+1","Flame Barrier"],"picked":"SKIP","floor":18},{"not_picked":["Replay:Undeath\u0027s Touch","Combust"],"picked":"Twin Strike+1","floor":22},{"not_picked":["Replay:Undeath\u0027s Touch","Burning Pact","Pummel+1"],"picked":"SKIP","floor":24},{"not_picked":["Replay:Undeath\u0027s Touch","Pommel Strike","Hemogenesis"],"picked":"SKIP","floor":27},{"not_picked":["Dropkick","Uppercut","Sword Boomerang"],"picked":"SKIP","floor":31},{"not_picked":["Clothesline+1","Entrench+1","Rage+1"],"picked":"SKIP","floor":35}],"player_experience":850878,"relics_obtained":[{"floor":9,"key":"Quantum Egg"},{"floor":12,"key":"Ancient Tea Set"},{"floor":26,"key":"Ginger"}],"event_choices":[{"damage_healed":0,"gold_gain":0,"player_choice":"Damaged","damage_taken":8,"max_hp_gain":0,"max_hp_loss":0,"event_name":"Wheel of Change","floor":2,"gold_loss":0},{"damage_healed":0,"gold_gain":0,"cards_transformed":["Defend_R"],"player_choice":"Transformed","damage_taken":0,"max_hp_gain":0,"max_hp_loss":0,"event_name":"Transmorgrifier","floor":8,"gold_loss":0,"cards_obtained":["Defy Death"]},{"damage_healed":0,"gold_gain":75,"player_choice":"Gather Gold","damage_taken":11,"max_hp_gain":0,"max_hp_loss":0,"event_name":"World of Goop","floor":14,"gold_loss":0},{"damage_healed":0,"gold_gain":0,"player_choice":"Simplicity","damage_taken":0,"max_hp_gain":0,"max_hp_loss":0,"event_name":"Back to Basics","floor":19,"gold_loss":0,"cards_upgraded":["Strike_R","Strike_R","Strike_R","Strike_R","Strike_R","Defend_R","Defend_R","Defend_R"]},{"damage_healed":0,"gold_gain":0,"player_choice":"Smashed Altar","damage_taken":0,"max_hp_gain":0,"max_hp_loss":0,"event_name":"Forgotten Altar","floor":20,"gold_loss":0,"cards_obtained":["Decay"]},{"damage_healed":0,"gold_gain":100,"player_choice":"Pray","damage_taken":0,"max_hp_gain":0,"max_hp_loss":0,"event_name":"Golden Shrine","floor":21,"gold_loss":0},{"damage_healed":0,"gold_gain":0,"player_choice":"Upgraded","damage_taken":0,"max_hp_gain":0,"max_hp_loss":0,"event_name":"Upgrade Shrine","floor":30,"gold_loss":0,"cards_upgraded":["Flex"]},{"damage_healed":0,"gold_gain":0,"player_choice":"Fight","damage_taken":0,"max_hp_gain":0,"max_hp_loss":0,"event_name":"Mysterious Sphere","floor":36,"gold_loss":0}],"is_beta":false,"boss_relics":[{"not_picked":["Fusion Hammer","ChewingGum","Abe\u0027s Treasure"]},{"not_picked":["Honey Jar","Sozu"],"picked":"Black Blood"}],"items_purged_floors":[],"is_endless":false,"potions_floor_spawned":[3,4,12,22,24,27,35],"killed_by":"2 Orb Walkers","ascension_level":0}}