{"host":"aycnbidq9d24owrh","time":1614069733,"event":{"mods":["Bard","BaseMod","BetterRewards","Colored Map","Downfall","Hubris","Infinite Spire","Minty Spire (QoL Compilation)","Replay The Spire","Spire Arcade","StSLib","The Cursed","The Disciple","The Hierophant","The Jungle","The Runesmith","TheBandit"],"gold_per_floor":[111,131,141,340,440,440,474,474,474,488,500,519,550,550,550,550,550],"floor_reached":16,"language":"ENG","playtime":759,"items_purged":[],"score":112,"play_id":"01674f75-6b67-4f75-9bb3-521d2b916c1c","local_time":"20210223004213","is_ascension_mode":false,"campfire_choices":[{"data":"Strike_R","floor":6,"key":"SMITH"},{"floor":8,"key":"REST"},{"data":"Armaments","floor":15,"key":"SMITH"}],"circlet_count":0,"master_deck":["Strike_R+1","Strike_R+1","Strike_R+1","Strike_R+1","Strike_R+1","Defend_R","Defend_R","Defend_R","Defend_R","Bash","Flame Barrier","Replay:Undeath\u0027s Touch","ReplayTheSpireMod:Strike From Hell","Sword Boomerang","Armaments+1","Iron Wave","Shrug It Off","Perfected Strike","Cleave"],"relics":["Burning Blood","Unceasing Top","Replay:Bottled Eggs","Juzu Bracelet","Ring of Hypnosis"],"acts_visited":["Exordium"],"potions_floor_usage":[13,16],"damage_taken":[{"damage":5,"enemies":"2 Louse","floor":1,"turns":3},{"damage":6,"enemies":"Cultist","floor":2,"turns":4},{"damage":5,"enemies":"Small Slimes","floor":3,"turns":4},{"damage":22,"enemies":"Replay:BlueRogue","floor":7,"turns":7},{"damage":2,"enemies":"2 Fungi Beasts","floor":10,"turns":4},{"damage":7,"enemies":"Blue Slaver","floor":11,"turns":3},{"damage":9,"enemies":"Lots of Slimes","floor":12,"turns":4},{"damage":14,"enemies":"3 Sentries","floor":13,"turns":8},{"damage":64,"enemies":"The Guardian","floor":16,"turns":13}],"seed_played":"776613180861612220","potions_obtained":[{"floor":3,"key":"Block Potion"},{"floor":10,"key":"Weak Potion"}],"is_trial":false,"path_per_floor":["M","M","M","?","?","R","E","R","T","M","M","M","E","?","R","B"],"character_chosen":"IRONCLAD","items_purchased":[],"campfire_rested":1,"item_purchase_floors":[],"current_hp_per_floor":[80,80,80,60,60,60,44,68,68,72,71,68,60,60,60,0,0],"gold":550,"neow_bonus":"","is_daily":false,"chose_seed":false,"campfire_upgraded":2,"win_rate":0.0,"timestamp":1614069733,"path_taken":["M","M","M","?","?","R","E","R","T","?","M","M","E","?","R","BOSS"],"items_purchased_type":[],"build_version":"2020-12-22","purchased_purges":0,"victory":false,"max_hp_per_floor":[80,80,80,80,80,80,80,80,80,80,80,80,80,80,80,80,80],"card_choices":[{"not_picked":["Perfected Strike","Shockwave"],"picked":"Flame Barrier","floor":1},{"not_picked":["Iron Wave","Twin Strike"],"picked":"Replay:Undeath\u0027s Touch","floor":2},{"not_picked":["Pommel Strike","Headbutt"],"picked":"ReplayTheSpireMod:Strike From Hell","floor":3},{"not_picked":["True Grit","Pommel Strike"],"picked":"Sword Boomerang","floor":4},{"not_picked":["Hemokinesis","Headbutt"],"picked":"Armaments","floor":7},{"not_picked":["Seeing Red","ReplayTheSpireMod:Strike From Hell"],"picked":"Iron Wave","floor":10},{"not_picked":["Perfected Strike","Headbutt"],"picked":"Shrug It Off","floor":11},{"not_picked":["Warcry","True Grit"],"picked":"Perfected Strike","floor":12},{"not_picked":["Brutality","ReplayTheSpireMod:Strike From Hell"],"picked":"Cleave","floor":13}],"player_experience":0,"relics_obtained":[{"floor":7,"key":"Unceasing Top"},{"floor":9,"key":"Replay:Bottled Eggs"},{"floor":13,"key":"Juzu Bracelet"},{"floor":14,"key":"Ring of Hypnosis"}],"event_choices":[{"damage_healed":0,"gold_gain":100,"player_choice":"Pray","damage_taken":0,"max_hp_gain":0,"max_hp_loss":0,"event_name":"Golden Shrine","floor":5,"gold_loss":0}],"is_beta":false,"boss_relics":[],"items_purged_floors":[],"is_endless":false,"potions_floor_spawned":[3,10],"killed_by":"The Guardian","ascension_level":0}}