{"host":"ztme5fio60r7om62","time":1614060508,"event":{"mods":["BaseMod","Highlight Path","Minty Spire (QoL Compilation)","Permanent Neow","everything is the same but u backflip on backflip"],"gold_per_floor":[110,127,140,140,153,183,201,217,289,308,324,324,354,107,107,212,212,231,246,264,118,129,129,146,146,196,78,112,112,132,158,158,259,259,275,291,291,303,84,84,112,112,112,122,156,172,200,0,0,0,0,0,0,25,25,25],"floor_reached":55,"language":"KOR","playtime":2379,"items_purged":["Strike_R","Defend_R","Strike_R"],"score":813,"play_id":"885fbde7-6eb3-48c4-b230-b8c295268728","local_time":"20210223150828","is_ascension_mode":false,"campfire_choices":[{"floor":12.0,"key":"REST"},{"floor":15.0,"key":"REST"},{"floor":23.0,"key":"RECALL"},{"data":"Panacea","floor":29.0,"key":"SMITH"},{"data":"Berserk","floor":32.0,"key":"SMITH"},{"floor":40.0,"key":"REST"},{"data":"Pommel Strike","floor":42.0,"key":"SMITH"},{"data":"Flex","floor":49,"key":"SMITH"},{"data":"Exhume","floor":52,"key":"SMITH"}],"circlet_count":0,"master_deck":["Strike_R","Strike_R+1","Strike_R+1","Defend_R","Defend_R","Bash","Pummel","Pommel Strike+1","Spot Weakness","Sword Boomerang","Sword Boomerang","Pummel","Headbutt","True Grit","Feed","Dramatic Entrance","Berserk+1","CurseOfTheBell","Dual Wield","Panacea+1","Shrug It Off","Spot Weakness","Headbutt","Exhume+1","Flex+1","Dark Shackles","Battle Trance+1","Flex+1","Pummel"],"relics":["Burning Blood","The Courier","Matryoshka","Bird Faced Urn","PreservedInsect","Calling Bell","Orichalcum","Mercury Hourglass","Pocketwatch","Toy Ornithopter","Whetstone","Happy Flower","Oddly Smooth Stone","Sundial","Mark of Pain","TheAbacus","Omamori","Boot","White Beast Statue","Self Forming Clay","Red Mask","Lantern"],"acts_visited":["Exordium","TheCity","TheBeyond","TheEnding"],"potions_floor_usage":[45,47,54,55,55],"damage_taken":[{"damage":7.0,"enemies":"2 Louse","floor":1.0,"turns":2.0},{"damage":1.0,"enemies":"Cultist","floor":2.0,"turns":3.0},{"damage":3.0,"enemies":"Small Slimes","floor":3.0,"turns":4.0},{"damage":12.0,"enemies":"Exordium Thugs","floor":5.0,"turns":4.0},{"damage":19.0,"enemies":"Lagavulin","floor":6.0,"turns":7.0},{"damage":26.0,"enemies":"Exordium Wildlife","floor":7.0,"turns":5.0},{"damage":6.0,"enemies":"Large Slime","floor":8.0,"turns":4.0},{"damage":10.0,"enemies":"Exordium Thugs","floor":10.0,"turns":2.0},{"damage":11.0,"enemies":"Lots of Slimes","floor":11.0,"turns":3.0},{"damage":39.0,"enemies":"3 Sentries","floor":13.0,"turns":5.0},{"damage":62.0,"enemies":"The Guardian","floor":16.0,"turns":10.0},{"damage":4.0,"enemies":"Chosen","floor":18.0,"turns":3.0},{"damage":10.0,"enemies":"Shell Parasite","floor":19.0,"turns":3.0},{"damage":18.0,"enemies":"Snecko","floor":20.0,"turns":4.0},{"damage":5.0,"enemies":"3 Cultists","floor":22.0,"turns":3.0},{"damage":20.0,"enemies":"Sentry and Sphere","floor":24.0,"turns":4.0},{"damage":13.0,"enemies":"Slavers","floor":28.0,"turns":2.0},{"damage":8.0,"enemies":"Snecko","floor":30.0,"turns":4.0},{"damage":12.0,"enemies":"Gremlin Leader","floor":31.0,"turns":5.0},{"damage":41.0,"enemies":"Collector","floor":33.0,"turns":7.0},{"damage":42.0,"enemies":"3 Darklings","floor":35.0,"turns":5.0},{"damage":4.0,"enemies":"3 Shapes","floor":36.0,"turns":6.0},{"damage":18.0,"enemies":"Sphere and 2 Shapes","floor":38.0,"turns":4.0},{"damage":29.0,"enemies":"Giant Head","floor":41.0,"turns":6.0},{"damage":8,"enemies":"Spire Growth","floor":44,"turns":4},{"damage":0,"enemies":"Reptomancer","floor":45,"turns":3},{"damage":0,"enemies":"Transient","floor":46,"turns":5},{"damage":20,"enemies":"Giant Head","floor":47,"turns":5},{"damage":83,"enemies":"Donu and Deca","floor":50,"turns":7},{"damage":13,"enemies":"Shield and Spear","floor":54,"turns":3},{"damage":110,"enemies":"The Heart","floor":55,"turns":8}],"seed_played":"-1522744951169664390","potions_obtained":[{"floor":1.0,"key":"Block Potion"},{"floor":2.0,"key":"FairyPotion"},{"floor":6.0,"key":"Ancient Potion"},{"floor":11.0,"key":"BlessingOfTheForge"},{"floor":16.0,"key":"Ancient Potion"},{"floor":18.0,"key":"Explosive Potion"},{"floor":20.0,"key":"DuplicationPotion"},{"floor":28.0,"key":"SteroidPotion"},{"floor":31.0,"key":"FearPotion"},{"floor":38.0,"key":"FearPotion"},{"floor":44,"key":"DuplicationPotion"},{"floor":45,"key":"LiquidBronze"},{"floor":46,"key":"SkillPotion"},{"floor":47,"key":"Energy Potion"},{"floor":54,"key":"EssenceOfSteel"}],"is_trial":false,"path_per_floor":["M","M","M","?","M","E","M","M","T","M","M","R","E","$","R","B",null,"M","M","M","$","M","R","M","?","T","$","E","R","M","E","R","B",null,"M","M","?","M","$","R","E","R","T","M","E","M","E","?","R","B",null,"R","$","E","B"],"character_chosen":"IRONCLAD","items_purchased":["PreservedInsect","Dramatic Entrance","Panacea","Happy Flower","TheAbacus"],"campfire_rested":3,"item_purchase_floors":[14,14,21,27,39],"current_hp_per_floor":[79,80,80,90,84,71,51,51,51,47,42,69,36,36,63,7,90,90,86,74,74,78,78,66,66,66,66,67,67,65,66,66,38,96,62,69,69,60,60,90,69,69,69,67,80,88,81,81,81,36,102,102,102,102,0,0],"gold":25,"neow_bonus":"TRANSFORM_CARD","is_daily":false,"chose_seed":false,"campfire_upgraded":5,"win_rate":0.0,"timestamp":1614060508,"path_taken":["M","M","M","?","M","E","M","M","T","M","M","R","E","$","R","BOSS","M","?","M","?","M","R","M","?","T","$","E","R","?","E","R","BOSS","M","M","?","M","$","R","E","R","T","M","E","M","E","?","R","BOSS","R","$","E","BOSS"],"items_purchased_type":["Relic","Card","Card","Relic","Relic"],"build_version":"2020-12-22","purchased_purges":3,"victory":false,"max_hp_per_floor":[80,80,80,90,90,90,90,90,90,90,90,90,90,90,90,90,90,90,90,90,90,93,93,93,93,93,93,96,96,96,96,96,96,96,96,99,99,102,102,102,102,102,102,102,102,102,102,102,102,102,102,102,102,105,105,105],"card_choices":[{"not_picked":["Havoc","Pommel Strike"],"picked":"Pummel","floor":1.0},{"not_picked":["Clash","Entrench"],"picked":"Pommel Strike","floor":2.0},{"not_picked":["Shrug It Off","Power Through"],"picked":"Spot Weakness","floor":3.0},{"not_picked":["Clash","Rampage"],"picked":"Sword Boomerang","floor":5.0},{"not_picked":["Evolve","Pommel Strike"],"picked":"Sword Boomerang","floor":6.0},{"not_picked":["Burning Pact","Wild Strike"],"picked":"Pummel","floor":7.0},{"not_picked":["Clash","Anger"],"picked":"Headbutt","floor":8.0},{"not_picked":["Clothesline","Fiend Fire","Perfected Strike"],"picked":"SKIP","floor":10.0},{"not_picked":["Rampage","Havoc"],"picked":"True Grit","floor":11.0},{"not_picked":["Rupture","Body Slam"],"picked":"Feed","floor":13.0},{"not_picked":["Fiend Fire","Brutality"],"picked":"Berserk","floor":16.0},{"not_picked":["Sword Boomerang","Bloodletting","Iron Wave"],"picked":"SKIP","floor":18.0},{"not_picked":["Uppercut","Twin Strike","Heavy Blade"],"picked":"SKIP","floor":19.0},{"not_picked":["Warcry","Impervious"],"picked":"Dual Wield","floor":20.0},{"not_picked":["Battle Trance","Heavy Blade"],"picked":"Shrug It Off","floor":22.0},{"not_picked":["Flex","Warcry"],"picked":"Spot Weakness","floor":24.0},{"not_picked":["Sword Boomerang","True Grit","Perfected Strike+1"],"picked":"SKIP","floor":28.0},{"not_picked":["Uppercut","Pommel Strike"],"picked":"Headbutt","floor":30.0},{"not_picked":["Reckless Charge","Blood for Blood","Havoc"],"picked":"SKIP","floor":31.0},{"not_picked":["Barricade","Corruption"],"picked":"Exhume","floor":33.0},{"not_picked":["Thunderclap","Twin Strike+1","Infernal Blade"],"picked":"SKIP","floor":35.0},{"not_picked":["Evolve","Twin Strike"],"picked":"Flex","floor":36.0},{"not_picked":["The Bomb","Good Instincts"],"picked":"Dark Shackles","floor":37.0},{"not_picked":["Dual Wield+1","Headbutt+1","Hemokinesis+1"],"picked":"SKIP","floor":38.0},{"not_picked":["Clash","Twin Strike+1","Entrench+1"],"picked":"SKIP","floor":41.0},{"not_picked":["Wild Strike","Cleave+1"],"picked":"Battle Trance+1","floor":44},{"not_picked":["Twin Strike","Dual Wield"],"picked":"Flex+1","floor":45},{"not_picked":["Intimidate","Battle Trance","Infernal Blade+1"],"picked":"SKIP","floor":46},{"not_picked":["Dropkick","Clash","Barricade"],"picked":"SKIP","floor":47},{"not_picked":["Flame Barrier","Twin Strike+1"],"picked":"Pummel","floor":54}],"player_experience":605735,"relics_obtained":[{"floor":6.0,"key":"The Courier"},{"floor":9.0,"key":"Matryoshka"},{"floor":13.0,"key":"Bird Faced Urn"},{"floor":17.0,"key":"Orichalcum"},{"floor":17.0,"key":"Mercury Hourglass"},{"floor":17.0,"key":"Pocketwatch"},{"floor":26.0,"key":"Toy Ornithopter"},{"floor":26.0,"key":"Whetstone"},{"floor":28.0,"key":"Oddly Smooth Stone"},{"floor":31.0,"key":"Sundial"},{"floor":41.0,"key":"Omamori"},{"floor":43,"key":"Boot"},{"floor":45,"key":"White Beast Statue"},{"floor":47,"key":"Self Forming Clay"},{"floor":54,"key":"Lantern"}],"event_choices":[{"cards_removed":["Juggernaut"],"damage_healed":0.0,"max_hp_gain":10.0,"max_hp_loss":0.0,"gold_gain":0.0,"event_name":"Bonfire Elementals","player_choice":"Offered Rare","floor":4.0,"gold_loss":0.0,"damage_taken":0.0},{"damage_healed":0.0,"max_hp_gain":0.0,"max_hp_loss":0.0,"gold_gain":0.0,"event_name":"Ghosts","player_choice":"Ignored","floor":25.0,"gold_loss":0.0,"damage_taken":0.0},{"damage_healed":0.0,"max_hp_gain":0.0,"max_hp_loss":0.0,"gold_gain":0.0,"event_name":"SensoryStone","player_choice":"Memory 1","floor":37.0,"gold_loss":0.0,"damage_taken":0.0},{"damage_healed":0,"gold_gain":0,"player_choice":"Paid","damage_taken":0,"relics_obtained":["Red Mask"],"max_hp_gain":0,"max_hp_loss":0,"event_name":"Tomb of Lord Red Mask","floor":48,"gold_loss":200}],"is_beta":false,"boss_relics":[{"not_picked":["Velvet Choker","Fusion Hammer"],"picked":"Calling Bell"},{"not_picked":["Empty Cage","SlaversCollar"],"picked":"Mark of Pain"}],"items_purged_floors":[14,21,39],"is_endless":false,"potions_floor_spawned":[1,2,6,11,16,18,20,28,31,38,44,45,46,47,54],"killed_by":"The Heart","ascension_level":0}}