{"host":"50qwps766cbz6ukm","time":1614072079,"event":{"mods":["BaseMod","Colored Map","Colored Powertips","DeckTracker","Highlight Path","Minty Spire (QoL Compilation)","Quick Restart","Remove Card Discount Mod","StSLib","SuperFastMode","Synergy Search"],"gold_per_floor":[112,287,299,299,299,324,324,352,352,372,372,383,393,403,403,505,505,520,520,520,11,25,25,25,25,50,50,50,62,62,94,94,196,196,206,256,606,606,606],"floor_reached":38,"language":"ENG","playtime":762,"items_purged":["Strike_P","Strike_P","Strike_P+1","Strike_P+1","Defend_P","Defend_P","Defend_P","Defend_P","Consecrate"],"score":700,"play_id":"83e6f4d5-f729-4fc8-8b15-6c99d12aee73","local_time":"20210223112119","is_ascension_mode":true,"campfire_choices":[{"data":"Vigilance","floor":7,"key":"SMITH"},{"data":"Adaptation","floor":15,"key":"SMITH"},{"floor":23,"key":"REST"},{"data":"Panache","floor":25,"key":"SMITH"},{"floor":32,"key":"REST"}],"circlet_count":0,"master_deck":["AscendersBane","Eruption+1","Vigilance+1","FlurryOfBlows","Consecrate","Adaptation+1","Consecrate","Alpha","Panache+1","LikeWater"],"relics":["PureWater","NeowsBlessing","CloakClasp","Nunchaku","Calipers","Philosopher\u0027s Stone","MutagenicStrength","Singing Bowl","Mercury Hourglass","MealTicket","Bag of Marbles","SlaversCollar","Unceasing Top","Old Coin"],"acts_visited":["Exordium","TheCity","TheBeyond"],"potions_floor_usage":[8,16,29,33,36],"damage_taken":[{"damage":0,"enemies":"Jaw Worm","floor":1,"turns":1},{"damage":0,"enemies":"Small Slimes","floor":3,"turns":1},{"damage":0,"enemies":"Lagavulin","floor":6,"turns":1},{"damage":1,"enemies":"Gremlin Nob","floor":8,"turns":3},{"damage":5,"enemies":"2 Louse","floor":10,"turns":2},{"damage":0,"enemies":"Large Slime","floor":12,"turns":4},{"damage":4,"enemies":"Lots of Slimes","floor":13,"turns":3},{"damage":0,"enemies":"3 Louse","floor":14,"turns":2},{"damage":16,"enemies":"Hexaghost","floor":16,"turns":9},{"damage":33,"enemies":"2 Thieves","floor":18,"turns":4},{"damage":8,"enemies":"Spheric Guardian","floor":22,"turns":4},{"damage":31,"enemies":"Snake Plant","floor":29,"turns":3},{"damage":0,"enemies":"Gremlin Leader","floor":31,"turns":4},{"damage":31,"enemies":"Champ","floor":33,"turns":6},{"damage":10,"enemies":"Orb Walker","floor":35,"turns":3},{"damage":56,"enemies":"2 Orb Walkers","floor":36,"turns":4},{"damage":0,"enemies":"Mind Bloom Boss Battle","floor":37,"turns":5},{"damage":8,"enemies":"3 Shapes","floor":38,"turns":1}],"seed_played":"211984657337165542","potions_obtained":[{"floor":3,"key":"Block Potion"},{"floor":10,"key":"FearPotion"},{"floor":12,"key":"SneckoOil"},{"floor":14,"key":"ColorlessPotion"},{"floor":31,"key":"SteroidPotion"},{"floor":33,"key":"Block Potion"}],"is_trial":false,"path_per_floor":["M","?","M","?","?","E","R","E","T","M","?","M","M","M","R","B",null,"M","?","T","$","M","R","$","R","T","?","?","M","$","E","R","B",null,"M","?","?","M"],"character_chosen":"WATCHER","items_purchased":["Mercury Hourglass","Panache","LikeWater"],"campfire_rested":2,"item_purchase_floors":[21,21,21],"current_hp_per_floor":[65,65,65,65,51,51,51,50,50,45,45,45,41,41,41,25,60,27,27,27,27,21,43,43,43,43,43,43,14,29,31,54,25,66,58,4,6,0,0],"gold":606,"neow_bonus":"THREE_ENEMY_KILL","is_daily":false,"chose_seed":false,"campfire_upgraded":3,"win_rate":0.0,"timestamp":1614072079,"path_taken":["M","?","M","?","?","E","R","E","T","M","?","?","M","M","R","BOSS","M","?","?","$","M","R","$","R","T","?","?","M","?","E","R","BOSS","M","?","?","M"],"items_purchased_type":["Relic","Card","Card"],"build_version":"2020-12-22","purchased_purges":9,"victory":false,"max_hp_per_floor":[72,72,72,72,72,72,72,72,72,72,72,72,72,72,72,72,72,72,72,72,72,74,74,74,74,74,74,74,76,76,78,78,80,80,82,84,86,86,86],"card_choices":[{"not_picked":["EmptyFist","EmptyMind","ClearTheMind"],"picked":"SKIP","floor":1},{"not_picked":["Tantrum","Halt"],"picked":"FlurryOfBlows","floor":3},{"not_picked":["WheelKick","Sanctity"],"picked":"Consecrate","floor":6},{"not_picked":["DevaForm","Indignation"],"picked":"Adaptation","floor":8},{"not_picked":["WaveOfTheHand","FlyingSleeves","WreathOfFlame"],"picked":"SKIP","floor":10},{"not_picked":["PathToVictory","FlurryOfBlows"],"picked":"Consecrate","floor":12},{"not_picked":["PathToVictory","Conclude","FearNoEvil"],"picked":"SKIP","floor":13},{"not_picked":["FollowUp","CutThroughFate"],"picked":"Consecrate","floor":14},{"not_picked":["Establishment","ConjureBlade"],"picked":"Alpha","floor":16},{"not_picked":["BowlingBash","Pray","ClearTheMind"],"picked":"SKIP","floor":18},{"not_picked":["Crescendo+1","FollowUp","Evaluate"],"picked":"Singing Bowl","floor":22},{"not_picked":["EmptyFist","BowlingBash","FlyingSleeves+1"],"picked":"Singing Bowl","floor":29},{"not_picked":["Halt","SandsOfTime","Evaluate+1"],"picked":"Singing Bowl","floor":31},{"not_picked":["DevaForm","Omniscience","Ragnarok"],"picked":"Singing Bowl","floor":33},{"not_picked":["FollowUp+1","SashWhip","Evaluate"],"picked":"Singing Bowl","floor":35},{"not_picked":["BowlingBash+1","ClearTheMind","Vengeance+1"],"picked":"Singing Bowl","floor":36},{"not_picked":["SashWhip","LikeWater+1","ReachHeaven"],"picked":"Singing Bowl","floor":37}],"player_experience":603222,"relics_obtained":[{"floor":6,"key":"CloakClasp"},{"floor":8,"key":"Nunchaku"},{"floor":9,"key":"Calipers"},{"floor":20,"key":"Singing Bowl"},{"floor":26,"key":"MealTicket"},{"floor":31,"key":"Bag of Marbles"},{"floor":36,"key":"Unceasing Top"},{"floor":37,"key":"Old Coin"}],"event_choices":[{"damage_healed":0,"gold_gain":175,"player_choice":"AGREE","damage_taken":0,"max_hp_gain":0,"max_hp_loss":0,"event_name":"Liars Game","floor":2,"gold_loss":0,"cards_obtained":["Doubt"]},{"damage_healed":0,"gold_gain":0,"player_choice":"Grow","damage_taken":0,"max_hp_gain":0,"max_hp_loss":0,"event_name":"Living Wall","floor":4,"gold_loss":0,"cards_upgraded":["Eruption"]},{"damage_healed":0,"gold_gain":0,"player_choice":"Entered Light","damage_taken":14,"max_hp_gain":0,"max_hp_loss":0,"event_name":"Shining Light","floor":5,"gold_loss":0,"cards_upgraded":["Strike_P","Strike_P"]},{"cards_removed":["Doubt"],"damage_healed":0,"gold_gain":0,"player_choice":"Purged","damage_taken":0,"max_hp_gain":0,"max_hp_loss":0,"event_name":"Purifier","floor":11,"gold_loss":0},{"damage_healed":0,"gold_gain":0,"player_choice":"Inject Mutagens","damage_taken":0,"relics_obtained":["MutagenicStrength"],"max_hp_gain":0,"max_hp_loss":0,"event_name":"Drug Dealer","floor":19,"gold_loss":0},{"damage_healed":0,"gold_gain":0,"player_choice":"Ignored","damage_taken":0,"max_hp_gain":0,"max_hp_loss":0,"event_name":"Vampires","floor":28,"gold_loss":0},{"damage_healed":0,"gold_gain":0,"player_choice":"Fight","damage_taken":0,"max_hp_gain":0,"max_hp_loss":0,"event_name":"Mysterious Sphere","floor":36,"gold_loss":0},{"damage_healed":0,"gold_gain":0,"player_choice":"Fight","damage_taken":0,"max_hp_gain":0,"max_hp_loss":0,"event_name":"MindBloom","floor":37,"gold_loss":0}],"is_beta":false,"boss_relics":[{"not_picked":["Fusion Hammer","Runic Dome"],"picked":"Philosopher\u0027s Stone"},{"not_picked":["VioletLotus","Coffee Dripper"],"picked":"SlaversCollar"}],"items_purged_floors":[21,21,21,21,21,21,21,21,21],"is_endless":false,"potions_floor_spawned":[3,10,12,14,31,33],"killed_by":"3 Shapes","ascension_level":10}}