{"host":"p7cjtxxrilhp4dw7","time":1614068498,"event":{"mods":["BaseMod","Block Reminder","Colored Map","Curses Come First","Downfall","Highlight Path","Minty Spire (QoL Compilation)","StSLib"],"gold_per_floor":[99,274,274,285,385,485,539,573,590,163,163,189,189,199,216,321,321,321,335,21,21,21,31,31,48,48,60,60,82,116,133,152,252,252,152,162,162,173,186,186,186,240,240,240,40,59,59,89,102,102,102,128,37,37,37,37],"floor_reached":57,"language":"ENG","playtime":8649,"items_purged":["sneckomod:Strike"],"score":1310,"play_id":"1bcd5b77-c964-4cfe-8005-5d0e8da2f10a","local_time":"20210223012138","is_ascension_mode":false,"campfire_choices":[{"data":"sneckomod:TailWhip","floor":1,"key":"SMITH"},{"data":"sneckomod:UnknownRareAttack","floor":11,"key":"SMITH"},{"floor":13,"key":"REST"},{"data":"sneckomod:TrashToTreasure","floor":18,"key":"SMITH"},{"data":"sneckomod:SoulExchange","floor":26,"key":"SMITH"},{"floor":35,"key":"RECALL"},{"data":"expansioncontent:Chronoboost","floor":45,"key":"SMITH"},{"floor":47,"key":"REST"},{"data":"bronze:Return","floor":54,"key":"SMITH"}],"circlet_count":0,"master_deck":["sneckomod:Strike","sneckomod:Strike","sneckomod:Defend","sneckomod:Defend","sneckomod:Defend+1","sneckomod:TailWhip+1","sneckomod:SnekBite","sneckomod:Unknown","sneckomod:IronFang","sneckomod:UnknownRareAttack+1","sneckomod:Nope+1","sneckomod:TrashToTreasure+1","sneckomod:SoulExchange+1","sneckomod:Unknown2Cost","sneckomod:Nope","sneckomod:SnakeSap","sneckomod:QuickBite+1","bronze:Return+1","expansioncontent:Chronoboost+1","sneckomod:TrashToTreasure+1","sneckomod:UnknownCommonAttack+1","sneckomod:TrashToTreasure","sneckomod:Nope","sneckomod:SoulRoll","Jack Of All Trades"],"relics":["sneckomod:SneckoSoul","Dead Branch","Ornamental Fan","Bronze Scales","Darkstone Periapt","Busted Crown","Juzu Bracelet","Regal Pillow","Mummified Hand","downfall:RedIOU","Happy Flower","Shuriken","Black Star","downfall:HeartBlessingGreen","War Paint","downfall:HeartBlessingRed","downfall:HeartBlessingBlue","PreservedInsect","Bottled Flame","Blood Vial","Ginger"],"acts_visited":["Exordium","TheCity","TheBeyond","TheEnding"],"potions_floor_usage":[16,16,25,30,31,33,38,49,50,56],"damage_taken":[{"damage":0,"enemies":"Cultist","floor":4,"turns":3},{"damage":14,"enemies":"3 Sentries","floor":8,"turns":4},{"damage":3,"enemies":"Jaw Worm","floor":9,"turns":3},{"damage":0,"enemies":"downfall:FleeingMerchant","floor":10,"turns":4},{"damage":14,"enemies":"Gremlin Nob","floor":12,"turns":3},{"damage":3,"enemies":"Small Slimes","floor":14,"turns":2},{"damage":0,"enemies":"downfall:LooterAlt","floor":15,"turns":2},{"damage":30,"enemies":"DF_ARCHETYPE_STREAMLINE","floor":16,"turns":5},{"damage":0,"enemies":"Spheric Guardian","floor":19,"turns":1},{"damage":0,"enemies":"downfall:FleeingMerchant","floor":20,"turns":4},{"damage":0,"enemies":"Chosen","floor":23,"turns":2},{"damage":0,"enemies":"Shelled Parasite and Fungi","floor":25,"turns":3},{"damage":0,"enemies":"Snecko","floor":27,"turns":2},{"damage":0,"enemies":"downfall:FleeingMerchant","floor":29,"turns":2},{"damage":0,"enemies":"Book of Stabbing","floor":30,"turns":2},{"damage":0,"enemies":"Cultist and Chosen","floor":31,"turns":2},{"damage":3,"enemies":"Sentry and Sphere","floor":32,"turns":3},{"damage":48,"enemies":"IC_MUSHROOM_ARCHETYPE","floor":33,"turns":6},{"damage":10,"enemies":"Orb Walker","floor":36,"turns":2},{"damage":16,"enemies":"3 Shapes","floor":38,"turns":4},{"damage":2,"enemies":"Maw","floor":39,"turns":5},{"damage":20,"enemies":"Transient","floor":46,"turns":5},{"damage":0,"enemies":"Giant Head","floor":48,"turns":2},{"damage":2,"enemies":"Sphere and 2 Shapes","floor":49,"turns":3},{"damage":7,"enemies":"SI_POISON_ARCHETYPE","floor":50,"turns":8},{"damage":1,"enemies":"downfall:CharBossMerchant","floor":52,"turns":6},{"damage":11,"enemies":"downfall:NeowBoss","floor":55,"turns":9},{"damage":27,"enemies":"downfall:NeowBossFinal","floor":56,"turns":8}],"seed_played":"2040734250299573520","potions_obtained":[{"floor":9,"key":"SkillPotion"},{"floor":14,"key":"Swift Potion"},{"floor":15,"key":"BlessingOfTheForge"},{"floor":16,"key":"SkillPotion"},{"floor":23,"key":"FearPotion"},{"floor":27,"key":"Explosive Potion"},{"floor":30,"key":"Guardian:BlockOnCardUsePotion"},{"floor":31,"key":"Energy Potion"},{"floor":36,"key":"hexamod:SoulburnPotion"},{"floor":38,"key":"SkillPotion"},{"floor":40,"key":"LiquidBronze"},{"floor":48,"key":"Dexterity Potion"}],"is_trial":false,"path_per_floor":["R","?","?","M","?","?","T","E","M","$","R","E","R","M","M","B",null,"R","M","$","?","?","M","T","M","R","M","?","$","E","M","M","B",null,"R","M","?","M","M","?","T","?","?","?","R","M","R","E","M","B",null,"E","$","R","B","B",null],"character_chosen":"THE_SNECKO","items_purchased":["Ornamental Fan","Bronze Scales","Juzu Bracelet","Regal Pillow","Happy Flower","sneckomod:SnakeSap","Jack Of All Trades"],"campfire_rested":2,"item_purchase_floors":[10,10,20,20,29,29,53],"current_hp_per_floor":[99,99,99,99,99,99,99,85,82,82,82,68,97,94,94,64,99,99,99,99,99,99,99,99,99,99,99,99,99,99,99,96,48,99,99,89,89,73,71,71,71,71,71,71,81,76,109,109,107,100,109,108,108,108,103,78],"gold":37,"neow_bonus":"TEN_PERCENT_HP_BONUS","is_daily":false,"chose_seed":false,"campfire_upgraded":6,"win_rate":0.0,"timestamp":1614068498,"path_taken":["R","?","?","?","?","?","T","E","M","$","R","E","R","?","M","BOSS","R","M","$","?","?","M","T","M","R","M","?","$","E","M","M","BOSS","R","M","?","M","M","?","T","?","?","?","R","M","R","E","M","BOSS","E","$","R","BOSS","BOSS"],"items_purchased_type":["Relic","Relic","Relic","Relic","Relic","Card","Card"],"build_version":"2020-12-22","purchased_purges":1,"victory":true,"max_hp_per_floor":[99,99,99,99,99,99,99,99,99,99,99,99,99,99,99,99,99,99,99,99,99,99,99,99,99,99,99,99,99,99,99,99,99,99,99,99,99,99,99,99,99,99,99,99,109,109,109,109,109,109,109,109,109,109,109,109],"card_choices":[{"not_picked":["sneckomod:CheapStock","sneckomod:QuickBite"],"picked":"sneckomod:IronFang","floor":4},{"not_picked":["sneckomod:UnknownStrike","sneckomod:UnknownCommonAttack"],"picked":"sneckomod:UnknownRareAttack","floor":8},{"not_picked":["sneckomod:Rotation","sneckomod:Unknown0Cost"],"picked":"sneckomod:Memorize","floor":9},{"not_picked":["sneckomod:PureSnecko","sneckomod:UnknownCommonSkill"],"picked":"sneckomod:Nope","floor":10},{"not_picked":["sneckomod:UnknownX","sneckomod:UnknownDraw","sneckomod:QuickMove"],"picked":"SKIP","floor":12},{"not_picked":["sneckomod:Unknown0Cost","sneckomod:UnknownX"],"picked":"sneckomod:TrashToTreasure","floor":14},{"not_picked":["sneckomod:SoulRoll","sneckomod:UnknownCommonSkill","sneckomod:QuickBite"],"picked":"SKIP","floor":15},{"not_picked":["sneckomod:UnknownRareAttack","sneckomod:UnlimitedRolls"],"picked":"sneckomod:SoulExchange","floor":16},{"not_picked":["sneckomod:UnendingSupply"],"picked":"SKIP","floor":19},{"not_picked":[],"picked":"sneckomod:Unknown2Cost","floor":20},{"not_picked":["sneckomod:UnknownClassTHE_BRONZE_AUTOMATON+1"],"picked":"SKIP","floor":23},{"not_picked":["sneckomod:UnknownCommonAttack"],"picked":"SKIP","floor":25},{"not_picked":["sneckomod:UnknownClassSLIMEBOUND"],"picked":"SKIP","floor":27},{"not_picked":["sneckomod:RainOfDice"],"picked":"SKIP","floor":29},{"not_picked":[],"picked":"sneckomod:QuickBite+1","floor":30},{"not_picked":["sneckomod:UnknownClassGUARDIAN"],"picked":"SKIP","floor":31},{"not_picked":["sneckomod:QuickBite"],"picked":"SKIP","floor":32},{"not_picked":["sneckomod:UnknownExhaust"],"picked":"SKIP","floor":36},{"not_picked":["expansioncontent:Hexaburn","expansioncontent:InvincibleStrength"],"picked":"expansioncontent:Chronoboost","floor":37},{"not_picked":[],"picked":"sneckomod:TrashToTreasure+1","floor":38},{"not_picked":[],"picked":"sneckomod:UnknownCommonAttack+1","floor":39},{"not_picked":[],"picked":"sneckomod:TrashToTreasure","floor":46},{"not_picked":["sneckomod:QuickMove"],"picked":"SKIP","floor":48},{"not_picked":["sneckomod:Nope"],"picked":"SKIP","floor":49},{"not_picked":[],"picked":"sneckomod:Nope","floor":49},{"not_picked":[],"picked":"sneckomod:SoulRoll","floor":52}],"player_experience":869535,"relics_obtained":[{"floor":7,"key":"Bag of Preparation"},{"floor":8,"key":"Dead Branch"},{"floor":12,"key":"Darkstone Periapt"},{"floor":24,"key":"Mummified Hand"},{"floor":30,"key":"Shuriken"},{"floor":42,"key":"War Paint"},{"floor":48,"key":"PreservedInsect"},{"floor":48,"key":"Bottled Flame"},{"floor":52,"key":"Blood Vial"},{"floor":52,"key":"Ginger"}],"event_choices":[{"cards_removed":["Doubt"],"damage_healed":0,"gold_gain":0,"player_choice":"Card Removal","damage_taken":0,"max_hp_gain":0,"max_hp_loss":0,"event_name":"The Cleric","floor":3,"gold_loss":0},{"damage_healed":0,"gold_gain":0,"player_choice":"Read","damage_taken":0,"max_hp_gain":0,"max_hp_loss":0,"event_name":"The Library","floor":21,"gold_loss":0,"cards_obtained":["sneckomod:Nope"]},{"damage_healed":0,"gold_gain":0,"player_choice":"Got Potions","damage_taken":0,"max_hp_gain":0,"max_hp_loss":0,"event_name":"Lab","floor":40,"gold_loss":0}],"is_beta":false,"boss_relics":[{"not_picked":["Runic Dome","Tiny House"],"picked":"Busted Crown"},{"not_picked":["Philosopher\u0027s Stone","sneckomod:SuperSneckoSoul"],"picked":"Black Star"}],"items_purged_floors":[29],"is_endless":false,"potions_floor_spawned":[9,14,15,16,23,27,30,31,36,38,48],"ascension_level":0}}