{"host":"qc8p2flj7wsy3zpg","time":1614098015,"event":{"mods":["BaseMod","Highlight Path","Minty Spire (QoL Compilation)","Monster List Patch","Relic Stats","StSLib"],"gold_per_floor":[18,18,38,54,54,89,89,125,125,125,150,150,166,36,36,125,125,138,157,20,20,20,20,63,79,125,125,125],"floor_reached":27,"language":"ENG","playtime":901,"items_purged":[],"score":482,"play_id":"d8986e86-7efb-4fa7-b420-24bd698f985c","local_time":"20210223103335","is_ascension_mode":true,"campfire_choices":[{"data":"Sadistic Nature","floor":7.0,"key":"SMITH"},{"floor":10.0,"key":"REST"},{"data":"Neutralize","floor":12.0,"key":"SMITH"},{"data":"Bouncing Flask","floor":15.0,"key":"SMITH"},{"floor":23.0,"key":"RECALL"}],"circlet_count":0,"master_deck":["AscendersBane","Strike_G","Strike_G","Strike_G","Strike_G","Strike_G","Defend_G","Defend_G","Defend_G","Defend_G","Defend_G","Survivor","Neutralize+1","Sadistic Nature+1","PiercingWail","Deadly Poison+1","Poisoned Stab","Flying Knee","Caltrops","Bouncing Flask+1","Noxious Fumes","Backstab+1","Corpse Explosion","Acrobatics","Blade Dance","Bouncing Flask","Bullet Time","PiercingWail"],"relics":["Ring of the Snake","Golden Idol","Lantern","Unceasing Top","Molten Egg 2","Fusion Hammer","MutagenicStrength","Pen Nib","Oddly Smooth Stone"],"acts_visited":["Exordium","TheCity"],"potions_floor_usage":[27,27],"damage_taken":[{"damage":0.0,"enemies":"2 Louse","floor":1.0,"turns":4.0},{"damage":4.0,"enemies":"Small Slimes","floor":3.0,"turns":3.0},{"damage":0.0,"enemies":"Cultist","floor":4.0,"turns":3.0},{"damage":28.0,"enemies":"Lagavulin","floor":6.0,"turns":6.0},{"damage":38.0,"enemies":"Gremlin Nob","floor":8.0,"turns":4.0},{"damage":8.0,"enemies":"Gremlin Gang","floor":11.0,"turns":4.0},{"damage":0.0,"enemies":"Looter","floor":13.0,"turns":3.0},{"damage":16.0,"enemies":"Hexaghost","floor":16.0,"turns":7.0},{"damage":19.0,"enemies":"Spheric Guardian","floor":18.0,"turns":4.0},{"damage":0.0,"enemies":"3 Byrds","floor":19.0,"turns":2.0},{"damage":32.0,"enemies":"Book of Stabbing","floor":24.0,"turns":4.0},{"damage":9.0,"enemies":"3 Cultists","floor":25.0,"turns":4.0},{"damage":23,"enemies":"Shelled Parasite and Fungi","floor":27,"turns":2}],"seed_played":"508009134547923269","potions_obtained":[{"floor":1.0,"key":"CultistPotion"},{"floor":3.0,"key":"FairyPotion"},{"floor":18.0,"key":"EssenceOfSteel"},{"floor":25.0,"key":"Strength Potion"}],"is_trial":false,"path_per_floor":["M","?","M","M","?","E","R","E","T","R","M","R","M","$","R","B",null,"M","M","$","?","?","R","E","M","T","M"],"character_chosen":"THE_SILENT","items_purchased":["Noxious Fumes","Backstab+1","Bouncing Flask","PowerPotion"],"campfire_rested":1,"item_purchase_floors":[14,14,20,20],"current_hp_per_floor":[59,59,55,55,55,27,27,18,18,36,28,28,28,28,28,12,48,29,29,29,29,60,60,28,19,19,0,0],"gold":125,"neow_bonus":"RANDOM_COLORLESS_2","is_daily":false,"chose_seed":false,"campfire_upgraded":3,"win_rate":0.0,"timestamp":1614098015,"path_taken":["M","?","M","M","?","E","R","E","T","R","?","R","M","$","R","BOSS","M","?","$","?","?","R","E","M","T","M"],"items_purchased_type":["Card","Card","Card","Potion"],"build_version":"2020-12-22","purchased_purges":0,"victory":false,"max_hp_per_floor":[66,60,60,60,60,60,60,60,60,60,60,60,60,60,60,60,60,60,60,60,60,60,60,60,60,60,60,60],"relic_stats":{"counters":[13,50],"Golden Idol":66,"Pen Nib":[0],"obtain_stats":[{"Lantern":6,"Golden Idol":2,"MutagenicStrength":21,"Oddly Smooth Stone":26,"Molten Egg 2":9,"Fusion Hammer":17,"Pen Nib":24,"Unceasing Top":8,"Ring of the Snake":0},{"Lantern":4,"Golden Idol":1,"MutagenicStrength":10,"Oddly Smooth Stone":12,"Molten Egg 2":5,"Fusion Hammer":8,"Pen Nib":11,"Unceasing Top":5,"Ring of the Snake":0},{"Lantern":16,"Golden Idol":4,"MutagenicStrength":40,"Oddly Smooth Stone":48,"Molten Egg 2":20,"Fusion Hammer":34,"Pen Nib":44,"Unceasing Top":20,"Ring of the Snake":0}],"Unceasing Top":[4],"Ring of the Snake":[26]},"card_choices":[{"not_picked":["Magnetism","Apotheosis"],"picked":"Sadistic Nature","floor":0.0},{"not_picked":["Cloak And Dagger","Tactician"],"picked":"Finisher","floor":1.0},{"not_picked":["Backstab","Eviscerate"],"picked":"PiercingWail","floor":3.0},{"not_picked":["Backstab","Dagger Spray"],"picked":"Deadly Poison","floor":4.0},{"not_picked":["Dodge and Roll","Deadly Poison"],"picked":"Poisoned Stab","floor":6.0},{"not_picked":["Dodge and Roll","Finisher"],"picked":"Flying Knee","floor":8.0},{"not_picked":["Concentrate","Outmaneuver"],"picked":"Caltrops","floor":11.0},{"not_picked":["Predator+1","Bullet Time"],"picked":"Bouncing Flask","floor":13.0},{"not_picked":["Bullet Time","Phantasmal Killer"],"picked":"Corpse Explosion","floor":16.0},{"not_picked":["Sucker Punch+1","Outmaneuver"],"picked":"Acrobatics","floor":18.0},{"not_picked":["Noxious Fumes","Poisoned Stab+1"],"picked":"Blade Dance","floor":19.0},{"not_picked":["Eviscerate+1","Well Laid Plans"],"picked":"Bullet Time","floor":24.0},{"not_picked":["Outmaneuver","Poisoned Stab+1"],"picked":"PiercingWail","floor":25.0}],"player_experience":2420401,"relics_obtained":[{"floor":6.0,"key":"Lantern"},{"floor":8.0,"key":"Unceasing Top"},{"floor":9.0,"key":"Molten Egg 2"},{"floor":24.0,"key":"Pen Nib"},{"floor":26.0,"key":"Oddly Smooth Stone"}],"event_choices":[{"damage_healed":0.0,"max_hp_gain":0.0,"max_hp_loss":6.0,"gold_gain":0.0,"event_name":"Golden Idol","player_choice":"Lose Max HP","floor":2.0,"gold_loss":0.0,"damage_taken":0.0,"relics_obtained":["Golden Idol"]},{"damage_healed":0.0,"max_hp_gain":0.0,"max_hp_loss":0.0,"gold_gain":0.0,"event_name":"Accursed Blacksmith","player_choice":"Forge","floor":5.0,"gold_loss":0.0,"damage_taken":0.0,"cards_upgraded":["Deadly Poison"]},{"damage_healed":0.0,"max_hp_gain":0.0,"max_hp_loss":0.0,"gold_gain":0.0,"event_name":"Drug Dealer","player_choice":"Inject Mutagens","floor":21.0,"gold_loss":0.0,"damage_taken":0.0,"relics_obtained":["MutagenicStrength"]},{"cards_removed":["Finisher"],"damage_healed":31.0,"max_hp_gain":0.0,"max_hp_loss":0.0,"gold_gain":0.0,"event_name":"Bonfire Elementals","player_choice":"Offered Uncommon","floor":22.0,"gold_loss":0.0,"damage_taken":0.0}],"is_beta":false,"boss_relics":[{"not_picked":["SacredBark","Ring of the Serpent"],"picked":"Fusion Hammer"}],"items_purged_floors":[],"is_endless":false,"potions_floor_spawned":[1,3,6,18,25],"killed_by":"Shelled Parasite and Fungi","ascension_level":20}}