{"host":"sfkslwp4t49i7lrt","time":1614091180,"event":{"mods":["Act Like it!","BaseMod","Bestiary","Block Reminder","Downfall","Friendly Minions","Gensokyo","Highlight Path","Lobotomy","Minty Spire (QoL Compilation)","Relic Stats","Ruina","Spire Arcade","StSLib","Wide Potions","everything is the same but u backflip on backflip","slay the spire mod where everything is the same but ironclad has a cowboy hat"],"gold_per_floor":[110,110,190,200,220,220,249,267,267,267,367,379,42,58,58,163,163,179,179,191,211,222,222,222],"floor_reached":23,"language":"ENG","playtime":1186,"items_purged":["Strike_G"],"score":245,"play_id":"19e3beb4-6e79-4326-8d97-dd3f0262cf93","local_time":"20210223213940","is_ascension_mode":false,"campfire_choices":[{"data":"Noxious Fumes","floor":6,"key":"SMITH"},{"data":"Crippling Poison","floor":10,"key":"SMITH"},{"data":"Bouncing Flask","floor":15,"key":"SMITH"}],"circlet_count":0,"master_deck":["Strike_G","Strike_G","Strike_G","Strike_G","Defend_G","Defend_G","Defend_G","Defend_G","Defend_G","Survivor","Neutralize","Cloak And Dagger","Noxious Fumes+1","OSAHOGD","Bouncing Flask+1","Deadly Poison","LaLuna","Crippling Poison+1","Corpse Explosion","Footwork","Bane","Noxious Fumes","UniverseFragment","Burst","Backstab+1","Bloodbath","Flying Knee","QueenOfHatred"],"relics":["Ring of the Snake","CogitoBucket","RabbitCall","Art of War","bronze:DecasWashers","WristBlade"],"acts_visited":["Gensokyo:Gensokyo","Gensokyo:Gensokyoer"],"potions_floor_usage":[12,22,22],"damage_taken":[{"damage":0,"enemies":"Gensokyo:3_Fairies","floor":1,"turns":5},{"damage":6,"enemies":"Gensokyo:Gryphon","floor":4,"turns":4},{"damage":3,"enemies":"Gensokyo:2_Kodama","floor":5,"turns":4},{"damage":0,"enemies":"Gensokyo:Mamizou","floor":7,"turns":7},{"damage":0,"enemies":"Gensokyo:LivingMonolith","floor":8,"turns":3},{"damage":19,"enemies":"Gensokyo:CorruptedTreant","floor":12,"turns":6},{"damage":2,"enemies":"Gensokyo:Python_and_Kodama","floor":14,"turns":4},{"damage":21,"enemies":"Gensokyo:Kokoro","floor":16,"turns":9},{"damage":4,"enemies":"Gensokyo:Chomper","floor":18,"turns":4},{"damage":9,"enemies":"Gensokyo:AngelMirror","floor":20,"turns":5},{"damage":53,"enemies":"Gensokyo:Monolith_and_Dog","floor":21,"turns":8},{"damage":1,"enemies":"Gensokyo:Slime_Group","floor":22,"turns":6},{"damage":8,"enemies":"Gensokyo:Wraith","floor":23,"turns":2}],"seed_played":"-4679234573073391300","potions_obtained":[{"floor":1,"key":"DuplicationPotion"},{"floor":5,"key":"GhostInAJar"}],"is_trial":false,"path_per_floor":["M","?","?","M","M","R","E","M","T","R","?","M","$","M","R","B",null,"M","?","M","M","M","M"],"character_chosen":"THE_SILENT","items_purchased":["Corpse Explosion","Footwork","Block Potion"],"campfire_rested":0,"item_purchase_floors":[13,13,13],"current_hp_per_floor":[70,70,70,64,61,61,61,61,61,61,61,42,42,40,40,19,70,66,66,57,4,4,0,0],"gold":222,"neow_bonus":"","is_daily":false,"chose_seed":false,"campfire_upgraded":3,"win_rate":0.0,"timestamp":1614091180,"path_taken":["M","?","?","?","M","R","E","M","T","R","?","M","?","M","R","BOSS","M","?","M","?","?","M"],"items_purchased_type":["Card","Card","Potion"],"build_version":"2020-12-22","purchased_purges":1,"victory":false,"max_hp_per_floor":[70,70,70,70,70,70,70,70,70,70,70,70,70,70,70,70,70,70,70,70,70,70,70,70],"relic_stats":{"counters":[15,69],"Art of War":[15],"obtain_stats":[{"RabbitCall":0,"CogitoBucket":0,"WristBlade":17,"bronze:DecasWashers":9,"Art of War":7,"Ring of the Snake":0},{"RabbitCall":0,"CogitoBucket":0,"WristBlade":9,"bronze:DecasWashers":5,"Art of War":4,"Ring of the Snake":0},{"RabbitCall":0,"CogitoBucket":0,"WristBlade":43,"bronze:DecasWashers":23,"Art of War":20,"Ring of the Snake":0}],"Ring of the Snake":[30]},"card_choices":[{"not_picked":["Outmaneuver","Slice"],"picked":"Cloak And Dagger","floor":1},{"not_picked":["MeatLantern","BeautyBeast","SnowQueen"],"picked":"Singing Bowl","floor":1},{"not_picked":["Distraction","Outmaneuver"],"picked":"Noxious Fumes","floor":4},{"not_picked":["WallGazer","ShyLook","HeroicMonk"],"picked":"Singing Bowl","floor":4},{"not_picked":["BigBadWolf","MeatLantern"],"picked":"OSAHOGD","floor":4},{"not_picked":["Riddle With Holes","Dagger Spray"],"picked":"Bouncing Flask","floor":5},{"not_picked":["Yin","Alriune","Variant"],"picked":"Singing Bowl","floor":5},{"not_picked":["Dagger Spray","Caltrops"],"picked":"Deadly Poison","floor":7},{"not_picked":["CrumblingArmor","CherryBlossoms","Freischutz"],"picked":"Singing Bowl","floor":7},{"not_picked":["Variant","BlackSwan"],"picked":"LaLuna","floor":7},{"not_picked":["Heel Hook","Quick Slash"],"picked":"Crippling Poison","floor":8},{"not_picked":["CrumblingArmor","Scarecrow","OldLady"],"picked":"Singing Bowl","floor":8},{"not_picked":["Woodsman","Wellcheers","BigBadWolf"],"picked":"Singing Bowl","floor":12},{"not_picked":["Quick Slash","Terror","Predator"],"picked":"SKIP","floor":12},{"not_picked":["Bouncing Flask","Backflip"],"picked":"Bane","floor":14},{"not_picked":["CherryBlossoms","FairyFestival","UniverseFragment"],"picked":"Singing Bowl","floor":14},{"not_picked":["HappyTeddy","FieryBird","NakedNest"],"picked":"Singing Bowl","floor":16},{"not_picked":["Deflect+1","Acrobatics"],"picked":"Noxious Fumes","floor":18},{"not_picked":["Bloodbath","DespairKnight","BeautyBeast"],"picked":"Singing Bowl","floor":18},{"not_picked":["FairyFestival","PunishingBird"],"picked":"UniverseFragment","floor":20},{"not_picked":["Dodge and Roll+1","Flying Knee"],"picked":"Burst","floor":20},{"not_picked":["Prepared","Quick Slash+1"],"picked":"Backstab+1","floor":21},{"not_picked":["SingingMachine","Wellcheers"],"picked":"Bloodbath","floor":21},{"not_picked":["Sucker Punch","Infinite Blades"],"picked":"Flying Knee","floor":22},{"not_picked":["MeatLantern","MeltingLove","DespairKnight"],"picked":"Singing Bowl","floor":22},{"not_picked":["CherryBlossoms","WhitesApple"],"picked":"QueenOfHatred","floor":22}],"player_experience":482606,"relics_obtained":[{"floor":7,"key":"Art of War"},{"floor":9,"key":"bronze:DecasWashers"}],"event_choices":[],"is_beta":false,"boss_relics":[{"not_picked":["SlaversCollar","Runic Dome"],"picked":"WristBlade"}],"items_purged_floors":[13],"is_endless":false,"potions_floor_spawned":[1,5,8,14,18,20],"killed_by":"Gensokyo:Wraith","ascension_level":0}}