{"host":"zuf44wbx6j0c4h1p","time":1614116262,"event":{"mods":["2.2 Compatiblity","Aspiration","BaseMod","Bossed Relics","Infinite Spire","Minty Spire (QoL Compilation)","Replay The Spire","SCP261 Mod","Shapeshifter Mod","Shop Mod","Small Relic Pack","Spicy Shops","Spire Arcade","StSLib","Uncapped","Wandering Minibosses","thorton"],"gold_per_floor":[109,126,54,54,54,54,82,82,82,82,97,131,131,145,145,270,270,290,290,68,92,112,146,146,146,146],"floor_reached":25,"language":"ENG","playtime":1125,"items_purged":["StSShapeShifter:ShapeShifter_Defend"],"score":246,"play_id":"d63065f3-61de-4e8f-a18a-86b8391e5e51","local_time":"20210223153742","is_ascension_mode":false,"campfire_choices":[{"floor":6,"key":"RECALL"},{"floor":8,"key":"REST"},{"data":"StSShapeShifter:RockSlide","floor":8,"key":"SMITH"},{"floor":15,"key":"REST"},{"data":"StSShapeShifter:BarkSkin","floor":15,"key":"SMITH"}],"circlet_count":0,"master_deck":["StSShapeShifter:ShapeShifter_Defend","StSShapeShifter:ShapeShifter_Defend","StSShapeShifter:ShapeShifter_Defend","StSShapeShifter:ShapeShifter_Defend","StSShapeShifter:Lynx_Form","StSShapeShifter:ReplenishingNectar+1","StSShapeShifter:Mystical_Branch","StSShapeShifter:RockSlide+1","StSShapeShifter:BurstingSpore","StSShapeShifter:PorcupineForm+1","StSShapeShifter:BladeOfGrass","StSShapeShifter:UnicornForm+1","StSShapeShifter:BarkSkin+1","StSShapeShifter:Summer","Bite","Bite","Bite","Bite","Bite","StSShapeShifter:Hunt+1","StSShapeShifter:Efflorescence","StSShapeShifter:BurstingSpore+1"],"relics":["StSShapeShifter:AnimalHeart","StSShapeShifter:TheShapeShiftersMagnolia","infinitespire:Magic Flask","Matryoshka","Letter Opener","Golden Idol","aspiration:SecretTechniqueScroll","relicPack:WeightedSword","StSShapeShifter:BeastkeepersGift"],"acts_visited":["Exordium","TheCity"],"potions_floor_usage":[12,16,23,23,25],"damage_taken":[{"damage":1,"enemies":"Cultist","floor":1,"turns":3},{"damage":12,"enemies":"Small Slimes","floor":2,"turns":4},{"damage":53,"enemies":"Gremlin Nob","floor":7,"turns":5},{"damage":9,"enemies":"Jaw Worm","floor":11,"turns":2},{"damage":0,"enemies":"Large Slime","floor":12,"turns":5},{"damage":7,"enemies":"Exordium Thugs","floor":14,"turns":4},{"damage":42,"enemies":"The Guardian","floor":16,"turns":11},{"damage":31,"enemies":"Spheric Guardian","floor":18,"turns":6},{"damage":30,"enemies":"2 Thieves","floor":21,"turns":4},{"damage":13,"enemies":"Centurion and Healer","floor":22,"turns":5},{"damage":61,"enemies":"Replay:Snechameleon","floor":23,"turns":5},{"damage":19,"enemies":"Book of Stabbing","floor":25,"turns":2}],"seed_played":"-157381637787289023","potions_obtained":[{"floor":1,"key":"PowerPotion"},{"floor":11,"key":"Explosive Potion"},{"floor":12,"key":"SCP261:DewritoBlazePotion"},{"floor":21,"key":"Energy Potion"},{"floor":22,"key":"SkillPotion"},{"floor":23,"key":"BlessingOfTheForge"}],"is_trial":false,"path_per_floor":["M","M","$","T","?","R","E","R","T","?","M","M","?","M","R","B",null,"M","?","$","M","M","E","?","E"],"character_chosen":"SHAPESHIFTER","items_purchased":["StSShapeShifter:BurstingSpore","relicPack:WeightedSword"],"campfire_rested":2,"item_purchase_floors":[3,20],"current_hp_per_floor":[78,68,68,68,68,68,18,41,41,22,18,25,25,27,50,19,78,47,47,47,30,42,10,10,0,0],"gold":146,"neow_bonus":"THREE_CARDS","is_daily":false,"chose_seed":false,"campfire_upgraded":2,"win_rate":0.0,"timestamp":1614116262,"path_taken":["M","M","$","?","?","R","E","R","T","?","M","M","?","M","R","BOSS","M","?","$","M","M","E","?","E"],"items_purchased_type":["Card","Relic"],"build_version":"2020-12-22","purchased_purges":1,"victory":false,"max_hp_per_floor":[78,78,78,78,78,78,78,78,78,78,78,78,78,78,78,78,78,78,54,54,54,54,54,54,54,54],"card_choices":[{"not_picked":["StSShapeShifter:BloomingSlash","StSShapeShifter:Mystical_Branch"],"picked":"StSShapeShifter:ReplenishingNectar","floor":0},{"not_picked":["StSShapeShifter:OwlForm","StSShapeShifter:Hunt"],"picked":"StSShapeShifter:Mystical_Branch","floor":1},{"not_picked":["StSShapeShifter:TopazSkin","StSShapeShifter:MonkeyForm"],"picked":"StSShapeShifter:RockSlide","floor":2},{"not_picked":["StSShapeShifter:OwlForm","StSShapeShifter:DeerForm"],"picked":"StSShapeShifter:PorcupineForm","floor":7},{"not_picked":["StSShapeShifter:ForestFire","StSShapeShifter:SunflowerShuriken","StSShapeShifter:SquirrelForm"],"picked":"SKIP","floor":11},{"not_picked":["StSShapeShifter:Synchronicity","StSShapeShifter:HummingbirdForm"],"picked":"StSShapeShifter:BladeOfGrass","floor":12},{"not_picked":["StSShapeShifter:DeepWound","StSShapeShifter:PorcupineForm"],"picked":"StSShapeShifter:BarkSkin","floor":14},{"not_picked":["StSShapeShifter:RitualOfTheExtinct","StSShapeShifter:Summon_Mountains"],"picked":"StSShapeShifter:Summer","floor":16},{"not_picked":["StSShapeShifter:Evolution+1","StSShapeShifter:VineHandcuffs","StSShapeShifter:Rest"],"picked":"SKIP","floor":18},{"not_picked":["StSShapeShifter:MagicMushrooms","StSShapeShifter:Guard"],"picked":"StSShapeShifter:Hunt+1","floor":21},{"not_picked":["StSShapeShifter:SunflowerShuriken+1","StSShapeShifter:BloomingSlash"],"picked":"StSShapeShifter:Efflorescence","floor":22},{"not_picked":["StSShapeShifter:OakBlade+1","StSShapeShifter:MooseForm"],"picked":"StSShapeShifter:BurstingSpore+1","floor":23}],"player_experience":71587,"relics_obtained":[{"floor":4,"key":"infinitespire:Magic Flask"},{"floor":7,"key":"Matryoshka"},{"floor":9,"key":"Letter Opener"},{"floor":23,"key":"StSShapeShifter:BeastkeepersGift"}],"event_choices":[{"damage_healed":0,"gold_gain":0,"player_choice":"Grow","damage_taken":0,"max_hp_gain":0,"max_hp_loss":0,"event_name":"Living Wall","floor":5,"gold_loss":0,"cards_upgraded":["StSShapeShifter:ReplenishingNectar"]},{"damage_healed":0,"gold_gain":0,"player_choice":"Take Damage","damage_taken":19,"relics_obtained":["Golden Idol"],"max_hp_gain":0,"max_hp_loss":0,"event_name":"Golden Idol","floor":10,"gold_loss":0},{"damage_healed":0,"gold_gain":0,"player_choice":"Became a vampire","damage_taken":0,"max_hp_gain":0,"max_hp_loss":24,"event_name":"Vampires","floor":19,"gold_loss":0,"cards_obtained":["Bite","Bite","Bite","Bite","Bite"]},{"cards_removed":["StSShapeShifter:Tortoise_Form"],"damage_healed":0,"gold_gain":0,"player_choice":"Offered Basic","damage_taken":0,"max_hp_gain":0,"max_hp_loss":0,"event_name":"Bonfire Elementals","floor":24,"gold_loss":0}],"is_beta":false,"boss_relics":[{"not_picked":["aspiration:SilentSkillbook","ReplayTheSpireMod:SealedPack"],"picked":"aspiration:SecretTechniqueScroll"}],"items_purged_floors":[20],"is_endless":false,"potions_floor_spawned":[1,11,12,21,22,23],"killed_by":"Book of Stabbing","ascension_level":0}}