{"host":"u4xl3cfa8ez93srb","time":1614049070,"event":{"mods":["BaseMod","Colored Map","Minty Spire (QoL Compilation)","StSLib"],"gold_per_floor":[111,131,145,145,220,256,270,270,270,308,308,341,362,400,400,528,528,543,531,531,547,45,88,88,88,88],"floor_reached":25,"language":"ENG","playtime":1527,"items_purged":["Writhe"],"score":442,"play_id":"98ede468-7c7c-4a38-a410-22be7cfc6a16","local_time":"20210223135750","is_ascension_mode":true,"campfire_choices":[{"data":"True Grit","floor":8,"key":"SMITH"},{"data":"Disarm","floor":15,"key":"SMITH"},{"floor":24,"key":"REST"}],"circlet_count":0,"master_deck":["AscendersBane","Strike_R","Strike_R","Strike_R","Strike_R","Defend_R","Defend_R","Defend_R","Defend_R","Bash","Offering","Sword Boomerang","Disarm+1","True Grit+1","Twin Strike","Feel No Pain","Pommel Strike","Exhume","Wild Strike","Clothesline","Offering","Feel No Pain","Flex+1","Shrug It Off+1","Thunderclap"],"relics":["Burning Blood","Golden Idol","Bag of Marbles","Bronze Scales","Eternal Feather","Strawberry","Tiny Chest","Mark of Pain","Regal Pillow","Toxic Egg 2","Sling","Blue Candle"],"acts_visited":["Exordium","TheCity"],"potions_floor_usage":[6,23,23],"damage_taken":[{"damage":8,"enemies":"Jaw Worm","floor":1,"turns":6},{"damage":0,"enemies":"Small Slimes","floor":2,"turns":3},{"damage":10,"enemies":"Cultist","floor":3,"turns":3},{"damage":38,"enemies":"Gremlin Nob","floor":6,"turns":4},{"damage":4,"enemies":"3 Louse","floor":7,"turns":5},{"damage":27,"enemies":"3 Sentries","floor":10,"turns":11},{"damage":21,"enemies":"Gremlin Nob","floor":12,"turns":4},{"damage":6,"enemies":"Blue Slaver","floor":13,"turns":4},{"damage":32,"enemies":"Lagavulin","floor":14,"turns":6},{"damage":26,"enemies":"Hexaghost","floor":16,"turns":12},{"damage":13,"enemies":"Chosen","floor":18,"turns":6},{"damage":33,"enemies":"2 Thieves","floor":19,"turns":4},{"damage":28,"enemies":"Sentry and Sphere","floor":21,"turns":5},{"damage":12,"enemies":"Book of Stabbing","floor":23,"turns":3},{"damage":62,"enemies":"Gremlin Leader","floor":25,"turns":8}],"seed_played":"6346994887556907626","potions_obtained":[{"floor":2,"key":"EssenceOfSteel"},{"floor":3,"key":"AttackPotion"},{"floor":12,"key":"Swift Potion"},{"floor":23,"key":"Explosive Potion"}],"is_trial":false,"path_per_floor":["M","M","M","?","?","E","M","R","T","E","?","E","M","E","R","B",null,"M","M","?","M","$","E","R","E"],"character_chosen":"IRONCLAD","items_purchased":["Toxic Egg 2","Sling","Shrug It Off+1"],"campfire_rested":1,"item_purchase_floors":[22,22,22],"current_hp_per_floor":[70,76,72,72,61,29,31,31,31,10,74,66,66,40,52,32,69,62,35,35,13,13,7,61,0,0],"gold":88,"neow_bonus":"TRANSFORM_CARD","is_daily":false,"chose_seed":false,"campfire_upgraded":2,"win_rate":0.0,"timestamp":1614049070,"path_taken":["M","M","M","?","?","E","M","R","T","E","?","E","M","E","R","BOSS","M","?","?","M","$","E","R","E"],"items_purchased_type":["Relic","Relic","Card"],"build_version":"2020-12-22","purchased_purges":1,"victory":false,"max_hp_per_floor":[80,80,80,74,74,74,74,74,74,74,74,81,81,81,81,81,81,81,81,81,81,81,81,81,81,81],"card_choices":[{"not_picked":["Shrug It Off","Uppercut"],"picked":"Sword Boomerang","floor":1},{"not_picked":["Body Slam","Havoc"],"picked":"Disarm","floor":2},{"not_picked":["Warcry","Sword Boomerang"],"picked":"True Grit","floor":3},{"not_picked":["Intimidate","Havoc"],"picked":"Twin Strike","floor":6},{"not_picked":["Havoc","Intimidate"],"picked":"Feel No Pain","floor":7},{"not_picked":["Evolve","Entrench"],"picked":"Pommel Strike","floor":10},{"not_picked":["Perfected Strike","Combust"],"picked":"Exhume","floor":12},{"not_picked":["Iron Wave","Body Slam"],"picked":"Wild Strike","floor":13},{"not_picked":["Combust","Sword Boomerang"],"picked":"Clothesline","floor":14},{"not_picked":["Bludgeon","Double Tap"],"picked":"Offering","floor":16},{"not_picked":["Armaments","Thunderclap"],"picked":"Feel No Pain","floor":18},{"not_picked":["Perfected Strike","Shrug It Off"],"picked":"Flex+1","floor":19},{"not_picked":["Warcry","Clothesline","Rampage"],"picked":"SKIP","floor":21},{"not_picked":["Searing Blow","Anger"],"picked":"Thunderclap","floor":23}],"player_experience":966335,"relics_obtained":[{"floor":6,"key":"Bag of Marbles"},{"floor":9,"key":"Bronze Scales"},{"floor":10,"key":"Eternal Feather"},{"floor":12,"key":"Strawberry"},{"floor":14,"key":"Tiny Chest"},{"floor":23,"key":"Blue Candle"}],"event_choices":[{"damage_healed":0,"gold_gain":0,"player_choice":"Lose Max HP","damage_taken":0,"relics_obtained":["Golden Idol"],"max_hp_gain":0,"max_hp_loss":6,"event_name":"Golden Idol","floor":4,"gold_loss":0},{"damage_healed":0,"gold_gain":75,"player_choice":"Gather Gold","damage_taken":11,"max_hp_gain":0,"max_hp_loss":0,"event_name":"World of Goop","floor":5,"gold_loss":0},{"damage_healed":64,"gold_gain":0,"player_choice":"Full Heal","damage_taken":0,"max_hp_gain":0,"max_hp_loss":0,"event_name":"Wheel of Change","floor":11,"gold_loss":0},{"damage_healed":0,"gold_gain":0,"player_choice":"Opened","damage_taken":0,"relics_obtained":["Regal Pillow"],"max_hp_gain":0,"max_hp_loss":0,"event_name":"The Mausoleum","floor":20,"gold_loss":0,"cards_obtained":["Writhe"]}],"is_beta":false,"boss_relics":[{"not_picked":["Pandora\u0027s Box","Coffee Dripper"],"picked":"Mark of Pain"}],"items_purged_floors":[22],"is_endless":false,"potions_floor_spawned":[2,3,12,18,23],"killed_by":"Gremlin Leader","ascension_level":12}}