{"host":"2c1pg2m9wpz3w4c0","time":1614051471,"event":{"mods":["A Penny For Your Troubles","AchievementEnabler","Act Like it!","Aspiration","BaseMod","Better Note","BetterRewards","Curses Come First","Disable Question Mark Monsters","Evolution","Halation","Hubris","Infinite Spire","Lotus Mark","Marisa????????","Minty Spire (QoL Compilation)","Reliquary","Replay The Spire","StSLib","SuperFastMode","The Clintock","The Jungle","The Marked","The Runesmith","Transform Curses","Wide Potions"],"gold_per_floor":[110,110,110,110,110,149,168,189,212,212,227,56,56,91,91,227,227,258,258,293,293,223,223,293,293,293,343,394,394,394,315,365,524,524,574,574,474,474,183,183,234,287,364,418,418,418,467,537,587,628],"floor_reached":51,"language":"ENG","playtime":2150,"items_purged":[],"score":1068,"play_id":"baece646-af6f-4cb8-b768-7144d1272744","local_time":"20210222203751","is_ascension_mode":false,"campfire_choices":[{"floor":10,"key":"REST"},{"data":"Apotheosis","floor":10,"key":"SMITH"},{"floor":15,"key":"REST"},{"data":"ReplayTheSpireMod:Scrap Shanks","floor":15,"key":"SMITH"},{"data":"Footwork","floor":23,"key":"SMITH"},{"data":"Accuracy","floor":25,"key":"SMITH"},{"floor":29,"key":"REST"},{"data":"hubris:Fate","floor":29,"key":"SMITH"},{"data":"Venomology","floor":40,"key":"SMITH"},{"data":"Panache","floor":45,"key":"SMITH"}],"circlet_count":0,"master_deck":["Poisoned Stab","Poisoned Stab","Poisoned Stab","Poisoned Stab","Poisoned Stab","Dodge and Roll","Dodge and Roll","Dodge and Roll","Dodge and Roll","Survivor","Neutralize","Poisoned Strike","Cloak And Dagger","Infinite Blades","Apotheosis+1","Outmaneuver","Accuracy","Outmaneuver","Cloak And Dagger","Finesse","ReplayTheSpireMod:Scrap Shanks+1","Cloak And Dagger","Deflect","Flying Knee","Blind","Deflect","hubris:SlightOfHand","Tactician+1","ReplayTheSpireMod:Scrap Shanks+1","Dagger Throw","Terror","Backstab","Prepared","Accuracy+1","Underhanded Strike","Catalyst","Injury","Dagger Spray","Accuracy","hubris:SlightOfHand","PiercingWail","Panache+1","hubris:Greed","hubris:Fate+1","hubris:Greed","Phantasmal Killer","hubris:Greed","Poison Darts","Prepared+1","hubris:Greed","lotusMarks:Mark","Footwork+1","hubris:Greed","hubris:Greed","Cloak And Dagger","hubris:Greed","ReplayTheSpireMod:Brewmster+1","Bullet Time","Venomology+1","Deflect+1","Pain","Cloak And Dagger+1","hubris:Counter+1","Decay","Distraction","hubris:Greed"],"relics":["Ring of the Snake","EVO:Axolotl","hubris:EmptyBottle","hubris:Potato","Runesmith:AutoHammer","Shuriken","Toy Ornithopter","hubris:MobiusCoin","infinitespire:Magic Flask","reliquary:Knoch","hubris:OldNail","Replay:Kaleidoscope","Gremlin Horn","Bronze Scales","Oddly Smooth Stone","ReplayTheSpireMod:TigerMarble","Quantum Egg","reliquary:TridentHead","Golden Idol","hubris:Towel","halation:PinkSoulGem","reliquary:IridiumChain","infinitespire:BottledMercury","Boot","Matryoshka","ReplayFunnel","Blood Vial","hubris:ScarierMask","WarpedTongs","Ginger","reliquary:WeakTea","hubris:DeckOfHolding","Ancient Tea Set"],"acts_visited":["Exordium","theJungle:Jungle","TheBeyond"],"potions_floor_usage":[16,16,20,20,20,24,24,27,28,28,33,33,33,33,33,35,41,47,47,47,50,50,50,50,50,50,50,50,50,50,50,50],"damage_taken":[{"damage":0,"enemies":"2 Louse","floor":1,"turns":2},{"damage":0,"enemies":"3 Sentries","floor":6,"turns":7},{"damage":0,"enemies":"Cultist","floor":7,"turns":3},{"damage":0,"enemies":"infinitespire:Voidling","floor":8,"turns":2},{"damage":0,"enemies":"3 Louse","floor":11,"turns":1},{"damage":2,"enemies":"Blue Slaver","floor":14,"turns":3},{"damage":0,"enemies":"Slime Boss","floor":16,"turns":3},{"damage":1,"enemies":"Shell Parasite","floor":18,"turns":2},{"damage":0,"enemies":"theJungle:GiantWrat","floor":20,"turns":4},{"damage":0,"enemies":"theJungle:2_Phrogs","floor":24,"turns":5},{"damage":0,"enemies":"theJungle:2_Snecko_Cultists","floor":27,"turns":2},{"damage":16,"enemies":"theJungle:JungleHuntersEncounter","floor":28,"turns":4},{"damage":2,"enemies":"theJungle:FunGuy","floor":33,"turns":5},{"damage":2,"enemies":"3 Darklings","floor":35,"turns":4},{"damage":2,"enemies":"Orb Walker","floor":41,"turns":2},{"damage":0,"enemies":"4 Shapes","floor":42,"turns":1},{"damage":0,"enemies":"Sphere and 2 Shapes","floor":44,"turns":1},{"damage":2,"enemies":"Transient","floor":47,"turns":5},{"damage":0,"enemies":"Reptomancer","floor":48,"turns":3},{"damage":1,"enemies":"Replay:Hell Engine","floor":50,"turns":3}],"seed_played":"3363334452924338617","potions_obtained":[{"floor":16,"key":"Block Potion"},{"floor":18,"key":"Dexterity Potion"},{"floor":24,"key":"Energy Potion"},{"floor":33,"key":"DuplicationPotion"},{"floor":41,"key":"Swift Potion"},{"floor":44,"key":"Dexterity Potion"},{"floor":48,"key":"DistilledChaos"},{"floor":49,"key":"FearPotion"},{"floor":49,"key":"PowerPotion"}],"is_trial":false,"path_per_floor":["M","?","?","?","T","E","M","M","T","R","M","$","?","M","R","B",null,"M","?","M","?","$","R","E","R","T","M","M","R","?","$","R","B",null,"M","?","NS","?","$","R","M","M","T","M","R","?","M","E","R","B",null],"character_chosen":"THE_SILENT","items_purchased":["hubris:EmptyBottle","Poisoned Strike","Cloak And Dagger","Infinite Blades","Apotheosis","Outmaneuver","Runesmith:AutoHammer","Accuracy","Outmaneuver","Cloak And Dagger","Shuriken","Finesse","Toy Ornithopter","hubris:MobiusCoin","ReplayTheSpireMod:Scrap Shanks+1","Cloak And Dagger","Deflect","Flying Knee","ReplayTheSpireMod:Brewmster","reliquary:Knoch","hubris:OldNail","Blind","Gremlin Horn","Deflect","Bronze Scales","Oddly Smooth Stone","hubris:SlightOfHand","Tactician+1","ReplayTheSpireMod:TigerMarble","ReplayTheSpireMod:Scrap Shanks","Dagger Throw","Quantum Egg","reliquary:TridentHead","Terror","Backstab","Prepared","Accuracy","Underhanded Strike","Panache","Footwork","Bullet Time","Ginger"],"campfire_rested":3,"item_purchase_floors":[0,0,0,0,0,0,0,0,0,0,0,0,0,0,0,0,0,0,0,0,0,0,0,0,0,0,0,0,0,0,0,0,0,0,0,0,0,0,12,22,31,39],"current_hp_per_floor":[30,30,30,30,30,30,30,30,30,53,53,53,53,51,74,77,77,76,76,77,77,77,77,77,77,77,77,61,77,77,77,77,77,77,75,75,75,75,75,75,77,77,77,77,77,77,75,77,77,77],"gold":628,"neow_bonus":"","is_daily":false,"chose_seed":false,"campfire_upgraded":7,"win_rate":0.0,"timestamp":1614051471,"path_taken":["M","?","?","?","?","E","?","M","T","R","M","$","?","M","R","BOSS","M","?","?","?","?","R","E","R","T","M","M","R","?","?","R","BOSS","M","?","NS","?","$","R","M","M","T","?","R","?","M","E","R","BOSS"],"items_purchased_type":["Relic","Card","Card","Card","Card","Card","Relic","Card","Card","Card","Relic","Card","Relic","Relic","Card","Card","Card","Card","Card","Relic","Relic","Card","Relic","Card","Relic","Relic","Card","Card","Relic","Card","Card","Relic","Relic","Card","Card","Card","Card","Card","Card","Card","Card","Relic"],"build_version":"2020-12-22","purchased_purges":0,"victory":true,"max_hp_per_floor":[77,77,77,77,77,77,77,77,77,77,77,77,77,77,77,77,77,77,77,77,77,77,77,77,77,77,77,77,77,77,77,77,77,77,77,77,77,77,77,77,77,77,77,77,77,77,77,77,77,77],"card_choices":[{"not_picked":["Terror","Reflex"],"picked":"Catalyst","floor":1},{"not_picked":["Toxin Wave","Sneak Up"],"picked":"Dagger Spray","floor":6},{"not_picked":["Dagger Spray","Quick Slash"],"picked":"Accuracy","floor":7},{"not_picked":["Dodge and Roll","Bane"],"picked":"hubris:SlightOfHand","floor":8},{"not_picked":["Blur","Bane"],"picked":"PiercingWail","floor":11},{"not_picked":["Replay:Fractal Strike","infinitespire:Starlight"],"picked":"hubris:Fate","floor":13},{"not_picked":["hubris:SlightOfHand","Catalyst"],"picked":"Phantasmal Killer","floor":14},{"not_picked":["Die Die Die","ReplayTheSpireMod:From All Sides"],"picked":"Poison Darts","floor":16},{"not_picked":["Deflect","Outmaneuver"],"picked":"Prepared+1","floor":18},{"not_picked":["Sneak Up","Prepared","Terror"],"picked":"SKIP","floor":20},{"not_picked":["Slice","Setup","Dodge and Roll"],"picked":"SKIP","floor":24},{"not_picked":["Bane","Skewer"],"picked":"Cloak And Dagger","floor":27},{"not_picked":["Dodge and Roll+1","ReplayTheSpireMod:Tripwire","Fluid Movement+1"],"picked":"SKIP","floor":28},{"not_picked":["aspiration:Lunge","Atom Bomb"],"picked":"Venomology","floor":33},{"not_picked":["Outmaneuver","Sucker Punch"],"picked":"Deflect+1","floor":35},{"not_picked":["All Out Attack+1","hubris:SlightOfHand","Dodge and Roll+1"],"picked":"SKIP","floor":41},{"not_picked":["Dodge and Roll","Sneak Up+1"],"picked":"Cloak And Dagger+1","floor":42},{"not_picked":["Accuracy","lotusMarks:SeasonOfFire"],"picked":"hubris:Counter+1","floor":44},{"not_picked":["Acrobatics","Deadly Poison"],"picked":"Distraction","floor":47},{"not_picked":["ReplayTheSpireMod:Exploit Weakness+1","ReplayTheSpireMod:Scrap Shanks","Expertise"],"picked":"SKIP","floor":48}],"player_experience":1237698,"relics_obtained":[{"floor":5,"key":"reliquary:IridiumChain"},{"floor":6,"key":"infinitespire:BottledMercury"},{"floor":9,"key":"Boot"},{"floor":24,"key":"Matryoshka"},{"floor":26,"key":"ReplayFunnel"},{"floor":26,"key":"Blood Vial"},{"floor":43,"key":"reliquary:WeakTea"},{"floor":43,"key":"hubris:DeckOfHolding"},{"floor":48,"key":"Ancient Tea Set"}],"event_choices":[{"damage_healed":0,"gold_gain":0,"player_choice":"Take Wound","damage_taken":0,"relics_obtained":["Golden Idol"],"max_hp_gain":0,"max_hp_loss":0,"event_name":"Golden Idol","floor":2,"gold_loss":0,"cards_obtained":["Injury"]},{"damage_healed":0,"gold_gain":0,"player_choice":"Upgraded","damage_taken":0,"max_hp_gain":0,"max_hp_loss":0,"event_name":"Upgrade Shrine","floor":19,"gold_loss":0,"cards_upgraded":["ReplayTheSpireMod:Brewmster"]},{"damage_healed":0,"gold_gain":0,"cards_transformed":["Normality"],"player_choice":"Transformed","damage_taken":0,"max_hp_gain":0,"max_hp_loss":0,"event_name":"Transmorgrifier","floor":21,"gold_loss":0,"cards_obtained":["lotusMarks:Mark"]},{"cards_removed":["Apotheosis"],"damage_healed":0,"gold_gain":0,"player_choice":"Take \u0026 Give","damage_taken":0,"max_hp_gain":0,"max_hp_loss":0,"event_name":"betterNote:BetterNote","floor":30,"gold_loss":0,"cards_obtained":["ReplayTheSpireMod:Brewmster"]},{"damage_healed":0,"gold_gain":0,"player_choice":"Rummage","damage_taken":0,"relics_obtained":["WarpedTongs"],"max_hp_gain":0,"max_hp_loss":0,"event_name":"Accursed Blacksmith","floor":38,"gold_loss":0,"cards_obtained":["Pain"]},{"damage_healed":0,"gold_gain":0,"player_choice":"Cursed","damage_taken":0,"max_hp_gain":0,"max_hp_loss":0,"event_name":"Wheel of Change","floor":46,"gold_loss":0,"cards_obtained":["Decay"]}],"is_beta":false,"boss_relics":[{"not_picked":["halation:Prosthetics","halation:CatFaceCupcake","reliquary:KinkedSpring"]},{"not_picked":["Runic Pyramid","aspiration:IroncladSkillbook"],"picked":"hubris:ScarierMask"}],"items_purged_floors":[],"is_endless":false,"potions_floor_spawned":[16,18,24,33,41,44,48],"ascension_level":0}}