{"host":"rzxtdhi6dlaar4wu","time":1614103251,"event":{"mods":["2.2 Compatiblity","AchievementEnabler","BaseMod","Block Reminder","Colored Map","Colored Powertips","Minty Spire (QoL Compilation)","Quick Restart","Random Character Button","Rare Cards Sparkle","Relic Stats","StSLib","The IronCluck"],"gold_per_floor":[12,12,12,36,54,89,89,5,5,80,80,80,80,95,95,218,218,233,233,8,21,21,56,56,79,104,125,125,40,40,61,61,189,189,209,272,6,31,18,18,0,41,64,64,83,121,121,137,137,137,137],"floor_reached":50,"language":"ENG","playtime":2239,"items_purged":["Regret"],"score":566,"play_id":"d9ea49b5-3050-4f25-b3b7-f2499410483e","local_time":"20210223190051","is_ascension_mode":false,"campfire_choices":[{"floor":7,"key":"REST"},{"data":"Survivor","floor":12,"key":"SMITH"},{"data":"Neutralize","floor":15,"key":"SMITH"},{"data":"Die Die Die","floor":28,"key":"SMITH"},{"data":"Die Die Die","floor":30,"key":"SMITH"},{"data":"Bouncing Flask","floor":32,"key":"SMITH"},{"data":"Bullet Time","floor":40,"key":"SMITH"},{"floor":47,"key":"RECALL"},{"data":"Die Die Die","floor":49,"key":"SMITH"}],"circlet_count":0,"master_deck":["Survivor+1","Neutralize+1","Die Die Die+1","Caltrops","Injury","Bouncing Flask+1","PiercingWail","Swift Strike","All Out Attack","Wraith Form v2","CurseOfTheBell","Outmaneuver+1","Backflip","PiercingWail","Terror+1","Wraith Form v2","Backflip","Die Die Die+1","Poisoned Stab+1","A Thousand Cuts","Burst","Bullet Time+1","Blade Dance","Backstab","Dash","Footwork","Noxious Fumes","Cloak And Dagger","Bouncing Flask","Distraction+1","Die Die Die+1","Masterful Stab+1","Backflip","All Out Attack","Deflect+1","Bane+1"],"relics":["Ring of the Snake","Golden Idol","InkBottle","Paper Crane","Question Card","Mercury Hourglass","Eternal Feather","Calling Bell","Vajra","Sundial","Pocketwatch","Toy Ornithopter","ClockworkSouvenir","Orichalcum","Bag of Marbles","Shuriken","Pandora\u0027s Box","Du-Vu Doll","Membership Card","Red Mask","Bottled Lightning","Smiling Mask"],"acts_visited":["Exordium","TheCity","TheBeyond"],"potions_floor_usage":[23,33,33,45,46,50,50],"damage_taken":[{"damage":0,"enemies":"Small Slimes","floor":1,"turns":2},{"damage":0,"enemies":"2 Louse","floor":4,"turns":1},{"damage":0,"enemies":"Cultist","floor":5,"turns":4},{"damage":33,"enemies":"Gremlin Nob","floor":6,"turns":5},{"damage":13,"enemies":"Exordium Thugs","floor":14,"turns":4},{"damage":31,"enemies":"The Guardian","floor":16,"turns":10},{"damage":28,"enemies":"Spheric Guardian","floor":18,"turns":6},{"damage":0,"enemies":"3 Byrds","floor":21,"turns":3},{"damage":1,"enemies":"Gremlin Leader","floor":23,"turns":7},{"damage":9,"enemies":"Snecko","floor":25,"turns":4},{"damage":17,"enemies":"Sentry and Sphere","floor":27,"turns":3},{"damage":10,"enemies":"Shelled Parasite and Fungi","floor":31,"turns":3},{"damage":34,"enemies":"Collector","floor":33,"turns":8},{"damage":0,"enemies":"3 Shapes","floor":35,"turns":4},{"damage":10,"enemies":"Mind Bloom Boss Battle","floor":36,"turns":7},{"damage":0,"enemies":"Orb Walker","floor":38,"turns":1},{"damage":24,"enemies":"Reptomancer","floor":42,"turns":5},{"damage":0,"enemies":"Jaw Worm Horde","floor":45,"turns":4},{"damage":1,"enemies":"Giant Head","floor":46,"turns":7},{"damage":0,"enemies":"3 Darklings","floor":48,"turns":2},{"damage":86,"enemies":"Time Eater","floor":50,"turns":12}],"seed_played":"-2456816441448640210","potions_obtained":[{"floor":1,"key":"ColorlessPotion"},{"floor":14,"key":"Strength Potion"},{"floor":16,"key":"Fire Potion"},{"floor":27,"key":"Regen Potion"},{"floor":42,"key":"BlessingOfTheForge"},{"floor":45,"key":"EntropicBrew"},{"floor":46,"key":"GamblersBrew"},{"floor":48,"key":"Strength Potion"}],"is_trial":false,"path_per_floor":["M","?","?","M","M","E","R","$","T","?","?","R","T","M","R","B",null,"M","?","$","M","?","E","?","M","T","M","R","?","R","M","R","B",null,"M","?","$","M","$","R","?","E","T","?","M","E","R","M","R","B"],"character_chosen":"THE_SILENT","items_purchased":["Swift Strike","ClockworkSouvenir","Backflip","PiercingWail","Membership Card","Die Die Die","Backflip"],"campfire_rested":1,"item_purchase_floors":[8,20,20,20,37,37,39],"current_hp_per_floor":[70,70,58,58,58,25,46,46,46,35,35,35,35,22,34,3,70,42,42,42,42,42,46,46,37,37,20,35,35,50,40,55,31,70,70,60,60,60,60,70,70,46,46,46,51,55,70,70,70,0,0],"gold":137,"neow_bonus":"THREE_RARE_CARDS","is_daily":false,"chose_seed":false,"campfire_upgraded":7,"win_rate":0.0,"timestamp":1614103251,"path_taken":["M","?","?","M","M","E","R","$","T","?","?","R","?","M","R","BOSS","M","?","?","M","?","E","?","M","T","M","R","?","R","M","R","BOSS","M","?","$","M","$","R","?","E","T","?","M","E","R","M","R","BOSS"],"items_purchased_type":["Card","Relic","Card","Card","Relic","Card","Card"],"build_version":"2020-12-22","purchased_purges":1,"victory":false,"max_hp_per_floor":[70,70,70,70,70,70,70,70,70,70,70,70,70,70,70,70,70,70,70,70,70,70,70,70,70,70,70,70,70,70,70,70,70,70,70,70,70,70,70,70,70,70,70,70,70,70,70,70,70,70,70],"relic_stats":{"counters":[21,100],"Golden Idol":141,"Eternal Feather":82,"Orichalcum":[204],"Question Card":17,"Smiling Mask":0,"Mercury Hourglass":[312],"Sundial":[6],"Shuriken":[16],"Pandora\u0027s Box":["Bullet Time","Blade Dance","Backstab","Dash","Footwork","Noxious Fumes","Cloak And Dagger","Bouncing Flask"],"obtain_stats":[{"Golden Idol":2,"Vajra":17,"Eternal Feather":13,"Paper Crane":6,"Orichalcum":23,"Question Card":9,"Smiling Mask":46,"Mercury Hourglass":11,"ClockworkSouvenir":20,"Calling Bell":17,"Du-Vu Doll":36,"Sundial":17,"Shuriken":29,"Pandora\u0027s Box":34,"Bag of Marbles":26,"Red Mask":41,"Membership Card":37,"Bottled Lightning":42,"InkBottle":3,"Toy Ornithopter":19,"Ring of the Snake":0,"Pocketwatch":17},{"Golden Idol":1,"Vajra":6,"Eternal Feather":4,"Paper Crane":4,"Orichalcum":9,"Question Card":4,"Smiling Mask":19,"Mercury Hourglass":4,"ClockworkSouvenir":7,"Calling Bell":6,"Du-Vu Doll":15,"Sundial":6,"Shuriken":11,"Pandora\u0027s Box":13,"Bag of Marbles":10,"Red Mask":16,"Membership Card":15,"Bottled Lightning":17,"InkBottle":1,"Toy Ornithopter":7,"Ring of the Snake":0,"Pocketwatch":6},{"Golden Idol":2,"Vajra":25,"Eternal Feather":12,"Paper Crane":12,"Orichalcum":40,"Question Card":12,"Smiling Mask":86,"Mercury Hourglass":12,"ClockworkSouvenir":30,"Calling Bell":25,"Du-Vu Doll":69,"Sundial":25,"Shuriken":47,"Pandora\u0027s Box":58,"Bag of Marbles":44,"Red Mask":70,"Membership Card":69,"Bottled Lightning":75,"InkBottle":2,"Toy Ornithopter":30,"Ring of the Snake":0,"Pocketwatch":25}],"InkBottle":[29],"Toy Ornithopter":35,"Ring of the Snake":[42],"Pocketwatch":[93]},"card_choices":[{"not_picked":["After Image","Doppelganger"],"picked":"Die Die Die","floor":0},{"not_picked":["Eviscerate","Dagger Throw"],"picked":"Caltrops","floor":1},{"not_picked":["Eviscerate","Sucker Punch","Choke"],"picked":"SKIP","floor":4},{"not_picked":["Infinite Blades","Flying Knee"],"picked":"Bouncing Flask","floor":5},{"not_picked":["Deadly Poison","Flying Knee"],"picked":"PiercingWail","floor":6},{"not_picked":["Acrobatics","Dagger Spray","Slice"],"picked":"All Out Attack","floor":14},{"not_picked":["Phantasmal Killer","Unload","Adrenaline"],"picked":"Wraith Form v2","floor":16},{"not_picked":["Underhanded Strike","Backstab","Dagger Spray"],"picked":"Outmaneuver+1","floor":18},{"not_picked":["PiercingWail","Cloak And Dagger","Sucker Punch"],"picked":"Terror+1","floor":21},{"not_picked":["Outmaneuver","Dodge and Roll","Unload"],"picked":"Die Die Die","floor":23},{"not_picked":["Quick Slash+1","Prepared","Flechettes"],"picked":"Poisoned Stab+1","floor":25},{"not_picked":["Underhanded Strike","Dodge and Roll","Outmaneuver","Acrobatics"],"picked":"SKIP","floor":27},{"not_picked":["Flying Knee","Dagger Throw+1","Endless Agony+1"],"picked":"A Thousand Cuts","floor":31},{"not_picked":["Doppelganger","A Thousand Cuts","Wraith Form v2"],"picked":"Burst","floor":33},{"not_picked":["Dodge and Roll","Prepared","Skewer"],"picked":"Dagger Spray+1","floor":35},{"not_picked":["Blade Dance","Endless Agony+1","Wraith Form v2"],"picked":"Distraction+1","floor":36},{"not_picked":["Flying Knee+1","Escape Plan","Deadly Poison+1"],"picked":"Masterful Stab+1","floor":38},{"not_picked":["Blur+1","Prepared","Quick Slash","Poisoned Stab"],"picked":"SKIP","floor":42},{"not_picked":["Burst","Masterful Stab","Reflex+1"],"picked":"All Out Attack","floor":45},{"not_picked":["Acrobatics+1","Dagger Spray","Calculated Gamble"],"picked":"Deflect+1","floor":46},{"not_picked":["Quick Slash","Bullet Time","Dagger Spray+1"],"picked":"Bane+1","floor":48}],"player_experience":170503,"relics_obtained":[{"floor":6,"key":"Paper Crane"},{"floor":9,"key":"Question Card"},{"floor":13,"key":"Eternal Feather"},{"floor":17,"key":"Vajra"},{"floor":17,"key":"Sundial"},{"floor":17,"key":"Pocketwatch"},{"floor":23,"key":"Orichalcum"},{"floor":26,"key":"Bag of Marbles"},{"floor":36,"key":"Du-Vu Doll"},{"floor":42,"key":"Bottled Lightning"},{"floor":46,"key":"Smiling Mask"}],"event_choices":[{"damage_healed":0,"gold_gain":0,"player_choice":"Take Wound","damage_taken":0,"relics_obtained":["Golden Idol"],"max_hp_gain":0,"max_hp_loss":0,"event_name":"Golden Idol","floor":2,"gold_loss":0,"cards_obtained":["Injury"]},{"damage_healed":0,"gold_gain":0,"player_choice":"Success","damage_taken":12,"relics_obtained":["InkBottle"],"max_hp_gain":0,"max_hp_loss":0,"event_name":"Scrap Ooze","floor":3,"gold_loss":0},{"damage_healed":0,"gold_gain":75,"player_choice":"Gather Gold","damage_taken":11,"max_hp_gain":0,"max_hp_loss":0,"event_name":"World of Goop","floor":10,"gold_loss":0},{"damage_healed":0,"gold_gain":0,"player_choice":"Box","damage_taken":0,"relics_obtained":["Mercury Hourglass"],"max_hp_gain":0,"max_hp_loss":0,"event_name":"Big Fish","floor":11,"gold_loss":0,"cards_obtained":["Regret"]},{"damage_healed":0,"gold_gain":0,"player_choice":"Opened","damage_taken":0,"relics_obtained":["Toy Ornithopter"],"max_hp_gain":0,"max_hp_loss":0,"event_name":"The Mausoleum","floor":19,"gold_loss":0},{"damage_healed":0,"gold_gain":0,"cards_transformed":["Strike_G","Defend_G"],"player_choice":"Became Test Subject","damage_taken":0,"max_hp_gain":0,"max_hp_loss":0,"event_name":"Drug Dealer","floor":22,"gold_loss":0,"cards_obtained":["Wraith Form v2","Backflip"]},{"damage_healed":0,"gold_gain":0,"player_choice":"Ignored","damage_taken":0,"max_hp_gain":0,"max_hp_loss":0,"event_name":"Ghosts","floor":24,"gold_loss":0},{"damage_healed":0,"gold_gain":0,"player_choice":"Obtained Relic","damage_taken":0,"relics_obtained":["Shuriken"],"max_hp_gain":0,"max_hp_loss":0,"event_name":"Addict","floor":29,"gold_loss":85},{"damage_healed":0,"gold_gain":0,"player_choice":"Fight","damage_taken":0,"max_hp_gain":0,"max_hp_loss":0,"event_name":"MindBloom","floor":36,"gold_loss":0},{"damage_healed":0,"gold_gain":0,"player_choice":"Paid","damage_taken":0,"relics_obtained":["Red Mask"],"max_hp_gain":0,"max_hp_loss":0,"event_name":"Tomb of Lord Red Mask","floor":41,"gold_loss":18},{"cards_removed":["Dagger Spray"],"damage_healed":0,"gold_gain":0,"player_choice":"Removed Attack","damage_taken":0,"max_hp_gain":0,"max_hp_loss":0,"event_name":"Falling","floor":44,"gold_loss":0}],"is_beta":false,"boss_relics":[{"not_picked":["Runic Pyramid","SacredBark"],"picked":"Calling Bell"},{"not_picked":["Busted Crown","Runic Dome"],"picked":"Pandora\u0027s Box"}],"items_purged_floors":[37],"is_endless":false,"potions_floor_spawned":[1,14,16,18,27,31,42,45,46,48],"killed_by":"Time Eater","ascension_level":0}}