{"host":"d744ndivyohnro60","time":1614047310,"event":{"mods":["BaseMod","Bestiary","Colored Powertips","Minty Spire (QoL Compilation)","Relic Stats"],"gold_per_floor":[110,110,86,99,27,59,59,59,59,9,40,40,56,71,71,167,217,232,232,232,246,260,260,260,273,273,273,273],"floor_reached":27,"language":"ENG","playtime":1788,"items_purged":[],"score":333,"play_id":"d4a96f75-8c5f-4227-b489-4a4572caa923","local_time":"20210222212830","is_ascension_mode":true,"campfire_choices":[{"floor":7,"key":"REST"},{"data":"Zap","floor":12,"key":"SMITH"},{"floor":15,"key":"REST"},{"floor":23,"key":"REST"}],"circlet_count":0,"master_deck":["Strike_B","Strike_B","Strike_B+1","Strike_B","Defend_B","Defend_B","Defend_B+1","Defend_B","Zap+1","Dualcast","Cold Snap+1","Loop","Chill","Blizzard","Ball Lightning","Static Discharge","Undo","Compile Driver","Core Surge","Tempest","Reinforced Body","Compile Driver+1","Turbo","BootSequence+1"],"relics":["Inserter","Mummified Hand","Gremlin Horn","Ornamental Fan","Pear","Tiny House","Molten Egg 2","Spirit Poop","Bottled Flame"],"acts_visited":["Exordium","TheCity"],"potions_floor_usage":[6,14,18,27,27,27],"damage_taken":[{"damage":0.0,"enemies":"Small Slimes","floor":1.0,"turns":3.0},{"damage":2,"enemies":"Jaw Worm","floor":4,"turns":4},{"damage":15,"enemies":"Lagavulin","floor":6,"turns":10},{"damage":26,"enemies":"Gremlin Nob","floor":11,"turns":4},{"damage":3,"enemies":"2 Louse","floor":13,"turns":2},{"damage":15,"enemies":"Exordium Thugs","floor":14,"turns":6},{"damage":34,"enemies":"Hexaghost","floor":16,"turns":10},{"damage":1,"enemies":"3 Byrds","floor":18,"turns":5},{"damage":16,"enemies":"Shell Parasite","floor":21,"turns":8},{"damage":24,"enemies":"Snake Plant","floor":22,"turns":5},{"damage":53,"enemies":"Cultist and Chosen","floor":25,"turns":7},{"damage":10,"enemies":"Gremlin Leader","floor":27,"turns":4}],"seed_played":"6748125162172234698","potions_obtained":[{"floor":4,"key":"PowerPotion"},{"floor":13,"key":"Explosive Potion"},{"floor":17,"key":"Fire Potion"},{"floor":18,"key":"Swift Potion"},{"floor":22,"key":"Strength Potion"},{"floor":25,"key":"Energy Potion"}],"is_trial":false,"path_per_floor":["M","?","?","M","$","E","R","T","T","$","E","R","M","M","R","B",null,"M","?","?","M","M","R","?","M","T","E"],"character_chosen":"DEFECT","items_purchased":["Chill","Ball Lightning"],"campfire_rested":3,"item_purchase_floors":[5,10],"current_hp_per_floor":[68,53,53,51,51,36,58,58,58,58,42,42,39,24,49,15,73,72,72,72,56,32,59,59,6,6,0,0],"gold":273,"neow_bonus":"BOSS_RELIC","is_daily":false,"chose_seed":false,"campfire_upgraded":1,"win_rate":0.0,"timestamp":1614047310,"path_taken":["M","?","?","M","$","E","R","?","T","$","E","R","?","M","R","BOSS","M","?","?","M","?","R","?","?","T","E"],"items_purchased_type":["Card","Card"],"build_version":"2020-12-22","purchased_purges":0,"victory":false,"max_hp_per_floor":[75,75,75,75,75,75,75,75,75,75,85,85,85,85,85,85,90,90,90,90,90,90,90,90,90,90,90,90],"relic_stats":{"Inserter":[34],"Gremlin Horn":[9,9],"counters":[12,67],"Mummified Hand":[18],"Ornamental Fan":[36],"obtain_stats":[{"Bottled Flame":26,"Inserter":0,"Pear":11,"Tiny House":17,"Gremlin Horn":8,"Mummified Hand":6,"Ornamental Fan":9,"Spirit Poop":24,"Molten Egg 2":19,"Cracked Core":0},{"Bottled Flame":11,"Inserter":0,"Pear":4,"Tiny House":7,"Gremlin Horn":3,"Mummified Hand":3,"Ornamental Fan":3,"Spirit Poop":10,"Molten Egg 2":8,"Cracked Core":0},{"Bottled Flame":63,"Inserter":0,"Pear":20,"Tiny House":38,"Gremlin Horn":16,"Mummified Hand":16,"Ornamental Fan":16,"Spirit Poop":56,"Molten Egg 2":43,"Cracked Core":0}]},"card_choices":[{"not_picked":["Gash","Stack"],"picked":"Cold Snap","floor":1.0},{"not_picked":["Rip and Tear","Rebound"],"picked":"Loop","floor":4},{"not_picked":["Beam Cell","Buffer"],"picked":"Blizzard","floor":6},{"not_picked":["Streamline","Fusion"],"picked":"Static Discharge","floor":11},{"not_picked":["Coolheaded","Compile Driver"],"picked":"Undo","floor":13},{"not_picked":["Go for the Eyes","Hologram"],"picked":"Compile Driver","floor":14},{"not_picked":["Biased Cognition","Seek"],"picked":"Core Surge","floor":16},{"not_picked":["Ball Lightning","Aggregate"],"picked":"Tempest","floor":17},{"not_picked":["Rebound","Stack"],"picked":"Reinforced Body","floor":18},{"not_picked":["Conserve Battery","Rebound+1"],"picked":"Compile Driver+1","floor":21},{"not_picked":["Reinforced Body","Rebound+1"],"picked":"Turbo","floor":22},{"not_picked":["Coolheaded","Hologram+1"],"picked":"BootSequence+1","floor":25}],"player_experience":268194,"relics_obtained":[{"floor":6,"key":"Mummified Hand"},{"floor":8,"key":"Gremlin Horn"},{"floor":9,"key":"Ornamental Fan"},{"floor":11,"key":"Pear"},{"floor":26,"key":"Bottled Flame"}],"event_choices":[{"damage_healed":0.0,"max_hp_gain":0.0,"max_hp_loss":0.0,"gold_gain":0.0,"event_name":"Shining Light","player_choice":"Entered Light","floor":2.0,"gold_loss":0.0,"damage_taken":15.0,"cards_upgraded":["Strike_B","Defend_B"]},{"damage_healed":0.0,"max_hp_gain":0.0,"max_hp_loss":0.0,"gold_gain":0.0,"event_name":"World of Goop","player_choice":"Left Gold","floor":3.0,"gold_loss":24.0,"damage_taken":0.0},{"damage_healed":0,"gold_gain":0,"player_choice":"Opened","damage_taken":0,"relics_obtained":["Molten Egg 2"],"max_hp_gain":0,"max_hp_loss":0,"event_name":"The Mausoleum","floor":19,"gold_loss":0,"cards_obtained":["Writhe"]},{"damage_healed":0,"gold_gain":0,"player_choice":"Ignored","damage_taken":0,"max_hp_gain":0,"max_hp_loss":0,"event_name":"Ghosts","floor":20,"gold_loss":0},{"cards_removed":["Writhe"],"damage_healed":0,"gold_gain":0,"player_choice":"Offered Curse","damage_taken":0,"relics_obtained":["Spirit Poop"],"max_hp_gain":0,"max_hp_loss":0,"event_name":"Bonfire Elementals","floor":24,"gold_loss":0}],"is_beta":false,"boss_relics":[{"not_picked":["Velvet Choker","Ectoplasm"],"picked":"Tiny House"}],"items_purged_floors":[],"is_endless":false,"potions_floor_spawned":[4,13,18,22,25],"killed_by":"Gremlin Leader","ascension_level":8}}