{"host":"v63m4f6t57xrjbnq","time":1614075978,"event":{"mods":["100% Spire Juice","ATMod(阿瑾Mod)","Act Like it!","Arknights","BaseMod","Colored Powertips","Dota2Spire","Downfall","Energized Spire","Gensokyo","Hallownest","KinomotoSakuraMod(木之本樱)","KomeijiMod","LagranYue(拉格朗・月)","Lobotomy","LobotomyExtend","Marisa（F雨　魔理沙）","Marked Mod","Minty Spire (QoL Compilation)","Quick Restart","Reimu（博丽灵梦）","Relic Filter Mod","Remilia（蕾米莉亚）","Replay The Spire","RumiaBox-露米娅的神秘盒子","StSLib","The Administrix","The Marked","The Senshi","The Servant 0.9.4","Waifu the Spire","WarShipGirlsR/战舰少女R mod","Yakumo Yukari mod","Youmu（魂魄妖梦）","Yuyuko","【遗物卡牌】REMEMod"],"gold_per_floor":[110,110,125,125,125,125,160,160,160,160,0,17,17,17,17,0,0],"floor_reached":16,"language":"ZHS","playtime":457,"items_purged":[],"score":96,"play_id":"b8dd57a1-fbf5-4d14-9fd2-b3493318b828","local_time":"20210223182618","is_ascension_mode":false,"campfire_choices":[{"data":"SpellCardSeal","floor":6,"key":"SMITH"},{"data":"ClowCardTheLight","floor":8,"key":"SMITH"},{"floor":10,"key":"RECALL"},{"data":"Injury","floor":15,"key":"PURGE"}],"circlet_count":0,"master_deck":["ClowCardTheSword","ClowCardTheSword","ClowCardTheSword","ClowCardTheSword","ClowCardTheShield","ClowCardTheShield","ClowCardTheShield","ClowCardTheShield","SpellCardSeal+1","SpellCardRelease","ClowCardThePower","ClowCardTheJump","Clumsy","ClowCardTheLight+1","downfall:Aged","ClowCardTheSweet","ClowCardTheSong","ClowCardTheFloat","ClowCardTheThunder"],"relics":["KSMOD_SealedWand","AT_ATBox","REME_ComplimentaryCards","LagranYue:RandomDrawCardRelic","Cursed Key","Baka","LetterFromLob","ChaoDraw","ChaoDraw","Gensokyo:PerfectCherryBlossom","Gensokyo:NagashiBinaDoll","Replay:Wax Seal","LastBattle","Enchiridion"],"acts_visited":["Gensokyo:Gensokyo"],"potions_floor_usage":[],"damage_taken":[{"damage":0,"enemies":"Gensokyo:Python","floor":1,"turns":3},{"damage":4,"enemies":"Gensokyo:3_Fairies","floor":3,"turns":5},{"damage":60,"enemies":"Gensokyo:Aya","floor":7,"turns":7},{"damage":24,"enemies":"Gensokyo:2_Kodama","floor":12,"turns":4},{"damage":7,"enemies":"Gensokyo:Kokoro","floor":16,"turns":1}],"seed_played":"4633847827713742897","potions_obtained":[{"floor":3,"key":"EssenceOfSteel"},{"floor":12,"key":"Dexterity Potion"}],"is_trial":false,"path_per_floor":["M","?","M","?","?","R","E","R","T","R","?","M","COS","?","R","B"],"character_chosen":"KINOMOTOSAKURA","items_purchased":[],"campfire_rested":0,"item_purchase_floors":[],"current_hp_per_floor":[70,77,73,73,73,73,13,13,13,13,13,7,7,7,7,0,0],"gold":0,"neow_bonus":"BOSS_RELIC","is_daily":false,"chose_seed":false,"campfire_upgraded":2,"win_rate":0.0,"timestamp":1614075978,"path_taken":["M","?","M","?","?","R","E","R","T","R","?","M","COS","?","R","BOSS"],"items_purchased_type":[],"build_version":"2020-12-22","purchased_purges":0,"victory":false,"max_hp_per_floor":[70,77,77,77,77,77,77,77,77,77,77,77,77,77,77,77,77],"card_choices":[{"not_picked":["ClowCardTheShot","ClowCardTheWood"],"picked":"ClowCardThePower","floor":1},{"not_picked":["ClowCardTheWindy","ClowCardTheVoice"],"picked":"ClowCardTheJump","floor":3},{"not_picked":["ClowCardTheSleep","ClowCardTheChange"],"picked":"ClowCardTheLight","floor":7},{"not_picked":["ClowCardTheSand","ClowCardTheMaze"],"picked":"ClowCardTheSweet","floor":12},{"not_picked":["ClowCardTheSleep","ClowCardTheVoice"],"picked":"ClowCardTheSong","floor":12},{"not_picked":["ClowCardTheArrow","ClowCardTheErase"],"picked":"ClowCardTheFloat","floor":12},{"not_picked":["ClowCardTheWindy","ClowCardTheLock"],"picked":"ClowCardTheThunder","floor":12}],"player_experience":259238,"relics_obtained":[{"floor":1,"key":"Baka"},{"floor":1,"key":"LetterFromLob"},{"floor":3,"key":"ChaoDraw"},{"floor":3,"key":"ChaoDraw"},{"floor":7,"key":"Replay:Wax Seal"},{"floor":9,"key":"LastBattle"}],"event_choices":[],"is_beta":false,"boss_relics":[],"items_purged_floors":[],"is_endless":false,"potions_floor_spawned":[3,12],"killed_by":"Gensokyo:Kokoro","ascension_level":0}}