{"host":"ronyeowk3fr4dw6n","time":1614076293,"event":{"mods":["AchievementEnabler","BaseMod","Bestiary","Better Note","DeckTracker","Minty Spire (QoL Compilation)","Permanent Neow","Quick Restart","Relic Stats","StSLib","SuperFastMode"],"gold_per_floor":[109,123,176,176,194,226,239,239,239,264,334,354,354,364,364,459,459,473,68,85,101,119,119,119,119],"floor_reached":24,"language":"ENG","playtime":1225,"items_purged":["Strike_B"],"score":377,"play_id":"94069a0b-2211-424c-aec6-2f5f121640e7","local_time":"20210223173133","is_ascension_mode":true,"campfire_choices":[{"data":"Streamline","floor":8.0,"key":"SMITH"},{"data":"Go for the Eyes","floor":13.0,"key":"SMITH"},{"data":"Coolheaded","floor":15.0,"key":"SMITH"},{"data":"Defragment","floor":23.0,"key":"SMITH"}],"circlet_count":0,"master_deck":["Strike_B+1","Strike_B+1","Strike_B","Defend_B","Defend_B","Defend_B","Defend_B","Zap","Dualcast","Go for the Eyes+1","Streamline+1","Sweeping Beam","Cold Snap","Cold Snap","Doom and Gloom","FTL","Coolheaded+1","Ball Lightning","Multi-Cast","Meteor Strike","Compile Driver","Turbo","Defragment+1","Recycle","Consume","Hologram","Auto Shields","Glacier"],"relics":["Coffee Dripper","Whetstone","Prayer Wheel","Gambling Chip","StrikeDummy","SlaversCollar","Chemical X"],"acts_visited":["Exordium","TheCity"],"potions_floor_usage":[24],"damage_taken":[{"damage":1.0,"enemies":"Cultist","floor":1.0,"turns":4.0},{"damage":9.0,"enemies":"Jaw Worm","floor":2.0,"turns":3.0},{"damage":0.0,"enemies":"Small Slimes","floor":5.0,"turns":3.0},{"damage":27.0,"enemies":"3 Sentries","floor":6.0,"turns":7.0},{"damage":6.0,"enemies":"Blue Slaver","floor":7.0,"turns":3.0},{"damage":1.0,"enemies":"Lagavulin","floor":10.0,"turns":5.0},{"damage":1.0,"enemies":"Gremlin Gang","floor":12.0,"turns":3.0},{"damage":0.0,"enemies":"Exordium Wildlife","floor":14.0,"turns":2.0},{"damage":0.0,"enemies":"Hexaghost","floor":16.0,"turns":6.0},{"damage":0.0,"enemies":"3 Byrds","floor":18.0,"turns":4.0},{"damage":0.0,"enemies":"Spheric Guardian","floor":20.0,"turns":3.0},{"damage":8.0,"enemies":"Snake Plant","floor":21.0,"turns":3.0},{"damage":4.0,"enemies":"Centurion and Healer","floor":22.0,"turns":8.0},{"damage":0,"enemies":"Slavers","floor":24,"turns":1}],"seed_played":"8509781176686482315","potions_obtained":[{"floor":6.0,"key":"Block Potion"},{"floor":7.0,"key":"EssenceOfDarkness"},{"floor":14.0,"key":"Fire Potion"},{"floor":22.0,"key":"FearPotion"}],"is_trial":false,"path_per_floor":["M","M","T","?","M","E","M","R","T","E","T","M","R","M","R","B",null,"M","$","M","M","M","R","E"],"character_chosen":"DEFECT","items_purchased":["Defragment","Recycle","Chemical X","Consume"],"campfire_rested":0,"item_purchase_floors":[19,19,19,19],"current_hp_per_floor":[67,58,58,63,63,36,30,30,30,29,29,28,28,28,28,28,67,67,67,67,59,55,55,55,55],"gold":119,"neow_bonus":"BOSS_RELIC","is_daily":false,"chose_seed":false,"campfire_upgraded":4,"win_rate":0.0,"timestamp":1614076293,"path_taken":["M","M","?","?","M","E","M","R","T","E","?","M","R","M","R","BOSS","M","?","M","M","M","R","E"],"items_purchased_type":["Card","Card","Relic","Card"],"build_version":"2020-12-22","purchased_purges":1,"victory":false,"max_hp_per_floor":[75,75,75,80,80,80,80,80,80,80,80,80,80,80,80,80,80,80,80,80,80,80,80,80,80],"relic_stats":{"counters":[14,55],"Gambling Chip":[30],"Prayer Wheel":7,"Whetstone":["Strike_B","Strike_B"],"Chemical X":[2],"obtain_stats":[{"SlaversCollar":17,"Gambling Chip":10,"Prayer Wheel":6,"Coffee Dripper":0,"Whetstone":3,"Chemical X":19,"Cracked Core":0,"StrikeDummy":11},{"SlaversCollar":9,"Gambling Chip":6,"Prayer Wheel":4,"Coffee Dripper":0,"Whetstone":2,"Chemical X":10,"Cracked Core":0,"StrikeDummy":6},{"SlaversCollar":36,"Gambling Chip":25,"Prayer Wheel":17,"Coffee Dripper":0,"Whetstone":7,"Chemical X":40,"Cracked Core":0,"StrikeDummy":25}]},"card_choices":[{"not_picked":["Beam Cell","Compile Driver"],"picked":"Go for the Eyes","floor":1.0},{"not_picked":["Turbo","Barrage"],"picked":"Streamline","floor":2.0},{"not_picked":["Leap","Undo"],"picked":"Sweeping Beam","floor":5.0},{"not_picked":["Force Field","Stack"],"picked":"Cold Snap","floor":6.0},{"not_picked":["Hologram","Go for the Eyes"],"picked":"Cold Snap","floor":7.0},{"not_picked":["Amplify","Auto Shields"],"picked":"Doom and Gloom","floor":7.0},{"not_picked":["Leap","Storm"],"picked":"FTL","floor":10.0},{"not_picked":["Sweeping Beam","Gash"],"picked":"Coolheaded","floor":12.0},{"not_picked":["Steam","Force Field","Conserve Battery"],"picked":"SKIP","floor":12.0},{"not_picked":["Turbo","Steam"],"picked":"Ball Lightning","floor":14.0},{"not_picked":["Coolheaded","Cold Snap"],"picked":"Multi-Cast","floor":14.0},{"not_picked":["Buffer","Hyperbeam"],"picked":"Meteor Strike","floor":16.0},{"not_picked":["Doom and Gloom","Redo"],"picked":"Compile Driver","floor":18.0},{"not_picked":["Doom and Gloom","White Noise"],"picked":"Turbo","floor":18.0},{"not_picked":["Double Energy","Stack+1"],"picked":"Hologram","floor":20.0},{"not_picked":["Go for the Eyes","Barrage","Leap+1"],"picked":"SKIP","floor":20.0},{"not_picked":["Scrape","Rebound"],"picked":"Auto Shields","floor":21.0},{"not_picked":["Storm+1","Compile Driver+1","Redo"],"picked":"SKIP","floor":21.0},{"not_picked":["Go for the Eyes","Heatsinks"],"picked":"Glacier","floor":22.0},{"not_picked":["Compile Driver","Rainbow","Sweeping Beam+1"],"picked":"SKIP","floor":22.0}],"player_experience":248735,"relics_obtained":[{"floor":3.0,"key":"Whetstone"},{"floor":6.0,"key":"Prayer Wheel"},{"floor":10.0,"key":"Gambling Chip"},{"floor":11.0,"key":"StrikeDummy"}],"event_choices":[{"damage_healed":0.0,"max_hp_gain":5.0,"max_hp_loss":0.0,"gold_gain":0.0,"event_name":"Big Fish","player_choice":"Donut","floor":4.0,"gold_loss":0.0,"damage_taken":0.0}],"is_beta":false,"boss_relics":[{"not_picked":["Pandora\u0027s Box","Black Star"],"picked":"SlaversCollar"}],"items_purged_floors":[19],"is_endless":false,"potions_floor_spawned":[6,7,14,22],"killed_by":"Slavers","ascension_level":9}}