{"host":"0ntunplbxyg40l63","time":1614103494,"event":{"mods":["BaseMod","Colored Powertips","Minty Spire (QoL Compilation)","StSLib"],"gold_per_floor":[115,115,133,148,163,163,163,192,218,218,218,250,264,291,291,291,291],"floor_reached":16,"language":"ENG","playtime":468,"items_purged":[],"score":110,"play_id":"f886a380-7300-49c7-8f6a-16a85403a0d3","local_time":"20210223180454","is_ascension_mode":false,"campfire_choices":[{"data":"Infinite Blades","floor":6,"key":"SMITH"},{"data":"Neutralize","floor":10,"key":"SMITH"},{"floor":15,"key":"REST"}],"circlet_count":0,"master_deck":["Strike_G","Strike_G","Strike_G","Strike_G","Defend_G","Defend_G","Defend_G","Defend_G","Defend_G","Survivor","Neutralize+1","Blade Dance+1","Corpse Explosion","Dagger Spray","Infinite Blades+1","Dagger Spray","Acrobatics","Finisher"],"relics":["Ring of the Snake","Nunchaku","Pen Nib","Ancient Tea Set","MealTicket"],"acts_visited":["Exordium"],"potions_floor_usage":[16],"damage_taken":[{"damage":2,"enemies":"Small Slimes","floor":1,"turns":5},{"damage":0,"enemies":"Cultist","floor":3,"turns":3},{"damage":6,"enemies":"Jaw Worm","floor":4,"turns":3},{"damage":6,"enemies":"Blue Slaver","floor":5,"turns":5},{"damage":21,"enemies":"Gremlin Nob","floor":8,"turns":5},{"damage":9,"enemies":"3 Sentries","floor":12,"turns":2},{"damage":5,"enemies":"3 Louse","floor":13,"turns":2},{"damage":46,"enemies":"The Guardian","floor":16,"turns":4}],"seed_played":"304761562905406006","potions_obtained":[{"floor":4,"key":"Dexterity Potion"},{"floor":13,"key":"BlessingOfTheForge"}],"is_trial":false,"path_per_floor":["M","?","M","M","M","R","?","E","T","R","?","E","M","T","R","B"],"character_chosen":"THE_SILENT","items_purchased":[],"campfire_rested":1,"item_purchase_floors":[],"current_hp_per_floor":[75,75,75,69,63,63,56,35,35,35,35,26,21,21,44,0,0],"gold":291,"neow_bonus":"TEN_PERCENT_HP_BONUS","is_daily":false,"chose_seed":false,"campfire_upgraded":2,"win_rate":0.0,"timestamp":1614103494,"path_taken":["M","?","?","M","M","R","?","E","T","R","?","E","M","?","R","BOSS"],"items_purchased_type":[],"build_version":"2020-12-22","purchased_purges":0,"victory":false,"max_hp_per_floor":[77,77,77,77,77,77,77,77,77,77,77,77,77,77,77,77,77],"card_choices":[{"not_picked":["Noxious Fumes","Dagger Throw"],"picked":"Blade Dance","floor":1},{"not_picked":["Dagger Throw","Dash"],"picked":"Dagger Spray","floor":3},{"not_picked":["Flechettes","Sucker Punch"],"picked":"Infinite Blades","floor":4},{"not_picked":["All Out Attack","Quick Slash"],"picked":"Dagger Spray","floor":5},{"not_picked":["Deflect","Die Die Die","Underhanded Strike"],"picked":"SKIP","floor":8},{"not_picked":["Deflect","Reflex"],"picked":"Acrobatics","floor":12},{"not_picked":["Dagger Throw","Deflect"],"picked":"Finisher","floor":13}],"player_experience":16290,"relics_obtained":[{"floor":8,"key":"Nunchaku"},{"floor":9,"key":"Pen Nib"},{"floor":12,"key":"Ancient Tea Set"},{"floor":14,"key":"MealTicket"}],"event_choices":[{"damage_healed":0,"gold_gain":0,"player_choice":"1 cards matched","damage_taken":0,"max_hp_gain":0,"max_hp_loss":0,"event_name":"Match and Keep!","floor":2,"gold_loss":0,"cards_obtained":["Corpse Explosion"]},{"cards_removed":["Strike_G"],"damage_healed":0,"gold_gain":0,"player_choice":"Card Removal","damage_taken":7,"max_hp_gain":0,"max_hp_loss":0,"event_name":"Golden Wing","floor":7,"gold_loss":0},{"damage_healed":0,"gold_gain":0,"player_choice":"Grow","damage_taken":0,"max_hp_gain":0,"max_hp_loss":0,"event_name":"Living Wall","floor":11,"gold_loss":0,"cards_upgraded":["Blade Dance"]}],"is_beta":false,"boss_relics":[],"items_purged_floors":[],"is_endless":false,"potions_floor_spawned":[4,5,8,13],"killed_by":"The Guardian","ascension_level":0}}