{"host":"dhv3u8yhd2rnugsp","time":1614096729,"event":{"mods":["100% Spire Juice","BaseMod","Block Reminder","Colored Map","Googly Eyes","Highlight Path","Minty Spire (QoL Compilation)","Permanent Neow","Quick Restart","Random Character Button","StSLib"],"gold_per_floor":[110,121,271,291,311,345,345,406,430,430,430],"floor_reached":10,"language":"ENG","playtime":503,"items_purged":[],"score":136,"play_id":"1ce2ada0-bdd1-40d5-afba-61f893d2b2ca","local_time":"20210223101209","is_ascension_mode":true,"campfire_choices":[{"floor":7,"key":"REST"}],"circlet_count":0,"master_deck":["AscendersBane","Strike_R","Strike_R","Strike_R","Strike_R","Strike_R","Defend_R","Defend_R","Defend_R","Defend_R","Bash","Thinking Ahead","Fire Breathing","Sword Boomerang","Doubt","Wild Strike","Feel No Pain","Flame Barrier"],"relics":["Burning Blood","Regal Pillow","Toy Ornithopter","Boot"],"acts_visited":["Exordium"],"potions_floor_usage":[6,10],"damage_taken":[{"damage":6.0,"enemies":"2 Louse","floor":1.0,"turns":3.0},{"damage":11.0,"enemies":"Jaw Worm","floor":2.0,"turns":4.0},{"damage":4.0,"enemies":"Small Slimes","floor":4.0,"turns":3.0},{"damage":14.0,"enemies":"Blue Slaver","floor":5.0,"turns":4.0},{"damage":56,"enemies":"Gremlin Nob","floor":6,"turns":5},{"damage":20,"enemies":"3 Sentries","floor":8,"turns":5},{"damage":33,"enemies":"Lagavulin","floor":10,"turns":8}],"seed_played":"2259520727754230305","potions_obtained":[{"floor":4.0,"key":"Swift Potion"},{"floor":5.0,"key":"Dexterity Potion"}],"is_trial":false,"path_per_floor":["M","M","?","M","M","E","R","?","T","E"],"character_chosen":"IRONCLAD","items_purchased":[],"campfire_rested":1,"item_purchase_floors":[],"current_hp_per_floor":[68,63,63,65,57,7,42,28,28,0,0],"gold":430,"neow_bonus":"RANDOM_COLORLESS_2","is_daily":false,"chose_seed":false,"campfire_upgraded":0,"win_rate":0.0,"timestamp":1614096729,"path_taken":["M","M","?","M","M","E","R","?","T","E"],"items_purchased_type":[],"build_version":"2020-12-22","purchased_purges":0,"victory":false,"max_hp_per_floor":[68,68,68,68,68,68,68,68,68,68,68],"card_choices":[{"not_picked":["Secret Weapon","Violence"],"picked":"Thinking Ahead","floor":0.0},{"not_picked":["Flex","Anger"],"picked":"Fire Breathing","floor":1.0},{"not_picked":["Metallicize","Pummel"],"picked":"Sword Boomerang","floor":2.0},{"not_picked":["Pommel Strike","Anger"],"picked":"Wild Strike","floor":4.0},{"not_picked":["Battle Trance","Thunderclap"],"picked":"Feel No Pain","floor":5.0},{"not_picked":["Juggernaut","Heavy Blade"],"picked":"Flame Barrier","floor":6}],"player_experience":1662394,"relics_obtained":[{"floor":6,"key":"Regal Pillow"},{"floor":8,"key":"Toy Ornithopter"},{"floor":9,"key":"Boot"}],"event_choices":[{"damage_healed":0.0,"max_hp_gain":0.0,"max_hp_loss":0.0,"gold_gain":150.0,"event_name":"Liars Game","player_choice":"AGREE","floor":3.0,"gold_loss":0.0,"damage_taken":0.0,"cards_obtained":["Doubt"]},{"damage_healed":0,"gold_gain":0,"player_choice":"Searched \u00271\u0027 times","damage_taken":0,"max_hp_gain":0,"max_hp_loss":0,"event_name":"Dead Adventurer","floor":8,"gold_loss":0}],"is_beta":false,"boss_relics":[],"items_purged_floors":[],"is_endless":false,"potions_floor_spawned":[4,5],"killed_by":"Lagavulin","ascension_level":20}}