{"host":"pboyrhtqteqd23la","time":1614090069,"event":{"mods":["Aspiration","BaseMod","Bestiary","Conspire","Downfall","Energized Spire","Halation","Infinite Spire","Minty Spire (QoL Compilation)","Relic Stats","Reliquary","Shop Mod","StSLib","The Servant 0.9.4","Waifu the Spire"],"gold_per_floor":[162,174,191,191,45,71,86,103,128,158,178,195,229,242,242,338,338,353,378,378,120,138,138,138,138,138,149,165,15,115,115,115,115,115],"floor_reached":33,"language":"ENG","playtime":2976,"items_purged":[],"score":294,"play_id":"86138231-49ad-4227-a7a7-7419e0d0cd80","local_time":"20210223072109","is_ascension_mode":false,"campfire_choices":[{"floor":15,"key":"REST"},{"floor":23,"key":"REST"},{"data":"Decay","floor":25,"key":"SMITH"},{"data":"Normality","floor":32,"key":"SMITH"}],"circlet_count":0,"master_deck":["Strike_G","Strike_G","Strike_G","Strike_G+1","Strike_G","Defend_G","Defend_G","Defend_G","Defend_G+1","Defend_G","Survivor","Neutralize","Poisoned Stab","Quick Slash","Backflip","Blade Dance","Blade Dance","Die Die Die","Quick Slash","Escape Plan","Deadly Poison","Cloak And Dagger","A Thousand Cuts","Acrobatics+1","Consecrate+1","Alpha","TalkToTheHand","Apotheosis","Consecrate+1","Tantrum","downfall:Malfunctioning","Phantasmal Killer","Pain"],"relics":["Tiny House","infinitespire:Cubic Diamond","aspiration:Lifesprig","Bottled Lightning","infinitespire:Lucky Rock","halation:PrussianBluePaint","conspire:Boomerang","aspiration:WatcherSkillbook","Red Mask","Darkstone Periapt","aspiration:Nostalgia","sneckomod:SneckoSoul","downfall:ExtraCursedKey","MutagenicStrength"],"acts_visited":["Exordium","TheCity"],"potions_floor_usage":[13,14,14,16,19],"damage_taken":[{"damage":0,"enemies":"Small Slimes","floor":1,"turns":3},{"damage":0,"enemies":"2 Louse","floor":2,"turns":3},{"damage":0,"enemies":"Jaw Worm","floor":3,"turns":4},{"damage":21,"enemies":"Gremlin Nob","floor":6,"turns":4},{"damage":10,"enemies":"Exordium Thugs","floor":7,"turns":6},{"damage":7,"enemies":"Looter","floor":8,"turns":3},{"damage":13,"enemies":"3 Sentries","floor":10,"turns":7},{"damage":0,"enemies":"Blue Slaver","floor":11,"turns":3},{"damage":0,"enemies":"3 Louse","floor":12,"turns":2},{"damage":6,"enemies":"Gremlin Nob","floor":13,"turns":4},{"damage":5,"enemies":"Exordium Thugs","floor":14,"turns":2},{"damage":31,"enemies":"The Guardian","floor":16,"turns":9},{"damage":19,"enemies":"Chosen","floor":18,"turns":6},{"damage":20,"enemies":"Masked Bandits","floor":19,"turns":4},{"damage":0,"enemies":"3 Byrds","floor":22,"turns":3},{"damage":4,"enemies":"Centurion and Healer","floor":27,"turns":6},{"damage":35,"enemies":"Snecko","floor":28,"turns":5},{"damage":65,"enemies":"Champ","floor":33,"turns":5}],"seed_played":"-332204289754929864","potions_obtained":[{"floor":0,"key":"EssenceOfSteel"},{"floor":2,"key":"Guardian:BlockOnCardUsePotion"},{"floor":3,"key":"Energy Potion"},{"floor":13,"key":"Swift Potion"},{"floor":18,"key":"SneckoOil"}],"is_trial":false,"path_per_floor":["M","M","M","?","$","E","M","M","T","E","M","M","E","M","R","B",null,"M","?","?","$","M","R","?","R","T","M","M","$","?","?","R","B"],"character_chosen":"THE_SILENT","items_purchased":["aspiration:Lifesprig","TalkToTheHand","Apotheosis","aspiration:Nostalgia"],"campfire_rested":2,"item_purchase_floors":[5,21,21,29],"current_hp_per_floor":[75,75,75,75,75,54,44,37,37,24,24,24,18,13,35,4,75,56,36,36,36,36,58,58,58,58,54,19,19,42,42,42,0,0],"gold":115,"neow_bonus":"BOSS_RELIC","is_daily":false,"chose_seed":false,"campfire_upgraded":2,"win_rate":0.0,"timestamp":1614090069,"path_taken":["M","M","M","?","$","E","M","M","T","E","M","M","E","M","R","BOSS","M","?","?","$","?","R","?","R","T","M","M","$","?","?","R","BOSS"],"items_purchased_type":["Relic","Card","Card","Relic"],"build_version":"2020-12-22","purchased_purges":0,"victory":false,"max_hp_per_floor":[75,75,75,75,75,75,75,75,75,75,75,75,75,75,75,75,75,75,75,75,75,75,75,75,75,75,75,75,75,98,98,98,98,98],"relic_stats":{"Darkstone Periapt":18,"counters":[18,79],"obtain_stats":[{"Darkstone Periapt":26,"aspiration:Lifesprig":5,"Tiny House":0,"aspiration:Nostalgia":29,"infinitespire:Cubic Diamond":4,"conspire:Boomerang":13,"infinitespire:Lucky Rock":9,"sneckomod:SneckoSoul":29,"halation:PrussianBluePaint":10,"MutagenicStrength":31,"aspiration:WatcherSkillbook":17,"downfall:ExtraCursedKey":30,"Red Mask":19,"Bottled Lightning":6,"Ring of the Snake":0},{"Darkstone Periapt":15,"aspiration:Lifesprig":3,"Tiny House":0,"aspiration:Nostalgia":17,"infinitespire:Cubic Diamond":3,"conspire:Boomerang":10,"infinitespire:Lucky Rock":6,"sneckomod:SneckoSoul":17,"halation:PrussianBluePaint":7,"MutagenicStrength":17,"aspiration:WatcherSkillbook":12,"downfall:ExtraCursedKey":17,"Red Mask":14,"Bottled Lightning":4,"Ring of the Snake":0},{"Darkstone Periapt":63,"aspiration:Lifesprig":10,"Tiny House":0,"aspiration:Nostalgia":74,"infinitespire:Cubic Diamond":10,"conspire:Boomerang":39,"infinitespire:Lucky Rock":23,"sneckomod:SneckoSoul":74,"halation:PrussianBluePaint":30,"MutagenicStrength":74,"aspiration:WatcherSkillbook":50,"downfall:ExtraCursedKey":74,"Red Mask":60,"Bottled Lightning":14,"Ring of the Snake":0}]},"card_choices":[{"not_picked":["Bane","Sucker Punch"],"picked":"Poisoned Stab","floor":0},{"not_picked":["Eviscerate","Backflip"],"picked":"Quick Slash","floor":1},{"not_picked":["Deflect","Eviscerate"],"picked":"Backflip","floor":2},{"not_picked":["Backflip","Dodge and Roll"],"picked":"Blade Dance","floor":3},{"not_picked":["Dagger Throw","Setup","Dagger Spray"],"picked":"SKIP","floor":6},{"not_picked":["Tactician","Deadly Poison"],"picked":"Noxious Fumes","floor":7},{"not_picked":["Backflip","Eviscerate"],"picked":"Blade Dance","floor":8},{"not_picked":["Setup","Distraction"],"picked":"Die Die Die","floor":10},{"not_picked":["Caltrops","Finisher"],"picked":"Quick Slash","floor":11},{"not_picked":["Prepared","Slice"],"picked":"Escape Plan","floor":12},{"not_picked":["Caltrops","Dodge and Roll"],"picked":"Deadly Poison","floor":13},{"not_picked":["Flying Knee","Terror"],"picked":"Cloak And Dagger","floor":14},{"not_picked":["Unload","Malaise"],"picked":"A Thousand Cuts","floor":16},{"not_picked":["Wallop","Deadly Poison","WaveOfTheHand"],"picked":"Acrobatics+1","floor":18},{"not_picked":["Protect","Acrobatics","Tactician"],"picked":"Consecrate","floor":19},{"not_picked":["Finisher","ClearTheMind+1","FollowUp"],"picked":"Consecrate+1","floor":22},{"not_picked":["Conclude","WaveOfTheHand","Outmaneuver","Quick Slash"],"picked":"SKIP","floor":27},{"not_picked":["Caltrops","Bane","WreathOfFlame"],"picked":"Tantrum","floor":28}],"player_experience":675184,"relics_obtained":[{"floor":6,"key":"Bottled Lightning"},{"floor":9,"key":"infinitespire:Lucky Rock"},{"floor":10,"key":"halation:PrussianBluePaint"},{"floor":13,"key":"conspire:Boomerang"},{"floor":19,"key":"Red Mask"},{"floor":26,"key":"Darkstone Periapt"}],"event_choices":[{"damage_healed":0,"gold_gain":0,"player_choice":"Fought Bandits","damage_taken":0,"max_hp_gain":0,"max_hp_loss":0,"event_name":"Masked Bandits","floor":19,"gold_loss":0},{"damage_healed":0,"gold_gain":0,"cards_transformed":["Noxious Fumes"],"player_choice":"Transformed","damage_taken":0,"max_hp_gain":0,"max_hp_loss":0,"event_name":"Transmorgrifier","floor":20,"gold_loss":0,"cards_obtained":["Alpha"]},{"damage_healed":0,"gold_gain":0,"player_choice":"Smashed Altar","damage_taken":0,"max_hp_gain":0,"max_hp_loss":0,"event_name":"Forgotten Altar","floor":24,"gold_loss":0,"cards_obtained":["Decay"]},{"damage_healed":0,"gold_gain":0,"player_choice":"Inject Mutagens","damage_taken":0,"relics_obtained":["MutagenicStrength"],"max_hp_gain":0,"max_hp_loss":0,"event_name":"Drug Dealer","floor":31,"gold_loss":0}],"is_beta":false,"boss_relics":[{"not_picked":["Velvet Choker","Fusion Hammer"],"picked":"aspiration:WatcherSkillbook"}],"items_purged_floors":[],"is_endless":false,"potions_floor_spawned":[2,3,8,10,12,13,18],"killed_by":"Champ","ascension_level":0}}