{"host":"kaame4qwxxqnygv7","time":1614067158,"event":{"mods":["AchievementEnabler","BaseMod","Better Match","Better Skull","Better Third Choice","BetterRewards","Block Reminder","Bossed Relics","DeckTracker","Energized Spire","GungeonMod","Minty Spire (QoL Compilation)","Quick Restart","Red Circlet Mod","StSLib","SuperFastMode","The Blue Laboratory"],"gold_per_floor":[114,84,100,114,129,129,142,142,142,142,167,177,177,26,26,26,26],"floor_reached":16,"language":"KOR","playtime":404,"items_purged":[],"score":191,"play_id":"f375453b-e3e2-4092-85c8-11a98267480c","local_time":"20210223165918","is_ascension_mode":true,"campfire_choices":[{"data":"Terror","floor":6.0,"key":"SMITH"},{"data":"Neutralize","floor":10.0,"key":"SMITH"},{"data":"Endless Agony","floor":13.0,"key":"SMITH"},{"floor":15.0,"key":"REST"}],"circlet_count":0,"master_deck":["AscendersBane","Strike_G","Strike_G","Strike_G","Strike_G","Strike_G","Defend_G","Defend_G","Defend_G","Defend_G","Defend_G","Survivor","Neutralize+1","Backflip","Terror+1","Endless Agony+1","Backflip"],"relics":["Ring of the Snake","DemoMod:MeatBun","Tough Bandages","DemoMod:Bottle","DemoMod:GnawedKey","Unceasing Top","StoneCalendar","Mercury Hourglass","Regal Pillow"],"acts_visited":["Exordium"],"potions_floor_usage":[],"damage_taken":[{"damage":0.0,"enemies":"2 Louse","floor":1.0,"turns":3.0},{"damage":0.0,"enemies":"Cultist","floor":3.0,"turns":2.0},{"damage":0.0,"enemies":"Jaw Worm","floor":4.0,"turns":2.0},{"damage":0.0,"enemies":"Looter","floor":5.0,"turns":4.0},{"damage":0.0,"enemies":"Exordium Wildlife","floor":7.0,"turns":4.0},{"damage":0.0,"enemies":"3 Sentries","floor":11.0,"turns":6.0},{"damage":0.0,"enemies":"Large Slime","floor":12.0,"turns":3.0},{"damage":12,"enemies":"Hexaghost","floor":16,"turns":3}],"seed_played":"-3192355349767143990","potions_obtained":[{"floor":2.0,"key":"blueLaboratory:FruitPreserves"},{"floor":2.0,"key":"CultistPotion"},{"floor":5.0,"key":"blueLaboratory:HorrorPotion"},{"floor":11.0,"key":"blueLaboratory:ArtistsPotion"},{"floor":12.0,"key":"BlessingOfTheForge"}],"is_trial":false,"path_per_floor":["M","?","M","M","M","R","M","T","T","R","E","M","R","$","R","B"],"character_chosen":"THE_SILENT","items_purchased":["DemoMod:MeatBun","DemoMod:Bottle","DemoMod:GnawedKey","Explosive Potion","Regal Pillow"],"campfire_rested":1,"item_purchase_floors":[0,0,0,0,14],"current_hp_per_floor":[45,45,45,45,45,45,45,45,45,45,45,45,45,45,70,58,58],"gold":26,"neow_bonus":"","is_daily":false,"chose_seed":false,"campfire_upgraded":3,"win_rate":0.0,"timestamp":1614067158,"path_taken":["M","?","?","?","M","R","M","?","T","R","E","M","R","?","R","BOSS"],"items_purchased_type":["Relic","Relic","Relic","Potion","Relic"],"build_version":"2020-12-22","purchased_purges":0,"victory":false,"max_hp_per_floor":[70,70,70,70,70,70,70,70,70,70,70,70,70,70,70,70,70],"card_choices":[{"not_picked":["Dodge and Roll","Acrobatics"],"picked":"Backflip","floor":1.0},{"not_picked":["Outmaneuver","Footwork"],"picked":"Terror","floor":3.0},{"not_picked":["Outmaneuver","Underhanded Strike","Flechettes"],"picked":"SKIP","floor":4.0},{"not_picked":["Acrobatics","Poisoned Stab","Masterful Stab"],"picked":"SKIP","floor":5.0},{"not_picked":["Caltrops","Poisoned Stab"],"picked":"Endless Agony","floor":7.0},{"not_picked":["Terror","Flying Knee"],"picked":"Backflip","floor":11.0},{"not_picked":["Sucker Punch","Flying Knee","Doppelganger"],"picked":"SKIP","floor":12.0}],"player_experience":324480,"relics_obtained":[{"floor":8.0,"key":"Unceasing Top"},{"floor":9.0,"key":"StoneCalendar"},{"floor":11.0,"key":"Mercury Hourglass"}],"event_choices":[{"damage_healed":0.0,"max_hp_gain":0.0,"max_hp_loss":0.0,"gold_gain":0.0,"event_name":"The Woman in Blue","player_choice":"Bought 2 Potions","floor":2.0,"gold_loss":0.0,"damage_taken":0.0}],"is_beta":false,"boss_relics":[],"items_purged_floors":[],"is_endless":false,"potions_floor_spawned":[5,11,12],"killed_by":"Hexaghost","ascension_level":10}}