{"host":"xt8a2gaayqxupton","time":1614069798,"event":{"mods":["2.2 Compatiblity","Abigail Mod","AchievementEnabler","Act Like it!","Arknights","BaseMod","CapriCore","Chen","Colored Map","Dota2Spire","Gensokyo","GungeonMod","Hallownest","Koishi","KomeijiMod","Lobotomy","Marisa£¨Ùöéë¡¡Øª×âÞÞ£©","Minty Spire (QoL Compilation)","Reimu£¨ÚÏ???£©","StSLib","The Administrix","The Animator","The Bug Knight","The Immortal","Yakumo Yukari mod","Yuyuko"],"gold_per_floor":[116,127,39,58,68,68,68,68,68,82,95,95,130,156,156,268,268,293,293,318,352,44,90,90,90],"floor_reached":24,"language":"KOR","playtime":918,"items_purged":[],"score":212,"play_id":"a582da98-9d23-4a34-918b-34ed702b0de7","local_time":"20210223174318","is_ascension_mode":false,"campfire_choices":[{"data":"StarlightTyphoon","floor":6,"key":"SMITH"},{"data":"MasterSpark","floor":8,"key":"SMITH"},{"floor":15,"key":"REST"}],"circlet_count":0,"master_deck":["Strike_MRS","Strike_MRS","Strike_MRS","Defend_MRS","Defend_MRS","Defend_MRS","Defend_MRS","MasterSpark+1","UpSweep","WitchLeyline","WitchLeyline","StarlightTyphoon+1","MillisecondPulsars","EarthLightRay","WitchOfGreed","CollectingQuirk","DragonMeteor","EscapeVelocity","DoubleSpark","GasGiant+1","OortCloud","AsteroidBelt+1"],"relics":["MiniHakkero","Lizard Tail","Strawberry","DemoMod:OrangeGuonStone","Gensokyo:MarisaIngredientList","Cursed Key","Gensokyo:ConquerorOfFear","Letter Opener","Tea:ReiMu"],"acts_visited":["Gensokyo:Gensokyo","Gensokyo:Gensokyoer"],"potions_floor_usage":[16,16,20,21,21,23,23],"damage_taken":[{"damage":11,"enemies":"Gensokyo:Python","floor":1,"turns":3},{"damage":8,"enemies":"Gensokyo:Gryphon","floor":2,"turns":3},{"damage":6,"enemies":"Gensokyo:3_Fairies","floor":4,"turns":3},{"damage":15,"enemies":"Gensokyo:Kitsune","floor":5,"turns":3},{"damage":10,"enemies":"Gensokyo:Gryphon_and_Rabbit","floor":10,"turns":3},{"damage":3,"enemies":"Gensokyo:2_Rabbits","floor":11,"turns":3},{"damage":0,"enemies":"Gensokyo:VengefulSpirit","floor":13,"turns":3},{"damage":9,"enemies":"Gensokyo:Python_and_Kodama","floor":14,"turns":3},{"damage":47,"enemies":"Gensokyo:Yukari","floor":16,"turns":7},{"damage":2,"enemies":"Gensokyo:2_Gloops","floor":18,"turns":4},{"damage":35,"enemies":"Gensokyo:3_Dogs","floor":20,"turns":4},{"damage":14,"enemies":"Gensokyo:Swordslinger","floor":21,"turns":2},{"damage":60,"enemies":"Gensokyo:Tenshi","floor":23,"turns":6},{"damage":16,"enemies":"Gensokyo:Wraith","floor":24,"turns":2}],"seed_played":"579496030599295989","potions_obtained":[{"floor":5,"key":"Regen Potion"},{"floor":10,"key":"StarNLove"},{"floor":13,"key":"PowerPotion"},{"floor":13,"key":"Explosive Potion"},{"floor":14,"key":"Fire Potion"},{"floor":16,"key":"Energy Potion"},{"floor":16,"key":"Dota2Spire:HealingSalve"},{"floor":18,"key":"DuplicationPotion"},{"floor":20,"key":"PowerPotion"},{"floor":20,"key":"AttackPotion"},{"floor":21,"key":"EssenceOfSteel"},{"floor":23,"key":"DemoMod:LeadSkinPotion"},{"floor":23,"key":"BottledSpark"}],"is_trial":false,"path_per_floor":["M","M","COS","M","M","R","?","R","T","M","M","?","M","M","R","B",null,"M","?","M","M","$","E","M"],"character_chosen":"MARISA","items_purchased":["OortCloud","Letter Opener"],"campfire_rested":1,"item_purchase_floors":[22,22],"current_hp_per_floor":[57,49,49,43,35,35,35,35,35,29,30,30,34,29,51,23,75,73,73,42,28,28,12,0,0],"gold":90,"neow_bonus":"ONE_RARE_RELIC","is_daily":false,"chose_seed":false,"campfire_upgraded":2,"win_rate":0.0,"timestamp":1614069798,"path_taken":["M","M","COS","M","M","R","?","R","T","M","M","?","M","M","R","BOSS","M","?","M","M","$","E","M"],"items_purchased_type":["Card","Relic"],"build_version":"2020-12-22","purchased_purges":0,"victory":false,"max_hp_per_floor":[68,68,68,68,75,75,75,75,75,75,75,75,75,75,75,75,75,75,75,75,75,75,75,75,75],"card_choices":[{"not_picked":["ShootingEcho","SporeBomb"],"picked":"WitchLeyline","floor":1},{"not_picked":["OrrerysSun","GrandCross"],"picked":"WitchLeyline","floor":2},{"not_picked":["EventHorizon","ChargeUpSpray"],"picked":"StarlightTyphoon","floor":4},{"not_picked":["MaximisePower","SatelliteIllusion"],"picked":"MillisecondPulsars","floor":5},{"not_picked":["DC","Singularity"],"picked":"EarthLightRay","floor":5},{"not_picked":["NonDirectionalLaser","SprinkleStarSeal"],"picked":"MysteriousBeam","floor":10},{"not_picked":["SporeBomb","MilkyWay"],"picked":"WitchOfGreed","floor":11},{"not_picked":["GrandCross","WitchLeyline"],"picked":"CollectingQuirk","floor":13},{"not_picked":["GrandCross","IllusionStar"],"picked":"DragonMeteor","floor":14},{"not_picked":["AbsoluteMagnitude","FinalSpark"],"picked":"EscapeVelocity","floor":16},{"not_picked":["6A","EnergyRecoil"],"picked":"DoubleSpark","floor":18},{"not_picked":["DC","EnergyRecoil+1","BlazeAway"],"picked":"SKIP","floor":20},{"not_picked":["DoubleSpark+1","AsteroidBelt"],"picked":"GasGiant+1","floor":21},{"not_picked":["OpenUniverse","EarthLightRay"],"picked":"AsteroidBelt+1","floor":23}],"player_experience":592340,"relics_obtained":[{"floor":9,"key":"DemoMod:OrangeGuonStone"},{"floor":20,"key":"Gensokyo:ConquerorOfFear"},{"floor":23,"key":"Tea:ReiMu"}],"event_choices":[],"is_beta":false,"boss_relics":[{"not_picked":["Astrolabe","Dota2Spire:Bloodstone"],"picked":"Cursed Key"}],"items_purged_floors":[],"is_endless":false,"potions_floor_spawned":[5,10,13,14,16,20,21,23],"killed_by":"Gensokyo:Wraith","ascension_level":0}}