{"host":"pp3uwnbh7ie47cnx","time":1614042085,"event":{"mods":["AchievementEnabler","Act Like it!","Aspiration","BaseMod","BetterRewards","Card Forge","Colored Powertips","Conspire","Marked Mod","Minty Spire (QoL Compilation)","Relic Stats","Reliquary","Replay The Spire","StSLib","óô»ðÖ¸ÄÏ"],"gold_per_floor":[110,2101,2113,2127,977,1012,1024,1037,1061,1079,1091,1091,1101,231,2141,2217,2217,2237,2157,912,827,841,866,879,174,174,174,191,2245,2277,2291,1407,1485,1485,1500,1500,0,0,2186,1684,1694,765,788,814,159,188,208,225,2357,2357,2357,1819,1182,1215,1215],"floor_reached":56,"language":"ZHS","playtime":2765,"items_purged":["Strike_R","Defend_R","Defend_R+1","Strike_R+1","Defend_R+1","Shame","Strike_R+1"],"score":3067,"play_id":"ab68ace2-674b-4098-beb8-93e77446ad64","local_time":"20210223090124","is_ascension_mode":true,"campfire_choices":[{"floor":12,"key":"RECALL"}],"circlet_count":0,"master_deck":["AscendersBane","Bash+1","Apotheosis+1","Feel No Pain+1","Seeing Red+1","ReplayTheSpireMod:Muscle Training+1","Brutality+1","Uppercut+1","ReplayTheSpireMod:Limb From Limb+1","Infernal Blade+1","ReplayTheSpireMod:Corrosion Curse+1","Life Link+1","Heavy Blade+1","Rupture+1","Flex+1","conspire:HitWhereItHurts+1","Replay:Undeath\u0027s Touch+1","Poisoned Strike+1","Massacre+1","Hemogenesis+1","Limit Break+1","ReplayTheSpireMod:Necrogeddon+1","Replay:Parry+1","Inflame+1","Rage+1","Impervious+1","Reckless Charge+1","Wild Strike+1","ReplayTheSpireMod:Brewmster+1","ReplayTheSpireMod:LeadingStrike+1","Body Slam+1","Dark Embrace+1","Spot Weakness+1","Dropkick+1","Pummel+1","Dual Wield+1","Barricade+1","Delirium","ReplayUltimateDefense+1","Panache+1","Bloodletting+1","ReplayTheSpireMod:Strike From Hell+1","Combust+1","Berserk+1","Hemokinesis+1","Metallicize+1","Dramatic Entrance","Offering"],"relics":["Burning Blood","Hammer of Thor","Seething Fire","Anvil of the Gods","Replay:Kaleidoscope","reliquary:Knoch","Ice Cream","Brimstone","Lizard Tail","OrangePellets","Whetstone","reliquary:SharkskinSheath","reliquary:BallBearing","King of Hearts","Orichalcum","Strange Spoon","Magic Flower","Ooze Armor","StrikeDummy","Boot","reliquary:CitrusReamer","Another Sword","reliquary:BoilingFlask","reliquary:Crutches","reliquary:SilkGlove","ReplayTheSpireMod:CursedCoin","InkBottle","Frozen Eye","reliquary:Spinner","conspire:GiftBox","reliquary:FeatherDuster","reliquary:Tamtam","Pen Nib","Girya","Mark of Pain","Ring of Chaos","Ring of Fury","Red Mask","reliquary:RosewoodLute","reliquary:Bookmark","Replay:Bottled Snecko","aspiration:Nostalgia","PureWater","reliquary:TatteredRug","reliquary:ExpiredCoupon","TheAbacus","Mirror","Ornamental Fan","MealTicket","Calipers","conspire:TreasureMap","Chameleon Ring","Happy Flower","Incense Burner","reliquary:FingerTrap","aspiration:HummingbirdHeart","reliquary:FerryPass","Oddly Smooth Stone","conspire:BottledYoYo","Replay:Accelerometer","Art of War","Cauldron","Blood Vial"],"acts_visited":["Exordium","TheCity","TheBeyond","TheEnding"],"potions_floor_usage":[5,6,8,10,16,23,23,33,50,55,55,55],"damage_taken":[{"damage":18,"enemies":"conspire:RoseBush","floor":1,"turns":3},{"damage":14,"enemies":"Jaw Worm","floor":3,"turns":3},{"damage":19,"enemies":"2 Louse","floor":4,"turns":4},{"damage":20,"enemies":"Replay:BlueRogue","floor":6,"turns":4},{"damage":5,"enemies":"2 Fungi Beasts","floor":7,"turns":3},{"damage":14,"enemies":"Looter","floor":8,"turns":3},{"damage":23,"enemies":"Exordium Wildlife","floor":10,"turns":3},{"damage":9,"enemies":"conspire:2 RoseBushes","floor":11,"turns":3},{"damage":11,"enemies":"Exordium Thugs","floor":13,"turns":2},{"damage":2,"enemies":"Slime Boss","floor":16,"turns":3},{"damage":25,"enemies":"2 Thieves","floor":18,"turns":3},{"damage":17,"enemies":"Shell Parasite","floor":22,"turns":2},{"damage":26,"enemies":"Book of Stabbing","floor":23,"turns":3},{"damage":2,"enemies":"Snake Plant","floor":24,"turns":2},{"damage":13,"enemies":"Shelled Parasite and Fungi","floor":28,"turns":2},{"damage":14,"enemies":"Replay:Snechameleon","floor":30,"turns":3},{"damage":1,"enemies":"3 Cultists","floor":31,"turns":2},{"damage":38,"enemies":"Pondfish","floor":33,"turns":4},{"damage":33,"enemies":"3 Darklings","floor":35,"turns":4},{"damage":0,"enemies":"Orb Walker","floor":41,"turns":1},{"damage":1,"enemies":"Reptomancer","floor":44,"turns":2},{"damage":0,"enemies":"R_Hoarder","floor":46,"turns":1},{"damage":3,"enemies":"Transient","floor":47,"turns":4},{"damage":0,"enemies":"Writhing Mass","floor":48,"turns":1},{"damage":26,"enemies":"Donu and Deca","floor":50,"turns":5},{"damage":0,"enemies":"Shield and Spear","floor":54,"turns":2},{"damage":0,"enemies":"The Heart","floor":55,"turns":5}],"seed_played":"5332579947386435483","potions_obtained":[{"floor":4,"key":"Block Potion"},{"floor":7,"key":"SkillPotion"},{"floor":8,"key":"ColorlessPotion"},{"floor":13,"key":"Adrenaline Potion"},{"floor":18,"key":"SteroidPotion"},{"floor":22,"key":"Weak Potion"},{"floor":31,"key":"CultistPotion"},{"floor":53,"key":"Venom Potion"}],"is_trial":false,"path_per_floor":["M","$","M","M","$","E","M","M","T","M","M","R","M","$","R","B",null,"M","?","$","?","M","E","M","R","T","?","M","R","E","M","R","B",null,"M","?","?","?","$","R","M","R","T","E","R","E","M","M","R","B",null,"R","$","E","B",null],"character_chosen":"IRONCLAD","items_purchased":["reliquary:Knoch","Ice Cream","Brimstone","Apotheosis","Feel No Pain","Lizard Tail","OrangePellets","Whetstone","Fruit Juice","ReplayTheSpireMod:Muscle Training","Brutality","Uppercut","reliquary:BallBearing","King of Hearts","Rupture","Flex","conspire:HitWhereItHurts","Replay:Undeath\u0027s Touch","Orichalcum","Strange Spoon","Magic Flower","Poisoned Strike","Massacre","StrikeDummy","Boot","reliquary:CitrusReamer","Limit Break","ReplayTheSpireMod:Necrogeddon","Replay:Parry","reliquary:Crutches","reliquary:SilkGlove","Reckless Charge","Wild Strike","ReplayTheSpireMod:Brewmster","ReplayTheSpireMod:CursedCoin","Frozen Eye","reliquary:Spinner","conspire:GiftBox","Dark Embrace+1","reliquary:Tamtam","Pen Nib","Girya","Dropkick","Pummel","Dual Wield","reliquary:RosewoodLute","reliquary:Bookmark","ReplayUltimateDefense","Replay:Bottled Snecko","aspiration:Nostalgia","reliquary:TatteredRug","reliquary:ExpiredCoupon","TheAbacus","Mirror","Ornamental Fan","Panache","conspire:TreasureMap","Chameleon Ring","Happy Flower","ReplayTheSpireMod:Strike From Hell","reliquary:FingerTrap","aspiration:HummingbirdHeart","reliquary:FerryPass","Berserk","Hemokinesis","Oddly Smooth Stone","conspire:BottledYoYo","Metallicize","Replay:Accelerometer","Art of War","Cauldron","Dramatic Entrance"],"campfire_rested":0,"item_purchase_floors":[2,2,2,2,2,5,5,5,5,5,5,5,14,14,14,14,14,14,15,15,15,15,15,20,20,20,20,20,20,25,25,25,25,25,25,29,29,29,29,32,32,32,32,32,32,39,39,39,39,40,40,40,42,42,42,42,45,45,45,45,49,49,49,49,49,52,52,52,53,53,53,53],"current_hp_per_floor":[56,56,48,35,40,26,27,19,19,45,42,42,37,37,37,44,71,55,55,55,55,47,30,37,37,37,37,33,33,28,36,36,64,76,52,52,52,48,48,48,57,57,57,80,80,80,80,80,80,63,76,76,80,80,80],"gold":1215,"neow_bonus":"ONE_RARE_RELIC","is_daily":false,"chose_seed":false,"campfire_upgraded":0,"win_rate":0.0,"timestamp":1614042084,"path_taken":["M","$","M","M","$","E","M","M","T","M","M","R","M","$","R","BOSS","M","?","$","?","?","E","M","R","T","?","M","R","E","M","R","BOSS","M","?","?","?","$","R","M","R","T","E","R","E","M","M","R","BOSS","R","$","E","BOSS"],"items_purchased_type":["Relic","Relic","Relic","Card","Card","Relic","Relic","Relic","Potion","Card","Card","Card","Relic","Relic","Card","Card","Card","Card","Relic","Relic","Relic","Card","Card","Relic","Relic","Relic","Card","Card","Card","Relic","Relic","Card","Card","Card","Relic","Relic","Relic","Relic","Card","Relic","Relic","Relic","Card","Card","Card","Relic","Relic","Card","Relic","Relic","Relic","Relic","Relic","Relic","Relic","Card","Relic","Relic","Relic","Card","Relic","Relic","Relic","Card","Card","Relic","Relic","Card","Relic","Relic","Relic","Card"],"build_version":"2020-12-22","purchased_purges":7,"victory":true,"max_hp_per_floor":[75,75,75,75,80,80,80,80,80,80,80,80,80,80,80,80,80,80,80,80,80,80,80,80,80,80,80,80,80,80,80,80,80,80,80,80,80,80,80,80,80,80,80,80,80,80,80,80,80,80,80,80,80,80,80],"relic_stats":{"Happy Flower":[6],"counters":[27,75],"Magic Flower":[50],"Pen Nib":[8],"Whetstone":["Strike_R","Bash"],"Orichalcum":[30],"Boot":[20],"Burning Blood":172,"Blood Vial":0,"OrangePellets":[34],"Strange Spoon":[16],"Lizard Tail":40,"TheAbacus":[0],"Ornamental Fan":[52],"MealTicket":4,"Art of War":[0],"obtain_stats":[{"Ice Cream":2,"reliquary:FeatherDuster":30,"Replay:Accelerometer":53,"Calipers":44,"Hammer of Thor":0,"Whetstone":5,"reliquary:Tamtam":32,"Boot":20,"reliquary:FerryPass":49,"Blood Vial":54,"Lizard Tail":5,"reliquary:CitrusReamer":20,"MealTicket":43,"reliquary:FingerTrap":49,"reliquary:SharkskinSheath":6,"Girya":32,"conspire:TreasureMap":45,"Happy Flower":45,"ReplayTheSpireMod:CursedCoin":25,"aspiration:Nostalgia":40,"Oddly Smooth Stone":52,"Pen Nib":32,"Ring of Chaos":36,"reliquary:TatteredRug":40,"Replay:Kaleidoscope":0,"reliquary:Bookmark":39,"OrangePellets":5,"conspire:GiftBox":29,"Anvil of the Gods":0,"Brimstone":2,"Ooze Armor":17,"reliquary:BallBearing":14,"Mark of Pain":34,"conspire:BottledYoYo":52,"reliquary:Knoch":2,"StrikeDummy":20,"Mirror":42,"reliquary:SilkGlove":25,"reliquary:BoilingFlask":23,"Magic Flower":15,"King of Hearts":14,"Incense Burner":46,"Burning Blood":0,"Frozen Eye":29,"TheAbacus":42,"Chameleon Ring":45,"Red Mask":37,"Replay:Bottled Snecko":39,"InkBottle":26,"aspiration:HummingbirdHeart":49,"Seething Fire":0,"reliquary:Spinner":29,"Orichalcum":15,"reliquary:RosewoodLute":39,"reliquary:Crutches":25,"Strange Spoon":15,"reliquary:ExpiredCoupon":40,"Cauldron":53,"Ornamental Fan":42,"Ring of Fury":36,"Another Sword":21,"Art of War":53,"PureWater":40},{"Ice Cream":1,"reliquary:FeatherDuster":16,"Replay:Accelerometer":25,"Calipers":21,"Hammer of Thor":0,"Whetstone":3,"reliquary:Tamtam":17,"Boot":11,"reliquary:FerryPass":24,"Blood Vial":26,"Lizard Tail":3,"reliquary:CitrusReamer":11,"MealTicket":20,"reliquary:FingerTrap":24,"reliquary:SharkskinSheath":4,"Girya":17,"conspire:TreasureMap":21,"Happy Flower":21,"ReplayTheSpireMod:CursedCoin":14,"aspiration:Nostalgia":19,"Oddly Smooth Stone":25,"Pen Nib":17,"Ring of Chaos":19,"reliquary:TatteredRug":19,"Replay:Kaleidoscope":0,"reliquary:Bookmark":19,"OrangePellets":3,"conspire:GiftBox":15,"Anvil of the Gods":0,"Brimstone":1,"Ooze Armor":10,"reliquary:BallBearing":9,"Mark of Pain":18,"conspire:BottledYoYo":25,"reliquary:Knoch":1,"StrikeDummy":11,"Mirror":20,"reliquary:SilkGlove":14,"reliquary:BoilingFlask":13,"Magic Flower":9,"King of Hearts":9,"Incense Burner":22,"Burning Blood":0,"Frozen Eye":15,"TheAbacus":20,"Chameleon Ring":21,"Red Mask":19,"Replay:Bottled Snecko":19,"InkBottle":14,"aspiration:HummingbirdHeart":24,"Seething Fire":0,"reliquary:Spinner":15,"Orichalcum":9,"reliquary:RosewoodLute":19,"reliquary:Crutches":14,"Strange Spoon":9,"reliquary:ExpiredCoupon":19,"Cauldron":25,"Ornamental Fan":20,"Ring of Fury":19,"Another Sword":11,"Art of War":25,"PureWater":19},{"Ice Cream":3,"reliquary:FeatherDuster":46,"Replay:Accelerometer":68,"Calipers":59,"Hammer of Thor":0,"Whetstone":10,"reliquary:Tamtam":48,"Boot":34,"reliquary:FerryPass":63,"Blood Vial":70,"Lizard Tail":10,"reliquary:CitrusReamer":34,"MealTicket":57,"reliquary:FingerTrap":63,"reliquary:SharkskinSheath":14,"Girya":48,"conspire:TreasureMap":59,"Happy Flower":59,"ReplayTheSpireMod:CursedCoin":41,"aspiration:Nostalgia":56,"Oddly Smooth Stone":68,"Pen Nib":48,"Ring of Chaos":56,"reliquary:TatteredRug":56,"Replay:Kaleidoscope":0,"reliquary:Bookmark":56,"OrangePellets":10,"conspire:GiftBox":43,"Anvil of the Gods":0,"Brimstone":3,"Ooze Armor":31,"reliquary:BallBearing":28,"Mark of Pain":52,"conspire:BottledYoYo":68,"reliquary:Knoch":3,"StrikeDummy":34,"Mirror":57,"reliquary:SilkGlove":41,"reliquary:BoilingFlask":39,"Magic Flower":28,"King of Hearts":28,"Incense Burner":59,"Burning Blood":0,"Frozen Eye":43,"TheAbacus":57,"Chameleon Ring":59,"Red Mask":56,"Replay:Bottled Snecko":56,"InkBottle":41,"aspiration:HummingbirdHeart":63,"Seething Fire":0,"reliquary:Spinner":43,"Orichalcum":28,"reliquary:RosewoodLute":56,"reliquary:Crutches":41,"Strange Spoon":28,"reliquary:ExpiredCoupon":56,"Cauldron":68,"Ornamental Fan":57,"Ring of Fury":56,"Another Sword":34,"Art of War":68,"PureWater":56}],"InkBottle":[18]},"card_choices":[{"not_picked":["Perfected Strike","True Grit","Headbutt"],"picked":"SKIP","floor":1},{"not_picked":["ReplayReversal","Sword Boomerang"],"picked":"Seeing Red","floor":3},{"not_picked":["True Grit","Havoc","Pommel Strike"],"picked":"SKIP","floor":4},{"not_picked":["Pummel","Replay:Many Hands"],"picked":"ReplayTheSpireMod:Limb From Limb","floor":6},{"not_picked":["Run Through","Second Wind","Clash"],"picked":"SKIP","floor":7},{"not_picked":["Havoc","Thunderclap"],"picked":"Infernal Blade","floor":8},{"not_picked":["Anger","Abandon"],"picked":"ReplayTheSpireMod:Corrosion Curse","floor":10},{"not_picked":["Havoc","True Grit"],"picked":"Life Link","floor":11},{"not_picked":["Dark Embrace","ReplayTheSpireMod:Limb From Limb"],"picked":"Heavy Blade","floor":13},{"not_picked":["Reaper","Impervious"],"picked":"Hemogenesis","floor":16},{"not_picked":["Perfected Strike","Havoc","Shrug It Off"],"picked":"SKIP","floor":18},{"not_picked":["Defy Death+1","ReplayTheSpireMod:Muscle Training"],"picked":"Inflame+1","floor":22},{"not_picked":["Thunderclap","Clothesline"],"picked":"Rage+1","floor":23},{"not_picked":["Iron Wave","Feel No Pain+1"],"picked":"Impervious","floor":24},{"not_picked":["Sever Soul","Rupture"],"picked":"Body Slam","floor":28},{"not_picked":["Clothesline","Sword Boomerang"],"picked":"Spot Weakness","floor":30},{"not_picked":["Iron Wave","Twin Strike+1","Sword Boomerang"],"picked":"SKIP","floor":31},{"not_picked":["Corruption","Demonic Infusion"],"picked":"Barricade","floor":33},{"not_picked":["Havoc","Massacre","Armaments"],"picked":"SKIP","floor":35},{"not_picked":["Anger+1","Wild Strike","Replay:Undeath\u0027s Touch"],"picked":"SKIP","floor":41},{"not_picked":["Limit Break","Second Wind+1"],"picked":"Bloodletting","floor":44},{"not_picked":["Body Slam","Iron Wave","Havoc"],"picked":"SKIP","floor":46},{"not_picked":["Shrug It Off","ReplayTheSpireMod:Strike From Hell","Thunderclap+1"],"picked":"SKIP","floor":47},{"not_picked":["Twin Strike","Run Through"],"picked":"Combust+1","floor":48},{"not_picked":["Run Through","Reckless Charge"],"picked":"Offering","floor":54}],"player_experience":239664,"relics_obtained":[{"floor":6,"key":"reliquary:SharkskinSheath"},{"floor":23,"key":"reliquary:BoilingFlask"},{"floor":26,"key":"InkBottle"},{"floor":30,"key":"reliquary:FeatherDuster"},{"floor":36,"key":"Ring of Chaos"},{"floor":36,"key":"Ring of Fury"},{"floor":43,"key":"MealTicket"},{"floor":44,"key":"Calipers"},{"floor":46,"key":"Incense Burner"},{"floor":54,"key":"Blood Vial"}],"event_choices":[{"damage_healed":0,"gold_gain":0,"player_choice":"Obtained Relic","damage_taken":0,"relics_obtained":["Another Sword"],"max_hp_gain":0,"max_hp_loss":0,"event_name":"Addict","floor":21,"gold_loss":85},{"damage_healed":0,"gold_gain":0,"player_choice":"Read","damage_taken":0,"max_hp_gain":0,"max_hp_loss":0,"event_name":"The Library","floor":27,"gold_loss":0,"cards_obtained":["ReplayTheSpireMod:LeadingStrike"]},{"damage_healed":0,"gold_gain":0,"player_choice":"Paid","damage_taken":0,"relics_obtained":["Red Mask"],"max_hp_gain":0,"max_hp_loss":0,"event_name":"Tomb of Lord Red Mask","floor":37,"gold_loss":1500},{"damage_healed":0,"gold_gain":0,"player_choice":"Leave","damage_taken":0,"max_hp_gain":0,"max_hp_loss":0,"event_name":"conspire:Investor","floor":38,"gold_loss":0}],"is_beta":false,"boss_relics":[{"not_picked":["aspiration:RitualDagger","conspire:SeveredTorchhead"],"picked":"Ooze Armor"},{"not_picked":["conspire:RunicOctahedron","reliquary:RustamsPendant"],"picked":"Mark of Pain"}],"items_purged_floors":[2,5,14,15,20,25,29],"is_endless":false,"potions_floor_spawned":[4,7,8,13,18,22,30,31,44,48,54],"ascension_level":17}}