{"host":"2ola2xmu4hnwjqd4","time":1614105244,"event":{"mods":["Act Like it!","BaseMod","BetterRewards","Minty Spire (QoL Compilation)","Spire with Friends","StSLib"],"gold_per_floor":[119,132,152,162,178,178,207,207,207,217,237,249,284,302,290,290,392,392,412,511,511,521,521,521,218,234,234,234,248,248,248,248,234,234,337,337,353,353,273,290,302,302,315,315,385,385,385,396,407,436,436,436,436,436,436,19,49,5,5],"floor_reached":60,"language":"ZHS","playtime":3560,"items_purged":["Strike_R","Headbutt","Bash"],"score":1288,"play_id":"bf365f55-5b1f-4748-a4ca-b8204acd6914","local_time":"20210224023404","is_ascension_mode":false,"campfire_choices":[{"data":"Searing Blow","floor":6,"key":"SMITH"},{"data":"Searing Blow+1","floor":8,"key":"SMITH"},{"data":"Armaments","floor":16,"key":"SMITH"},{"data":"Searing Blow+2","floor":24,"key":"SMITH"},{"data":"Searing Blow+3","floor":28,"key":"SMITH"},{"data":"Searing Blow+4","floor":30,"key":"SMITH"},{"data":"Searing Blow+5","floor":34,"key":"SMITH"},{"data":"Searing Blow+6","floor":42,"key":"SMITH"},{"data":"Searing Blow+7","floor":44,"key":"SMITH"},{"data":"Searing Blow+8","floor":47,"key":"SMITH"},{"floor":52,"key":"RECALL"},{"data":"Searing Blow+9","floor":55,"key":"SMITH"}],"circlet_count":0,"master_deck":["Defend_R","Defend_R","Defend_R","Defend_R","Warcry","Rupture","Power Through","Searing Blow+10","Offering","Battle Trance","Armaments+1","Burning Pact","Barricade","Burning Pact","Immolate","Shrug It Off","Dark Embrace","Shrug It Off","Sentinel","Corruption","Shockwave+1","Deep Breath","Secret Technique","Deep Breath","Bloodletting+1","Deep Breath"],"relics":["Burning Blood","Meat on the Bone","Matryoshka","Regal Pillow","Runic Pyramid","Omamori","The Courier","Bag of Preparation","Cursed Key","Akabeko","Lantern","Pen Nib","Kunai"],"acts_visited":["Exordium","TheCity","TheBeyond","TheEnding"],"potions_floor_usage":[13,35,35,41,41,59,59,59],"damage_taken":[{"damage":0,"enemies":"Small Slimes","floor":1,"turns":4},{"damage":5,"enemies":"Cultist","floor":2,"turns":4},{"damage":6,"enemies":"Jaw Worm","floor":3,"turns":5},{"damage":0,"enemies":"2 Fungi Beasts","floor":4,"turns":4},{"damage":6,"enemies":"3 Louse","floor":5,"turns":4},{"damage":16,"enemies":"Lagavulin","floor":7,"turns":7},{"damage":5,"enemies":"Exordium Wildlife","floor":10,"turns":5},{"damage":15,"enemies":"Gremlin Gang","floor":11,"turns":5},{"damage":6,"enemies":"Red Slaver","floor":12,"turns":3},{"damage":0,"enemies":"Gremlin Nob","floor":13,"turns":2},{"damage":6,"enemies":"3 Louse","floor":14,"turns":4},{"damage":44,"enemies":"Hexaghost","floor":17,"turns":10},{"damage":9,"enemies":"Spheric Guardian","floor":19,"turns":9},{"damage":7,"enemies":"Chosen","floor":22,"turns":6},{"damage":16,"enemies":"Centurion and Healer","floor":26,"turns":8},{"damage":31,"enemies":"Snake Plant","floor":29,"turns":9},{"damage":45,"enemies":"Collector","floor":35,"turns":17},{"damage":6,"enemies":"3 Shapes","floor":37,"turns":7},{"damage":6,"enemies":"Orb Walker","floor":40,"turns":3},{"damage":6,"enemies":"Writhing Mass","floor":41,"turns":5},{"damage":6,"enemies":"Spire Growth","floor":43,"turns":3},{"damage":6,"enemies":"Maw","floor":48,"turns":3},{"damage":6,"enemies":"3 Darklings","floor":49,"turns":2},{"damage":9,"enemies":"Reptomancer","floor":50,"turns":1},{"damage":14,"enemies":"Donu and Deca","floor":53,"turns":4},{"damage":13,"enemies":"Shield and Spear","floor":57,"turns":2},{"damage":43,"enemies":"The Heart","floor":59,"turns":6}],"seed_played":"-5619323712932794458","potions_obtained":[{"floor":1,"key":"LiquidMemories"},{"floor":4,"key":"Weak Potion"},{"floor":5,"key":"GamblersBrew"},{"floor":10,"key":"LiquidMemories"},{"floor":14,"key":"SkillPotion"},{"floor":26,"key":"PowerPotion"},{"floor":35,"key":"BloodPotion"},{"floor":37,"key":"Dexterity Potion"},{"floor":41,"key":"Fruit Juice"},{"floor":48,"key":"PowerPotion"},{"floor":50,"key":"Ancient Potion"},{"floor":57,"key":"GamblersBrew"}],"is_trial":false,"path_per_floor":["M","M","M","M","M","R","E","R","T","M","M","M","E","M","C","R","B",null,"M","?","?","M","?","R","$","M","T","R","M","R","?","?","C","R","B",null,"M","?","$","M","M","R","M","R","T","?","R","M","M","E","C","R","B",null,"R","$","E","C","B",null],"character_chosen":"IRONCLAD","items_purchased":["Dark Embrace","Omamori","Lantern","Pen Nib","Deep Breath"],"campfire_rested":0,"item_purchase_floors":[25,25,56,56,56],"current_hp_per_floor":[80,80,80,80,80,80,70,70,70,71,62,62,68,68,68,68,42,80,77,77,77,80,80,80,80,74,74,74,53,53,53,53,53,53,30,80,80,80,80,80,90,90,90,90,90,80,80,86,90,97,97,97,95,97,97,97,96,96,59],"gold":5,"neow_bonus":"","is_daily":false,"chose_seed":true,"campfire_upgraded":11,"win_rate":0.0,"timestamp":1614105244,"path_taken":["M","M","M","M","M","R","E","R","T","M","M","M","E","M","C","R","BOSS","M","?","?","?","?","R","$","M","T","R","M","R","?","?","C","R","BOSS","M","?","$","M","M","R","M","R","T","?","R","M","M","E","C","R","BOSS","R","$","E","C","BOSS"],"items_purchased_type":["Card","Relic","Relic","Relic","Card"],"build_version":"2020-12-22","purchased_purges":3,"victory":true,"max_hp_per_floor":[80,80,80,80,80,80,80,80,80,80,80,80,80,80,80,80,80,80,80,80,80,80,80,80,80,80,80,80,80,80,80,80,80,80,80,80,80,80,80,80,90,90,90,90,90,90,90,90,90,97,97,97,97,97,97,97,97,97,97],"card_choices":[{"not_picked":["Clothesline","Entrench"],"picked":"Rupture","floor":1},{"not_picked":["Warcry","Thunderclap"],"picked":"Twin Strike","floor":2},{"not_picked":["Thunderclap","Shrug It Off"],"picked":"Power Through","floor":3},{"not_picked":["Clothesline","Sword Boomerang"],"picked":"Searing Blow","floor":4},{"not_picked":["Shockwave","Second Wind"],"picked":"Offering","floor":5},{"not_picked":["Rupture","Pommel Strike"],"picked":"Battle Trance","floor":7},{"not_picked":["Wild Strike","Battle Trance","Fire Breathing"],"picked":"SKIP","floor":10},{"not_picked":["Iron Wave","Perfected Strike","Pummel"],"picked":"SKIP","floor":11},{"not_picked":["Cleave","Havoc"],"picked":"Armaments","floor":12},{"not_picked":["Hemokinesis","Perfected Strike"],"picked":"Burning Pact","floor":13},{"not_picked":["True Grit","Wild Strike","Armaments"],"picked":"SKIP","floor":14},{"not_picked":["Impervious","Immolate"],"picked":"Barricade","floor":17},{"not_picked":["Headbutt","Wild Strike","Heavy Blade"],"picked":"SKIP","floor":19},{"not_picked":["Battle Trance+1","Immolate","Warcry"],"picked":"SKIP","floor":22},{"not_picked":["Battle Trance+1","Warcry"],"picked":"Immolate","floor":22},{"not_picked":["Cleave+1","Dual Wield","Wild Strike"],"picked":"SKIP","floor":26},{"not_picked":["Burning Pact","Clash"],"picked":"Shrug It Off","floor":29},{"not_picked":["Feed","Brutality"],"picked":"Corruption","floor":35},{"not_picked":["Fire Breathing+1","Thunderclap","Rupture"],"picked":"SKIP","floor":37},{"not_picked":["Havoc","Pommel Strike+1"],"picked":"Shockwave+1","floor":40},{"not_picked":["Armaments","Perfected Strike+1","Cleave+1"],"picked":"SKIP","floor":41},{"not_picked":["Thunderclap+1","Flex+1","Cleave"],"picked":"SKIP","floor":43},{"not_picked":["Flash of Steel","Trip"],"picked":"Deep Breath","floor":46},{"not_picked":["Blind","Enlightenment"],"picked":"Secret Technique","floor":46},{"not_picked":["Panacea","Good Instincts"],"picked":"Deep Breath","floor":46},{"not_picked":["Dropkick+1","Ghostly Armor+1","Anger"],"picked":"SKIP","floor":48},{"not_picked":["Anger+1","Armaments"],"picked":"Bloodletting+1","floor":49},{"not_picked":["Iron Wave+1","Bludgeon","Wild Strike+1"],"picked":"SKIP","floor":50},{"not_picked":["Ghostly Armor","Uppercut+1","Pummel"],"picked":"SKIP","floor":57}],"player_experience":1642922,"relics_obtained":[{"floor":7,"key":"Meat on the Bone"},{"floor":9,"key":"Matryoshka"},{"floor":13,"key":"Regal Pillow"},{"floor":27,"key":"The Courier"},{"floor":27,"key":"Bag of Preparation"},{"floor":45,"key":"Akabeko"},{"floor":50,"key":"Strawberry"},{"floor":57,"key":"Kunai"}],"event_choices":[{"damage_healed":0,"gold_gain":99,"player_choice":"Stole From Cult","damage_taken":0,"max_hp_gain":0,"max_hp_loss":0,"event_name":"Nest","floor":20,"gold_loss":0},{"damage_healed":0,"gold_gain":0,"player_choice":"2 cards matched","damage_taken":0,"max_hp_gain":0,"max_hp_loss":0,"event_name":"Match and Keep!","floor":21,"gold_loss":0,"cards_obtained":["Bandage Up","Burning Pact"]},{"damage_healed":0,"gold_gain":0,"cards_transformed":["Strike_R","Strike_R"],"player_choice":"Became Test Subject","damage_taken":0,"max_hp_gain":0,"max_hp_loss":0,"event_name":"Drug Dealer","floor":23,"gold_loss":0,"cards_obtained":["Headbutt","Shrug It Off"]},{"damage_healed":0,"gold_gain":0,"player_choice":"Ignored","damage_taken":0,"max_hp_gain":0,"max_hp_loss":0,"event_name":"Vampires","floor":31,"gold_loss":0},{"damage_healed":0,"gold_gain":0,"player_choice":"Read","damage_taken":0,"max_hp_gain":0,"max_hp_loss":0,"event_name":"The Library","floor":32,"gold_loss":0,"cards_obtained":["Sentinel"]},{"damage_healed":0,"gold_gain":0,"player_choice":"Ignored","damage_taken":0,"max_hp_gain":0,"max_hp_loss":0,"event_name":"Tomb of Lord Red Mask","floor":38,"gold_loss":0},{"damage_healed":0,"gold_gain":0,"player_choice":"Memory 3","damage_taken":10,"max_hp_gain":0,"max_hp_loss":0,"event_name":"SensoryStone","floor":46,"gold_loss":0}],"is_beta":false,"boss_relics":[{"not_picked":["Astrolabe","Fusion Hammer"],"picked":"Runic Pyramid"},{"not_picked":["Sozu","Empty Cage"],"picked":"Cursed Key"}],"items_purged_floors":[25,39,56],"is_endless":false,"potions_floor_spawned":[1,4,5,10,11,12,14,26,29,35,37,41,48,50,57],"ascension_level":0}}