{"host":"rolltorest","time":1614064265,"event":{"mods":["BaseMod","Minty Spire (QoL Compilation)","Relic Stats","Slay the Relics Exporter","StSLib"],"gold_per_floor":[109,127,127,127,145,174,174,205,205,222,222,242,274,285,285,364,364,374,374,390,424,434,466,466,485,785,820,244,244,260,260,260],"floor_reached":31,"language":"ENG","playtime":807,"items_purged":["Strike_R"],"score":594,"play_id":"db7d15cd-2179-4995-9d54-1671eca5315b","local_time":"20210222231105","is_ascension_mode":true,"campfire_choices":[{"floor":7,"key":"REST"},{"floor":11,"key":"REST"},{"floor":15,"key":"REST"},{"floor":24,"key":"REST"}],"circlet_count":0,"master_deck":["AscendersBane","Strike_R+1","Strike_R+1","Strike_R+1","Strike_R+1","Defend_R+1","Defend_R+1","Defend_R+1","Defend_R+1","Bash+1","Armaments","Iron Wave","Fire Breathing","Heavy Blade+1","Spot Weakness","Wild Strike+1","Carnage+1","Clothesline+1","Double Tap","Combust+1","Pommel Strike+1","Iron Wave+1","Power Through","Seeing Red","Dark Embrace","Headbutt+1","Limit Break","Rupture","Dual Wield","Anger+1"],"relics":["Fusion Hammer","Ancient Tea Set","Molten Egg 2","Juzu Bracelet","Oddly Smooth Stone","Runic Pyramid","Red Mask","Bronze Scales","Old Coin","Pen Nib","Membership Card","Peace Pipe"],"acts_visited":["Exordium","TheCity"],"potions_floor_usage":[8,21,23],"damage_taken":[{"damage":5,"enemies":"Small Slimes","floor":1,"turns":3},{"damage":0,"enemies":"2 Louse","floor":2,"turns":3},{"damage":0,"enemies":"Cultist","floor":5,"turns":3},{"damage":15,"enemies":"Lagavulin","floor":6,"turns":5},{"damage":26,"enemies":"Gremlin Nob","floor":8,"turns":4},{"damage":6,"enemies":"Blue Slaver","floor":10,"turns":4},{"damage":1,"enemies":"Looter","floor":12,"turns":2},{"damage":10,"enemies":"Lagavulin","floor":13,"turns":4},{"damage":8,"enemies":"Exordium Thugs","floor":14,"turns":3},{"damage":13,"enemies":"The Guardian","floor":16,"turns":9},{"damage":10,"enemies":"Spheric Guardian","floor":18,"turns":4},{"damage":0,"enemies":"Chosen","floor":20,"turns":3},{"damage":8,"enemies":"Masked Bandits","floor":21,"turns":3},{"damage":15,"enemies":"Snecko","floor":22,"turns":4},{"damage":31,"enemies":"Gremlin Leader","floor":23,"turns":5},{"damage":20,"enemies":"Sentry and Sphere","floor":25,"turns":5},{"damage":32,"enemies":"Slavers","floor":27,"turns":4},{"damage":6,"enemies":"Snake Plant","floor":30,"turns":4},{"damage":0,"enemies":"Chosen and Byrds","floor":31,"turns":3}],"seed_played":"-4569489206225004377","potions_obtained":[{"floor":2,"key":"SneckoOil"},{"floor":12,"key":"BloodPotion"},{"floor":14,"key":"Regen Potion"},{"floor":21,"key":"FairyPotion"},{"floor":27,"key":"SpeedPotion"}],"is_trial":false,"path_per_floor":["M","M","?","?","M","E","R","E","T","M","R","M","E","M","R","B",null,"M","?","M","?","M","E","R","M","T","E","$","?","M","M"],"character_chosen":"IRONCLAD","items_purchased":["Membership Card","Limit Break","Rupture","Peace Pipe","Dual Wield","HeartOfIron"],"campfire_rested":4,"item_purchase_floors":[28,28,28,28,28,28],"current_hp_per_floor":[63,63,68,44,44,29,53,27,27,21,45,44,34,26,50,37,69,59,36,36,45,30,8,33,13,13,7,7,7,1,1,1],"gold":260,"neow_bonus":"BOSS_RELIC","is_daily":false,"chose_seed":false,"campfire_upgraded":0,"win_rate":0.0,"timestamp":1614064265,"path_taken":["M","M","?","?","M","E","R","E","T","M","R","M","E","M","R","BOSS","M","?","M","?","M","E","R","M","T","E","$","?","M","M"],"items_purchased_type":["Relic","Card","Card","Relic","Card","Potion"],"build_version":"2020-12-18","purchased_purges":1,"victory":false,"max_hp_per_floor":[75,75,80,80,80,80,80,80,80,80,80,80,80,80,80,80,80,80,85,85,85,85,85,85,85,85,85,85,85,85,85,85],"relic_stats":{"Peace Pipe":0,"counters":[19,75],"Bronze Scales":[41],"Pen Nib":[1],"Juzu Bracelet":0,"obtain_stats":[{"Oddly Smooth Stone":13,"Pen Nib":27,"Juzu Bracelet":9,"Ancient Tea Set":6,"Burning Blood":0,"Old Coin":26,"Peace Pipe":28,"Bronze Scales":23,"Molten Egg 2":8,"Fusion Hammer":0,"Red Mask":21,"Membership Card":28,"Runic Pyramid":17},{"Oddly Smooth Stone":8,"Pen Nib":17,"Juzu Bracelet":5,"Ancient Tea Set":4,"Burning Blood":0,"Old Coin":16,"Peace Pipe":17,"Bronze Scales":15,"Molten Egg 2":5,"Fusion Hammer":0,"Red Mask":13,"Membership Card":17,"Runic Pyramid":10},{"Oddly Smooth Stone":28,"Pen Nib":68,"Juzu Bracelet":18,"Ancient Tea Set":14,"Burning Blood":0,"Old Coin":64,"Peace Pipe":68,"Bronze Scales":59,"Molten Egg 2":18,"Fusion Hammer":0,"Red Mask":50,"Membership Card":68,"Runic Pyramid":40}]},"card_choices":[{"not_picked":["Twin Strike","Sword Boomerang"],"picked":"Armaments","floor":1},{"not_picked":["Armaments","Barricade"],"picked":"Iron Wave","floor":2},{"not_picked":["Body Slam","Infernal Blade","Pummel"],"picked":"SKIP","floor":5},{"not_picked":["Sentinel","Sword Boomerang"],"picked":"Fire Breathing","floor":6},{"not_picked":["True Grit","Feel No Pain"],"picked":"Heavy Blade+1","floor":8},{"not_picked":["Evolve","Sword Boomerang+1"],"picked":"Spot Weakness","floor":10},{"not_picked":["True Grit","Armaments"],"picked":"Wild Strike+1","floor":12},{"not_picked":["Wild Strike+1","Iron Wave+1"],"picked":"Carnage+1","floor":13},{"not_picked":["Infernal Blade","Rupture"],"picked":"Clothesline+1","floor":14},{"not_picked":["Juggernaut","Barricade"],"picked":"Double Tap","floor":16},{"not_picked":["Havoc","Warcry"],"picked":"Combust+1","floor":18},{"not_picked":["Fire Breathing","Warcry"],"picked":"Pommel Strike+1","floor":20},{"not_picked":["Cleave+1","Heavy Blade+1"],"picked":"Iron Wave+1","floor":21},{"not_picked":["Sword Boomerang+1","Shockwave"],"picked":"Power Through","floor":22},{"not_picked":["Heavy Blade+1","Fire Breathing"],"picked":"Seeing Red","floor":23},{"not_picked":["Thunderclap+1","Anger+1"],"picked":"Dark Embrace","floor":25},{"not_picked":["Wild Strike+1","Pummel+1"],"picked":"Headbutt+1","floor":27},{"not_picked":["Combust+1","Iron Wave+1"],"picked":"Anger+1","floor":30}],"player_experience":2023680,"relics_obtained":[{"floor":6,"key":"Ancient Tea Set"},{"floor":8,"key":"Molten Egg 2"},{"floor":9,"key":"Juzu Bracelet"},{"floor":13,"key":"Oddly Smooth Stone"},{"floor":21,"key":"Red Mask"},{"floor":23,"key":"Bronze Scales"},{"floor":26,"key":"Old Coin"},{"floor":27,"key":"Pen Nib"}],"event_choices":[{"damage_healed":0,"gold_gain":0,"player_choice":"Donut","damage_taken":0,"max_hp_gain":5,"max_hp_loss":0,"event_name":"Big Fish","floor":3,"gold_loss":0},{"damage_healed":0,"gold_gain":0,"player_choice":"Entered Light","damage_taken":24,"max_hp_gain":0,"max_hp_loss":0,"event_name":"Shining Light","floor":4,"gold_loss":0,"cards_upgraded":["Strike_R","Bash"]},{"damage_healed":0,"gold_gain":0,"player_choice":"Shed Blood","damage_taken":28,"max_hp_gain":5,"max_hp_loss":0,"event_name":"Forgotten Altar","floor":19,"gold_loss":0},{"damage_healed":0,"gold_gain":0,"player_choice":"Fought Bandits","damage_taken":0,"max_hp_gain":0,"max_hp_loss":0,"event_name":"Masked Bandits","floor":21,"gold_loss":0},{"damage_healed":0,"gold_gain":0,"player_choice":"Simplicity","damage_taken":0,"max_hp_gain":0,"max_hp_loss":0,"event_name":"Back to Basics","floor":29,"gold_loss":0,"cards_upgraded":["Strike_R","Strike_R","Strike_R","Defend_R","Defend_R","Defend_R","Defend_R"]}],"is_beta":true,"boss_relics":[{"not_picked":["Philosopher\u0027s Stone","Astrolabe"],"picked":"Runic Pyramid"}],"items_purged_floors":[28],"is_endless":false,"potions_floor_spawned":[2,12,14,16,21,22,27],"killed_by":"Chosen and Byrds","ascension_level":20}}