{"host":"8vqkh0x3c7vpgzzm","time":1614079451,"event":{"mods":["AchievementEnabler","BaseMod","Colored Map","Colored Powertips","Curses Come First","DeckTracker","Highlight Path","Minty Spire (QoL Compilation)","Permanent Neow","Quick Restart","Random Character Mod","Rare Cards Sparkle","Relic Sorter","Relic Stats","StSLib","SuperFastMode","Unceasing Turn Reminder","egg","everything is the same but u backflip on backflip"],"gold_per_floor":[118,118,130,145,25,25,43,43,43,74,74,74,174,185,185,282,282,296,148,159,13,25,25,35,35,81,81,96,96,96,112,112,214,214,225,69,69,89,7,7,7,7,7,7,7,24,24,24,24,24,24],"floor_reached":50,"language":"ENG","playtime":1999,"items_purged":["Pain"],"score":638,"play_id":"61efea55-a4cf-4ca2-bb75-3754140b92bb","local_time":"20210223122411","is_ascension_mode":true,"campfire_choices":[{"data":"Streamline","floor":6,"key":"SMITH"},{"data":"Beam Cell","floor":8,"key":"SMITH"},{"data":"Zap","floor":11,"key":"SMITH"},{"data":"Dualcast","floor":15,"key":"SMITH"},{"data":"Echo Form","floor":23,"key":"SMITH"},{"data":"Consume","floor":27,"key":"SMITH"},{"floor":29,"key":"REST"},{"data":"Hologram","floor":32,"key":"SMITH"},{"data":"Rainbow","floor":40,"key":"SMITH"},{"data":"Reboot","floor":42,"key":"SMITH"},{"data":"Skim","floor":44,"key":"SMITH"},{"data":"Biased Cognition","floor":49,"key":"SMITH"}],"circlet_count":0,"master_deck":["Strike_B","Strike_B","Strike_B","Defend_B","Defend_B+1","Defend_B","Defend_B","Zap+1","Dualcast+1","Cold Snap","Biased Cognition","Conserve Battery+1","Streamline+1","Beam Cell+1","Cold Snap","Echo Form+1","Skim+1","Biased Cognition+1","Coolheaded+1","Consume+1","Sweeping Beam+1","Ghostly","Ghostly","Ghostly","Ghostly","Ghostly","Hologram+1","Rainbow+1","Go for the Eyes+1","Reboot+1","Steam+1"],"relics":["Cracked Core","Thread and Needle","Emotion Chip","WingedGreaves","Sozu","DollysMirror","Bag of Preparation","Blood Vial","Philosopher\u0027s Stone","Strange Spoon","War Paint","Eternal Feather"],"acts_visited":["Exordium","TheCity","TheBeyond"],"potions_floor_usage":[14,50,50],"damage_taken":[{"damage":5,"enemies":"Jaw Worm","floor":1,"turns":4},{"damage":3,"enemies":"Cultist","floor":3,"turns":4},{"damage":10,"enemies":"2 Louse","floor":4,"turns":3},{"damage":17,"enemies":"Lots of Slimes","floor":7,"turns":4},{"damage":14,"enemies":"3 Sentries","floor":10,"turns":7},{"damage":5,"enemies":"Gremlin Gang","floor":14,"turns":4},{"damage":28,"enemies":"The Guardian","floor":16,"turns":10},{"damage":2,"enemies":"Spheric Guardian","floor":18,"turns":3},{"damage":12,"enemies":"2 Thieves","floor":20,"turns":4},{"damage":0,"enemies":"Snake Plant","floor":22,"turns":5},{"damage":0,"enemies":"3 Cultists","floor":24,"turns":5},{"damage":8,"enemies":"Snecko","floor":28,"turns":5},{"damage":0,"enemies":"Cultist and Chosen","floor":31,"turns":7},{"damage":8,"enemies":"Automaton","floor":33,"turns":11},{"damage":0,"enemies":"Orb Walker","floor":35,"turns":4},{"damage":0,"enemies":"3 Shapes","floor":38,"turns":10},{"damage":0,"enemies":"Maw","floor":46,"turns":10},{"damage":51,"enemies":"Donu and Deca","floor":50,"turns":13}],"seed_played":"1195305154861224007","potions_obtained":[{"floor":1,"key":"SteroidPotion"},{"floor":7,"key":"SteroidPotion"},{"floor":16,"key":"Strength Potion"}],"is_trial":false,"path_per_floor":["M","?","M","M","$","R","M","R","T","E","R","?","?","M","R","B",null,"M","$","M","$","M","R","M","?","T","R","M","R","?","M","R","B",null,"M","$","?","M","$","R","?","R","T","R","T","M","$","?","R","B"],"character_chosen":"DEFECT","items_purchased":["Streamline","DollysMirror","Bag of Preparation","Strange Spoon","Reboot"],"campfire_rested":1,"item_purchase_floors":[5,19,21,36,39],"current_hp_per_floor":[63,63,60,50,50,50,33,33,33,19,19,44,44,39,39,11,59,57,57,45,45,45,45,45,31,31,31,25,49,40,40,40,32,38,40,40,40,40,40,40,40,40,40,40,40,40,40,40,40,0,0],"gold":24,"neow_bonus":"ONE_RARE_RELIC","is_daily":false,"chose_seed":false,"campfire_upgraded":11,"win_rate":0.0,"timestamp":1614079451,"path_taken":["M","?","?","M","$","R","M","R","T","E","R","?","?","?","R","BOSS","M","$","M","$","?","R","M","?","T","R","M","R","?","M","R","BOSS","M","$","?","?","$","R","?","R","T","R","?","?","$","?","R","BOSS"],"items_purchased_type":["Card","Relic","Relic","Relic","Card"],"build_version":"2020-12-22","purchased_purges":1,"victory":false,"max_hp_per_floor":[75,75,75,75,75,75,75,75,75,75,75,75,75,75,75,75,75,75,75,75,75,75,75,75,80,80,80,80,80,40,40,40,40,40,40,40,40,40,40,40,40,40,40,40,40,40,40,40,40,40,40],"relic_stats":{"Sozu":4,"Blood Vial":4,"Strange Spoon":[11],"Emotion Chip":[33,15,18,0,0],"counters":[18,113],"Eternal Feather":0,"Bag of Preparation":[18],"War Paint":["Conserve Battery","Defend_B"],"obtain_stats":[{"Sozu":17,"Blood Vial":26,"Strange Spoon":36,"Emotion Chip":9,"DollysMirror":19,"Thread and Needle":0,"Philosopher\u0027s Stone":34,"Eternal Feather":45,"WingedGreaves":10,"Bag of Preparation":21,"War Paint":43,"Cracked Core":0},{"Sozu":7,"Blood Vial":11,"Strange Spoon":15,"Emotion Chip":4,"DollysMirror":8,"Thread and Needle":0,"Philosopher\u0027s Stone":14,"Eternal Feather":16,"WingedGreaves":5,"Bag of Preparation":9,"War Paint":16,"Cracked Core":0},{"Sozu":36,"Blood Vial":53,"Strange Spoon":80,"Emotion Chip":15,"DollysMirror":39,"Thread and Needle":0,"Philosopher\u0027s Stone":76,"Eternal Feather":90,"WingedGreaves":22,"Bag of Preparation":43,"War Paint":90,"Cracked Core":0}]},"card_choices":[{"not_picked":["Conserve Battery","Turbo"],"picked":"Cold Snap","floor":1},{"not_picked":["Hologram","Stack"],"picked":"Biased Cognition","floor":3},{"not_picked":["Melter","Hologram"],"picked":"Conserve Battery","floor":4},{"not_picked":["Sunder","Gash"],"picked":"Beam Cell","floor":7},{"not_picked":["Sweeping Beam","Leap"],"picked":"Cold Snap","floor":10},{"not_picked":["Gash","Beam Cell","Leap"],"picked":"SKIP","floor":14},{"not_picked":["Machine Learning","Reboot"],"picked":"Echo Form","floor":16},{"not_picked":["Hologram","Compile Driver"],"picked":"Skim","floor":18},{"not_picked":["Sweeping Beam","Hello World"],"picked":"Coolheaded+1","floor":20},{"not_picked":["Darkness","Doom and Gloom","Blizzard"],"picked":"SKIP","floor":22},{"not_picked":["Reprogram","Beam Cell"],"picked":"Consume","floor":24},{"not_picked":["Force Field","Gash"],"picked":"Sweeping Beam+1","floor":28},{"not_picked":["Storm","Conserve Battery+1"],"picked":"Hologram","floor":31},{"not_picked":["Hyperbeam","Machine Learning"],"picked":"Rainbow","floor":33},{"not_picked":["Ball Lightning+1","Heatsinks"],"picked":"Go for the Eyes+1","floor":35},{"not_picked":["Steam","Go for the Eyes+1","Heatsinks"],"picked":"SKIP","floor":38},{"not_picked":["Conserve Battery+1","Leap"],"picked":"Steam+1","floor":46}],"player_experience":616751,"relics_obtained":[{"floor":9,"key":"Emotion Chip"},{"floor":10,"key":"WingedGreaves"},{"floor":26,"key":"Blood Vial"},{"floor":43,"key":"War Paint"},{"floor":45,"key":"Eternal Feather"}],"event_choices":[{"damage_healed":0,"gold_gain":0,"player_choice":"Cursed","damage_taken":0,"max_hp_gain":0,"max_hp_loss":0,"event_name":"Wheel of Change","floor":2,"gold_loss":0,"cards_obtained":["Decay"]},{"damage_healed":25,"gold_gain":0,"player_choice":"Banana","damage_taken":0,"max_hp_gain":0,"max_hp_loss":0,"event_name":"Big Fish","floor":12,"gold_loss":0},{"damage_healed":0,"gold_gain":100,"player_choice":"Pray","damage_taken":0,"max_hp_gain":0,"max_hp_loss":0,"event_name":"Golden Shrine","floor":13,"gold_loss":0},{"damage_healed":0,"gold_gain":0,"player_choice":"Shed Blood","damage_taken":19,"max_hp_gain":5,"max_hp_loss":0,"event_name":"Forgotten Altar","floor":25,"gold_loss":0},{"damage_healed":0,"gold_gain":0,"player_choice":"Became a Ghost","damage_taken":0,"max_hp_gain":0,"max_hp_loss":40,"event_name":"Ghosts","floor":30,"gold_loss":0,"cards_obtained":["Ghostly","Ghostly","Ghostly","Ghostly","Ghostly"]},{"damage_healed":0,"gold_gain":0,"player_choice":"Ignored","damage_taken":0,"max_hp_gain":0,"max_hp_loss":0,"event_name":"SecretPortal","floor":37,"gold_loss":0},{"cards_removed":["Strike_B"],"damage_healed":0,"gold_gain":0,"player_choice":"Removed Attack","damage_taken":0,"max_hp_gain":0,"max_hp_loss":0,"event_name":"Falling","floor":41,"gold_loss":0},{"cards_removed":["Decay"],"damage_healed":0,"gold_gain":0,"player_choice":"Removed Curses","damage_taken":0,"max_hp_gain":0,"max_hp_loss":0,"event_name":"Fountain of Cleansing","floor":48,"gold_loss":0}],"is_beta":false,"boss_relics":[{"not_picked":["Velvet Choker","Ectoplasm"],"picked":"Sozu"},{"not_picked":["Calling Bell","Tiny House"],"picked":"Philosopher\u0027s Stone"}],"items_purged_floors":[5],"is_endless":false,"potions_floor_spawned":[1,7,16,22,31,35,38],"killed_by":"Donu and Deca","ascension_level":8}}