{"host":"xvcswx52z80fmg13","time":1614042908,"event":{"mods":["BaseMod","Colored Map","Colored Powertips","Highlight Path","Minty Spire (QoL Compilation)"],"gold_per_floor":[117,131,56,70,94,94,26,55,81,93,110,144,144,157,157,262,262,274,98,98,98,115,127,127,141,167,183,214,225,245,256,256,356,356,371,99,109,127,146,146,146,196,196,196,196],"floor_reached":44,"language":"ENG","playtime":3693,"items_purged":["Clumsy","Strike_R","Writhe"],"score":471,"play_id":"2024adc5-172a-429e-8a8d-ac26f24e56f7","local_time":"20210222211508","is_ascension_mode":false,"campfire_choices":[{"data":"Armaments","floor":6,"key":"SMITH"},{"data":"Warcry","floor":15,"key":"SMITH"},{"floor":32,"key":"REST"},{"floor":40,"key":"RECALL"}],"circlet_count":0,"master_deck":["Strike_R","Strike_R","Strike_R","Defend_R","Defend_R","Defend_R","Defend_R","Bash","Pommel Strike","Armaments+1","Ghostly Armor","Rampage","Flex","Warcry+1","Uppercut","Juggernaut","Feel No Pain+1","Offering","Iron Wave","Flame Barrier","Power Through","Writhe","Iron Wave","Body Slam","Body Slam","Metallicize","True Grit","Parasite","Warcry+1","Clumsy"],"relics":["Burning Blood","Lizard Tail","Boot","Potion Belt","Pen Nib","Toy Ornithopter","Cursed Key","Dream Catcher","Vajra","Busted Crown","Bag of Preparation","Ginger","Frozen Egg 2"],"acts_visited":["Exordium","TheCity","TheBeyond"],"potions_floor_usage":[8,16,27,28,30,33,39,44,44],"damage_taken":[{"damage":10,"enemies":"Cultist","floor":1,"turns":4},{"damage":3,"enemies":"Small Slimes","floor":2,"turns":4},{"damage":7,"enemies":"2 Louse","floor":4,"turns":2},{"damage":11,"enemies":"Gremlin Nob","floor":8,"turns":4},{"damage":6,"enemies":"Exordium Wildlife","floor":10,"turns":5},{"damage":11,"enemies":"Lots of Slimes","floor":11,"turns":6},{"damage":36,"enemies":"3 Sentries","floor":12,"turns":8},{"damage":0,"enemies":"Looter","floor":14,"turns":4},{"damage":33,"enemies":"The Guardian","floor":16,"turns":12},{"damage":11,"enemies":"Chosen","floor":18,"turns":5},{"damage":16,"enemies":"Shell Parasite","floor":22,"turns":6},{"damage":20,"enemies":"Snake Plant","floor":23,"turns":5},{"damage":14,"enemies":"Shelled Parasite and Fungi","floor":25,"turns":6},{"damage":11,"enemies":"Chosen and Byrds","floor":27,"turns":5},{"damage":64,"enemies":"Gremlin Leader","floor":28,"turns":9},{"damage":13,"enemies":"Centurion and Healer","floor":29,"turns":6},{"damage":19,"enemies":"Snake Plant","floor":30,"turns":5},{"damage":10,"enemies":"Snecko","floor":31,"turns":6},{"damage":94,"enemies":"Champ","floor":33,"turns":13},{"damage":20,"enemies":"Orb Walker","floor":35,"turns":4},{"damage":6,"enemies":"3 Shapes","floor":37,"turns":3},{"damage":26,"enemies":"Spire Growth","floor":38,"turns":4},{"damage":29,"enemies":"Writhing Mass","floor":39,"turns":7},{"damage":20,"enemies":"Mind Bloom Boss Battle","floor":42,"turns":8},{"damage":21,"enemies":"3 Darklings","floor":44,"turns":2}],"seed_played":"-9215678381925285437","potions_obtained":[{"floor":4,"key":"DuplicationPotion"},{"floor":8,"key":"Dexterity Potion"},{"floor":12,"key":"FairyPotion"},{"floor":14,"key":"DuplicationPotion"},{"floor":16,"key":"ColorlessPotion"},{"floor":23,"key":"Ancient Potion"},{"floor":25,"key":"BloodPotion"},{"floor":29,"key":"CultistPotion"},{"floor":30,"key":"Explosive Potion"},{"floor":38,"key":"Weak Potion"},{"floor":42,"key":"Fire Potion"}],"is_trial":false,"path_per_floor":["M","M","$","M","T","R","$","E","T","M","M","E","?","M","R","B",null,"M","$","T","?","M","M","?","M","T","M","E","M","M","M","R","B",null,"M","$","M","M","M","R","?","?","T","M"],"character_chosen":"IRONCLAD","items_purchased":["Ghostly Armor","Offering","Bag of Preparation"],"campfire_rested":1,"item_purchase_floors":[7,19,36],"current_hp_per_floor":[76,79,79,78,78,78,78,73,73,73,68,38,30,36,36,14,80,75,75,75,75,65,51,51,43,43,43,29,22,14,10,33,8,77,63,63,63,43,25,25,25,11,11,0,0],"gold":196,"neow_bonus":"ONE_RARE_RELIC","is_daily":false,"chose_seed":false,"campfire_upgraded":2,"win_rate":0.0,"timestamp":1614042908,"path_taken":["M","M","$","M","?","R","$","E","T","M","M","E","?","M","R","BOSS","M","$","?","?","M","M","?","?","T","M","E","M","M","M","R","BOSS","M","$","M","?","M","R","?","?","T","M"],"items_purchased_type":["Card","Card","Relic"],"build_version":"2020-12-22","purchased_purges":3,"victory":false,"max_hp_per_floor":[80,80,80,80,80,80,80,80,80,80,80,80,80,80,80,80,80,80,80,80,80,80,80,77,77,77,77,77,77,77,77,77,77,77,77,77,77,77,77,77,77,77,77,77,77],"card_choices":[{"not_picked":["True Grit","Perfected Strike","Infernal Blade"],"picked":"SKIP","floor":1},{"not_picked":["Bloodletting","Ghostly Armor"],"picked":"Pommel Strike","floor":2},{"not_picked":["Headbutt","Wild Strike"],"picked":"Armaments","floor":4},{"not_picked":["True Grit","Warcry"],"picked":"Rampage","floor":8},{"not_picked":["Whirlwind","Havoc","Headbutt"],"picked":"SKIP","floor":10},{"not_picked":["Blood for Blood","Spot Weakness"],"picked":"Flex","floor":11},{"not_picked":["Anger","True Grit"],"picked":"Warcry","floor":12},{"not_picked":["Clothesline","Iron Wave"],"picked":"Uppercut","floor":14},{"not_picked":["Bludgeon","Fiend Fire"],"picked":"Juggernaut","floor":16},{"not_picked":["Havoc","Anger"],"picked":"Feel No Pain+1","floor":18},{"not_picked":["Anger","Sever Soul+1"],"picked":"Iron Wave","floor":22},{"not_picked":["Headbutt","Thunderclap"],"picked":"Flame Barrier","floor":23},{"not_picked":["Clash","Spot Weakness+1"],"picked":"Iron Wave","floor":25},{"not_picked":["Perfected Strike","Burning Pact+1"],"picked":"Body Slam","floor":27},{"not_picked":["Havoc","Twin Strike"],"picked":"Body Slam","floor":28},{"not_picked":["Body Slam","Clothesline","Reckless Charge"],"picked":"SKIP","floor":29},{"not_picked":["Sentinel","Searing Blow+1","Berserk"],"picked":"SKIP","floor":30},{"not_picked":["Hemokinesis","Evolve","Carnage"],"picked":"SKIP","floor":31},{"not_picked":["Shrug It Off","Headbutt+1"],"picked":"Metallicize","floor":32},{"not_picked":["Perfected Strike+1"],"picked":"SKIP","floor":35},{"not_picked":["Body Slam"],"picked":"SKIP","floor":37},{"not_picked":[],"picked":"True Grit","floor":38},{"not_picked":["Battle Trance"],"picked":"SKIP","floor":39},{"not_picked":[],"picked":"Warcry+1","floor":42}],"player_experience":1342192,"relics_obtained":[{"floor":5,"key":"Boot"},{"floor":8,"key":"Potion Belt"},{"floor":9,"key":"Pen Nib"},{"floor":12,"key":"Toy Ornithopter"},{"floor":26,"key":"Dream Catcher"},{"floor":28,"key":"Vajra"},{"floor":42,"key":"Ginger"},{"floor":43,"key":"Frozen Egg 2"}],"event_choices":[{"damage_healed":0,"gold_gain":0,"player_choice":"Damaged","damage_taken":8,"max_hp_gain":0,"max_hp_loss":0,"event_name":"Wheel of Change","floor":13,"gold_loss":0},{"damage_healed":0,"gold_gain":0,"player_choice":"Ignored","damage_taken":0,"max_hp_gain":0,"max_hp_loss":0,"event_name":"Ghosts","floor":21,"gold_loss":0},{"damage_healed":0,"gold_gain":0,"cards_transformed":["Strike_R","Parasite"],"player_choice":"Became Test Subject","damage_taken":0,"max_hp_gain":0,"max_hp_loss":0,"event_name":"Drug Dealer","floor":24,"gold_loss":0,"cards_obtained":["Power Through","Writhe"]},{"damage_healed":0,"gold_gain":0,"player_choice":"Ignored","damage_taken":0,"max_hp_gain":0,"max_hp_loss":0,"event_name":"Tomb of Lord Red Mask","floor":41,"gold_loss":0},{"damage_healed":0,"gold_gain":0,"player_choice":"Fight","damage_taken":0,"max_hp_gain":0,"max_hp_loss":0,"event_name":"MindBloom","floor":42,"gold_loss":0}],"is_beta":false,"boss_relics":[{"not_picked":["SacredBark","Calling Bell"],"picked":"Cursed Key"},{"not_picked":["Fusion Hammer","Snecko Eye"],"picked":"Busted Crown"}],"items_purged_floors":[3,19,36],"is_endless":false,"potions_floor_spawned":[4,8,12,14,16,23,25,29,30,38,42],"killed_by":"3 Darklings","ascension_level":0}}