{"host":"px2oznrenyeljk7o","time":1614117594,"event":{"mods":["100% Spire Juice","2.2 Compatiblity","A Penny For Your Troubles","AchievementEnabler","Act Like it!","Arknights","Aspiration","Astrologer","BaseMod","Better Altar","Better Match","Better Note","Better Sensory Stone","Better Skull","Better Third Choice","BetterRewards","Bossed Relics","ChefMod","Colored Map","Conspire","Curses Come First","Energized Spire","Evolution","Fireblade Mod","Fox Events","GifTheSpireLib","GungeonMod","Hermit","KinomotoSakuraMod(????)","Koishi","LagranYue(???·?)","Lobotomy","LobotomyExtend","Luminous","Marisa????????","Minty Spire (QoL Compilation)","Nova Terra(??·??)","Poor People Problems","Potionbrewer","Prisma Mod","Quick Restart","Random Character Button","Rare Cards Sparkle","Reimu??????","Reliquary","Replay The Spire","Robot Space Explorer","Shade Mod","Shapeshifter Mod","Small Relic Pack","Somnambulant","Spicy Shops","StSLib","Stuff the Spire","The Administrix","The Alterego","The Animator","The Blackbeard","The Blue Laboratory","The Bug Knight","The Clintock","The Construct","The Cursed","The Death Knight","The Disciple","The Florist","The Gatherer","The Hayseed","The Hierophant","The Jungle","The Marked","The Mystic","The Runesmith","The Servant 0.9.4","The Trickster","TheFirefly","TheSurvivalist","TheWitcher","WarShipGirlsR/????R mod","Wide Potions","Yakumo Yukari mod","Yuri Mod","everything is the same but u backflip on backflip","slay the spire mod where everything is the same but ironclad has a cowboy hat","??????REMEMod"],"gold_per_floor":[116,127,146,157,167,167,196,196,196,196,6,19,44,59,59,163,163,175,194,194,194,194,212,212,212],"floor_reached":24,"language":"ENG","playtime":3200,"items_purged":["Bash"],"score":235,"play_id":"2137919e-398a-49e8-8d52-8ef19968a6aa","local_time":"20210223225954","is_ascension_mode":false,"campfire_choices":[{"data":"FireBladeMod:FireBarrier","floor":6.0,"key":"SMITH"},{"data":"REME_Cut","floor":10.0,"key":"SMITH"},{"floor":15.0,"key":"REST"}],"circlet_count":0,"master_deck":["Pommel Strike","Strike_R","Strike_R","Strike_R","Strike_R","Defend_R","Defend_R","Defend_R","Defend_R","FireBladeMod:FireBarrier+1","Luminous:Dark_Abyssal_Drop","Panache","REME_Cut+1","Ghostly Armor","Ghostly Armor","Clash","Shrug It Off","Feel No Pain","Clumsy","Armaments","Perfected Strike","Armaments+1","ReplayReversal","StuffTheSpire:RagingBull","Immolate","Dual Wield","Cleave+1","yuri:BookBlue+1","REME_Fury"],"relics":["Burning Blood","EVO:Axolotl","REME_ComplimentaryCards","LagranYue:RandomDrawCardRelic","LetterFromLob","reliquary:Boomerang","reliquary:QuartzCube","Gremlin Food","Replay:Fungal Core"],"acts_visited":["Exordium","TheCity"],"potions_floor_usage":[16,16,23],"damage_taken":[{"damage":7.0,"enemies":"ats:Genji","floor":1.0,"turns":4.0},{"damage":2.0,"enemies":"conspire:RoseBush","floor":2.0,"turns":4.0},{"damage":0.0,"enemies":"Cultist","floor":3.0,"turns":3.0},{"damage":5.0,"enemies":"Lots of Slimes","floor":4.0,"turns":5.0},{"damage":10.0,"enemies":"2 Fungi Beasts","floor":5.0,"turns":4.0},{"damage":0.0,"enemies":"Gremlin Nob","floor":7.0,"turns":4.0},{"damage":15.0,"enemies":"Gremlin Gang","floor":12.0,"turns":7.0},{"damage":28.0,"enemies":"HollowMod:MossKnight","floor":13.0,"turns":17.0},{"damage":1.0,"enemies":"conspire:2 RoseBushes","floor":14.0,"turns":7.0},{"damage":66,"enemies":"Fading Forest","floor":16,"turns":11},{"damage":4,"enemies":"3 Byrds","floor":18,"turns":6},{"damage":49,"enemies":"conspire:FuzzyDice","floor":19,"turns":9},{"damage":22,"enemies":"Centurion and Healer","floor":23,"turns":7},{"damage":36,"enemies":"Snake Plant","floor":24,"turns":2}],"seed_played":"5722704742562603738","potions_obtained":[{"floor":1.0,"key":"Flashbang"},{"floor":3.0,"key":"blueLaboratory:FruitPunch"},{"floor":5.0,"key":"Strength Potion"},{"floor":7.0,"key":"Swift Potion"},{"floor":14.0,"key":"FearPotion"},{"floor":19,"key":"AttackPotion"}],"is_trial":false,"path_per_floor":["M","M","M","M","M","R","E","?","T","R","$","M","E","M","R","B",null,"M","M","PTL","PTL","?","M","M"],"character_chosen":"IRONCLAD","items_purchased":["Armaments","Perfected Strike"],"campfire_rested":1,"item_purchase_floors":[11,11],"current_hp_per_floor":[79,80,80,82,78,78,82,89,89,89,89,80,58,63,89,29,89,89,46,46,46,46,30,0,0],"gold":212,"neow_bonus":"RANDOM_COLORLESS_2","is_daily":false,"chose_seed":false,"campfire_upgraded":2,"win_rate":0.0,"timestamp":1614117594,"path_taken":["M","M","M","M","M","R","E","?","T","R","$","M","E","M","R","BOSS","M","M","PTL","PTL","?","M","?"],"items_purchased_type":["Card","Card"],"build_version":"2020-12-22","purchased_purges":1,"victory":false,"max_hp_per_floor":[80,80,80,82,82,82,82,89,89,89,89,89,89,89,89,89,89,89,89,89,89,89,89,89,89],"card_choices":[{"not_picked":["Secret Technique","HandOfGreed"],"picked":"Panache","floor":0.0},{"not_picked":["Perfected Strike","ReplayTheSpireMod:Corrosion Curse"],"picked":"REME_Cut","floor":1.0},{"not_picked":["ReplayTheSpireMod:Strike From Hell","Havoc"],"picked":"Ghostly Armor","floor":2.0},{"not_picked":["Perfected Strike","Flex"],"picked":"Ghostly Armor","floor":3.0},{"not_picked":["Pommel Strike","Replay:Many Hands"],"picked":"Clash","floor":4.0},{"not_picked":["Fire Breathing","Perfected Strike"],"picked":"Shrug It Off","floor":5.0},{"not_picked":["Dual Wield","Warcry"],"picked":"Feel No Pain","floor":7.0},{"not_picked":["Entrench","StuffTheSpire:RagingBull"],"picked":"Armaments","floor":12.0},{"not_picked":["Pommel Strike","Armaments"],"picked":"ReplayReversal","floor":13.0},{"not_picked":["Feel No Pain","Armaments"],"picked":"StuffTheSpire:RagingBull","floor":14.0},{"not_picked":["Limit Break","Demonic Infusion"],"picked":"Immolate","floor":16},{"not_picked":["Dark Embrace","Shrug It Off+1"],"picked":"Dual Wield","floor":18},{"not_picked":["StuffTheSpire:Incineration","Disarm+1"],"picked":"Cleave+1","floor":19},{"not_picked":["Flex+1","Dual Wield"],"picked":"REME_Fury","floor":23}],"player_experience":658449,"relics_obtained":[{"floor":1.0,"key":"LetterFromLob"},{"floor":7.0,"key":"reliquary:Boomerang"},{"floor":9.0,"key":"reliquary:QuartzCube"},{"floor":13.0,"key":"Gremlin Food"}],"event_choices":[{"cards_removed":["FireBladeMod:FireBarrier"],"damage_healed":0,"gold_gain":0,"player_choice":"Take \u0026 Give","damage_taken":0,"max_hp_gain":0,"max_hp_loss":0,"event_name":"betterNote:BetterNote","floor":22,"gold_loss":0,"cards_obtained":["yuri:BookBlue"]}],"is_beta":false,"boss_relics":[{"not_picked":["aspiration:MobileForge","Sozu"],"picked":"Replay:Fungal Core"}],"items_purged_floors":[11],"is_endless":false,"potions_floor_spawned":[1,3,5,7,14,19],"killed_by":"Snake Plant","ascension_level":0}}