{"host":"5dhwd44u3dydylwe","time":1614041180,"event":{"mods":["AchievementEnabler","BaseMod","BetterRewards","Dota2Spire","Duelist Mod","GifTheSpireLib","Hubris","Minty Spire (QoL Compilation)","Shop Mod","StSLib","Wandering Minibosses"],"gold_per_floor":[142,152,165,180,193,222,297,325,376,376,402,402,422,146,146,180,15,15,90,90,104,114,114,129,147,147,180,180,78,105,131,164,164,175,202,202,202,276,276,293,310,330,330,347,347,375,375,404,404,404,436,446,480,500,215,215,215,215,215,215,248,248],"floor_reached":63,"language":"ENG","playtime":5491,"items_purged":["theDuelist:Sparks","theDuelist:CastleWalls","theDuelist:CastleWalls"],"score":3761,"play_id":"935234bc-5aaf-4f0c-92d3-569815caceb4","local_time":"20210223084620","is_ascension_mode":true,"campfire_choices":[{"data":"theDuelist:MultiplicationOfAnts","floor":12,"key":"SMITH"},{"data":"theDuelist:Fissure","floor":15,"key":"SMITH"},{"data":"theDuelist:FutureFusion","floor":18,"key":"SMITH"},{"floor":28,"key":"RECALL"},{"data":"theDuelist:HammerShot","floor":33,"key":"SMITH"},{"data":"theDuelist:InariFire","floor":37,"key":"SMITH"},{"data":"theDuelist:Wiretap","floor":45,"key":"SMITH"},{"data":"theDuelist:DefenseDraw+4","floor":56,"key":"SMITH"},{"floor":59,"key":"REST"}],"circlet_count":0,"master_deck":["theDuelist:DefenseDraw+6","theDuelist:MirrorForce+1","AscendersBane","theDuelist:WingedKuriboh+1","theDuelist:BloodSparks+1","theDuelist:WeepingIdol+1","theDuelist:Relinkuriboh+1","theDuelist:LightningVortex+1","theDuelist:FutureFusion+1","theDuelist:InariFire+1","theDuelist:Fissure+1","theDuelist:HammerShot+1","theDuelist:MultiplicationOfAnts+1","theDuelist:BigWhale+1","theDuelist:FluteKuriboh+1","theDuelist:WingedKuriboh+1","theDuelist:MonsterEggSpecial+1","theDuelist:FluteKuriboh+1","theDuelist:Wiretap+5","theDuelist:RarePowerMetronome+1","theDuelist:InariFire+1"],"relics":["theDuelist:MillenniumPuzzle","theDuelist:CardPoolRelic","theDuelist:CardPoolBasicRelic","theDuelist:BoosterPackPoolRelic","theDuelist:CardPoolAddRelic","theDuelist:CardPoolMinusRelic","theDuelist:CardPoolSaveRelic","theDuelist:CardPoolOptionsRelic","Vajra","Thread and Needle","theDuelist:MonsterEggRelic","White Beast Statue","theDuelist:ShopToken","Dota2Spire:ArcaneBoots","Shuriken","theDuelist:MillenniumSymbol","Eternal Feather","PrismaticShard","Orichalcum","wanderingMiniBosses:OtherGremlinHorn","theDuelist:BoosterBetterBoostersRelic","Dota2Spire:MantaStyle","Letter Opener","hubris:SphereOfDissonance","hubris:CrystalStatue","Ancient Tea Set","theDuelist:MonsterEggRelic","Runic Pyramid","theDuelist:MillenniumArmor","theDuelist:DuelistLetterOpener","Bag of Preparation","MealTicket","Art of War","Red Skull","hubris:SoftwareUpdate","Dota2Spire:RefresherOrb","Anchor","Frozen Egg 2","hubris:SlimyHat","theDuelist:ArmorPlateD","Magic Flower","theDuelist:MillenniumRod","Dota2Spire:BattleFury","theDuelist:MillenniumRing","hubris:BallOfYels"],"acts_visited":["Exordium","TheCity","TheBeyond","TheEnding"],"potions_floor_usage":[62],"damage_taken":[{"damage":0,"enemies":"Cultist","floor":1,"turns":6},{"damage":0,"enemies":"Small Slimes","floor":2,"turns":6},{"damage":0,"enemies":"Jaw Worm","floor":3,"turns":5},{"damage":0,"enemies":"Looter","floor":4,"turns":4},{"damage":0,"enemies":"Large Slime","floor":5,"turns":5},{"damage":0,"enemies":"Lagavulin","floor":6,"turns":4},{"damage":0,"enemies":"Gremlin Nob","floor":8,"turns":3},{"damage":0,"enemies":"Lagavulin","floor":11,"turns":5},{"damage":0,"enemies":"Red Slaver","floor":13,"turns":2},{"damage":0,"enemies":"3 Sentries","floor":16,"turns":5},{"damage":0,"enemies":"The Guardian","floor":19,"turns":2},{"damage":0,"enemies":"Chosen","floor":21,"turns":2},{"damage":0,"enemies":"Spheric Guardian","floor":22,"turns":3},{"damage":0,"enemies":"Snake Plant","floor":24,"turns":2},{"damage":0,"enemies":"3 Cultists","floor":25,"turns":2},{"damage":0,"enemies":"theDuelist:KaibaA2","floor":27,"turns":2},{"damage":0,"enemies":"Slavers","floor":32,"turns":4},{"damage":0,"enemies":"Sentry and Sphere","floor":34,"turns":2},{"damage":0,"enemies":"Gremlin Leader","floor":35,"turns":3},{"damage":0,"enemies":"Champ","floor":38,"turns":4},{"damage":0,"enemies":"3 Shapes","floor":40,"turns":1},{"damage":0,"enemies":"Orb Walker","floor":41,"turns":1},{"damage":0,"enemies":"Transient","floor":42,"turns":4},{"damage":0,"enemies":"3 Darklings","floor":44,"turns":1},{"damage":0,"enemies":"Reptomancer","floor":46,"turns":3},{"damage":0,"enemies":"Giant Head","floor":48,"turns":5},{"damage":0,"enemies":"Reptomancer","floor":51,"turns":4},{"damage":0,"enemies":"Sphere and 2 Shapes","floor":52,"turns":1},{"damage":0,"enemies":"Nemesis","floor":53,"turns":3},{"damage":0,"enemies":"Spire Growth","floor":54,"turns":1},{"damage":0,"enemies":"Time Eater","floor":57,"turns":3},{"damage":0,"enemies":"Shield and Spear","floor":61,"turns":2},{"damage":0,"enemies":"The Heart","floor":62,"turns":5}],"seed_played":"893486206561435078","potions_obtained":[{"floor":40,"key":"theDuelist:IcePotion"},{"floor":48,"key":"theDuelist:BarricadePotion"}],"is_trial":false,"path_per_floor":["M","M","M","M","M","E","?","E","T","T","E","R","M","$","R","E","?","R","B",null,"M","M","?","M","M","T","E","R","$","T","T","E","R","M","E","?","R","B",null,"M","M","M","$","M","R","E","?","E","T","T","E","M","E","M","$","R","B",null,"R","$","E","B",null],"character_chosen":"THE_DUELIST","items_purchased":["Vajra","Thread and Needle","theDuelist:BigWhale","theDuelist:MonsterEggRelic","White Beast Statue","theDuelist:ShopToken","Dota2Spire:ArcaneBoots","Shuriken","theDuelist:MillenniumSymbol","Eternal Feather","theDuelist:DefenseDraw","theDuelist:WeepingIdol","PrismaticShard","Orichalcum","Block Potion","Dexterity Potion","hubris:CrystalStatue","theDuelist:HammerShot","theDuelist:MillenniumRing"],"campfire_rested":1,"item_purchase_floors":[0,0,0,0,0,0,0,0,0,0,0,0,0,0,0,0,14,29,55],"current_hp_per_floor":[25,29,33,37,37,37,26,26,26,26,26,32,32,32,41,45,45,54,54,81,81,85,77,77,77,77,77,86,86,86,86,90,98,102,102,102,102,102,102,106,106,106,106,106,106,110,110,110,110,110,114,118,118,118,118,118,118,118,118,118,118,118],"gold":248,"neow_bonus":"","is_daily":false,"chose_seed":false,"campfire_upgraded":7,"win_rate":0.0,"timestamp":1614041180,"path_taken":["M","M","M","M","?","E","?","E","T","T","E","R","M","$","R","E","?","R","BOSS","M","M","?","M","M","?","E","R","$","T","T","E","R","M","E","?","R","BOSS","M","M","M","$","M","R","E","?","E","T","T","E","M","E","M","$","R","BOSS","R","$","E","BOSS"],"items_purchased_type":["Relic","Relic","Card","Relic","Relic","Relic","Relic","Relic","Relic","Relic","Card","Card","Relic","Relic","Potion","Potion","Relic","Card","Relic"],"build_version":"2020-12-22","purchased_purges":3,"victory":true,"max_hp_per_floor":[74,78,82,86,86,86,86,86,86,86,86,86,86,86,86,90,90,90,90,90,90,94,94,94,94,94,94,94,94,94,94,98,98,102,102,102,102,102,102,106,106,106,106,106,106,110,110,110,110,110,114,118,118,118,118,118,118,118,118,118,118,118],"card_choices":[{"not_picked":["theDuelist:Forest","theDuelist:ChangeHeart","theDuelist:Flint","theDuelist:MiraculousDescent"],"picked":"SKIP","floor":1},{"not_picked":["theDuelist:Raigeki","theDuelist:MasterMagmaBlacksmith","theDuelist:RareMonsterMetronome","theDuelist:IgnisHeat"],"picked":"theDuelist:MultiplicationOfAnts","floor":2},{"not_picked":["theDuelist:GraniteLoyalist","theDuelist:WormWarlord","theDuelist:DarkCreator","theDuelist:GemArmadillo"],"picked":"theDuelist:FutureFusion","floor":3},{"not_picked":["theDuelist:JiraiGumo","theDuelist:AbyssWarrior","theDuelist:AshBlossom","theDuelist:RainbowFlower","theDuelist:HeavyMetalRaiders"],"picked":"SKIP","floor":4},{"not_picked":["theDuelist:BeeListSoldier","theDuelist:Anthrosaurus","theDuelist:CobraJar","theDuelist:CyberDragonVier"],"picked":"theDuelist:MirrorForce","floor":5},{"not_picked":["theDuelist:GauntletWarrior","theDuelist:Sangan","theDuelist:RedHeadedOni","theDuelist:WingedKuribohLv9","theDuelist:GemArmadillo"],"picked":"SKIP","floor":6},{"not_picked":["theDuelist:CelticGuardian","theDuelist:BigKoala","theDuelist:WeepingIdol","theDuelist:NaturiaStrawberry","theDuelist:NaturiaParadizo"],"picked":"SKIP","floor":8},{"not_picked":["theDuelist:NaturiaStrawberry","theDuelist:SpiralSpearStrike","theDuelist:InfernityDoomDragon"],"picked":"SKIP","floor":11},{"not_picked":["theDuelist:WingedKuriboh","theDuelist:DarkSpider","theDuelist:RelinquishedSpider","theDuelist:BigWhale"],"picked":"theDuelist:MonsterEggSpecial","floor":13},{"not_picked":["theDuelist:HauntedShrine","theDuelist:BlastWithChain","theDuelist:GhostrickVanish","theDuelist:ReinforceTruth","theDuelist:MiraculousDescent"],"picked":"SKIP","floor":16},{"not_picked":["theDuelist:HauntedShrine","theDuelist:GhostrickVanish","theDuelist:MirrorForce","theDuelist:DefenseDraw","theDuelist:ReinforceTruth"],"picked":"SKIP","floor":21},{"not_picked":["theDuelist:BattleguardKing+1","theDuelist:EvilswarmHeliotrope+1","theDuelist:BattleOx","theDuelist:EarthquakeGiant+1"],"picked":"theDuelist:LightningVortex","floor":22},{"not_picked":["theDuelist:NaturiaParadizo+1","theDuelist:MagicHoleGolem","theDuelist:ShiranuiSolitaire+1","theDuelist:DoomDonuts","theDuelist:ArmedDragon10"],"picked":"SKIP","floor":24},{"not_picked":["theDuelist:HauntedShrine","theDuelist:BlastWithChain","theDuelist:GhostrickVanish","theDuelist:MirrorForce","theDuelist:ReinforceTruth"],"picked":"SKIP","floor":25},{"not_picked":["theDuelist:HauntedShrine+1","theDuelist:GhostrickVanish","theDuelist:DefenseDraw","theDuelist:ReinforceTruth","theDuelist:MiraculousDescent"],"picked":"SKIP","floor":27},{"not_picked":["theDuelist:BlastWithChain","theDuelist:MirrorForce","theDuelist:DefenseDraw","theDuelist:ReinforceTruth","theDuelist:MiraculousDescent"],"picked":"SKIP","floor":32},{"not_picked":["theDuelist:PerfectMachineKing","theDuelist:BlueRoseDragon","theDuelist:Slushy","theDuelist:GolemSentry","theDuelist:IgnisHeat"],"picked":"SKIP","floor":34},{"not_picked":["theDuelist:ZombiePowerStruggle","theDuelist:Flint","theDuelist:MiraculousDescent"],"picked":"theDuelist:InariFire","floor":35},{"not_picked":["theDuelist:NeoMagic+1","theDuelist:CardsFromTheSky","theDuelist:JiraiGumo","theDuelist:AncientGearChimera","theDuelist:CosmicHorrorGangiel"],"picked":"SKIP","floor":40},{"not_picked":["theDuelist:Raigeki","theDuelist:PerfectMachineKing","theDuelist:DewlorenTigerKing+1","theDuelist:SteamTrainKing","theDuelist:FossilSkullConvoy"],"picked":"SKIP","floor":41},{"not_picked":["theDuelist:DefenseDraw","theDuelist:Hinotama+1","theDuelist:LightningDarts","theDuelist:LuminousMoss+1"],"picked":"theDuelist:Wiretap","floor":42},{"not_picked":["theDuelist:DestroyerGolem","theDuelist:LightningVortex+1","theDuelist:Mudora","theDuelist:WingedKuriboh+1","theDuelist:Blockman+1"],"picked":"SKIP","floor":44},{"not_picked":["theDuelist:CrystalTree+1","theDuelist:HiddenArmory","theDuelist:FossilSkullConvoy","theDuelist:IgnisHeat"],"picked":"theDuelist:RarePowerMetronome","floor":46},{"not_picked":["theDuelist:AbyssWarrior","theDuelist:MadSwordBeast+1","theDuelist:CyberDragonVier","theDuelist:TornadoDragon+1","theDuelist:BlockGolem"],"picked":"SKIP","floor":48},{"not_picked":["theDuelist:Beatraptor","theDuelist:AncientPixieDragon","theDuelist:JiraiGumo","theDuelist:Anthrosaurus","theDuelist:JamBreeding+1"],"picked":"SKIP","floor":51},{"not_picked":["theDuelist:WarriorMetronome","theDuelist:HeavyMechSupportArmor","theDuelist:Grasschopper","theDuelist:HighTideGyojin","theDuelist:PerfectMachineKing+1"],"picked":"SKIP","floor":52},{"not_picked":["theDuelist:SpikedGillman+1","theDuelist:CosmicHorrorGangiel","theDuelist:GishkiReliever","theDuelist:Slushy","theDuelist:Wightprince+1"],"picked":"SKIP","floor":53},{"not_picked":["theDuelist:Raigeki","theDuelist:DewlorenTigerKing","theDuelist:ArmedDragon10","theDuelist:RareSpireMetronome","theDuelist:IgnisHeat+1"],"picked":"SKIP","floor":54},{"not_picked":["theDuelist:Forest+1","theDuelist:MagiciansRobe+1","theDuelist:ChangeHeart+1"],"picked":"theDuelist:InariFire+1","floor":61}],"player_experience":277858,"relics_obtained":[{"floor":3,"key":"wanderingMiniBosses:OtherGremlinHorn"},{"floor":6,"key":"theDuelist:BoosterBetterBoostersRelic"},{"floor":8,"key":"Dota2Spire:MantaStyle"},{"floor":10,"key":"Letter Opener"},{"floor":11,"key":"hubris:SphereOfDissonance"},{"floor":16,"key":"Ancient Tea Set"},{"floor":26,"key":"theDuelist:DuelistLetterOpener"},{"floor":27,"key":"Bag of Preparation"},{"floor":30,"key":"MealTicket"},{"floor":31,"key":"Art of War"},{"floor":32,"key":"Red Skull"},{"floor":35,"key":"hubris:SoftwareUpdate"},{"floor":46,"key":"Anchor"},{"floor":48,"key":"hubris:SlimyHat"},{"floor":49,"key":"theDuelist:ArmorPlateD"},{"floor":50,"key":"Magic Flower"},{"floor":51,"key":"theDuelist:MillenniumRod"},{"floor":53,"key":"Dota2Spire:BattleFury"},{"floor":61,"key":"hubris:BallOfYels"}],"event_choices":[{"damage_healed":0,"gold_gain":75,"player_choice":"Gather Gold","damage_taken":11,"max_hp_gain":0,"max_hp_loss":0,"event_name":"World of Goop","floor":7,"gold_loss":0},{"damage_healed":0,"gold_gain":0,"player_choice":"Duplicated Relic - Egg Token","duelist":true,"damage_taken":0,"max_hp_gain":0,"max_hp_loss":0,"event_name":"Relic Duplicator","floor":17,"gold_loss":0},{"damage_healed":0,"gold_gain":0,"player_choice":"Dig - random Duelist relic","duelist":true,"damage_taken":0,"max_hp_gain":0,"max_hp_loss":0,"event_name":"Aknamkanon\u0027s Tomb","floor":23,"gold_loss":0},{"damage_healed":0,"gold_gain":0,"player_choice":"Ignored","damage_taken":0,"max_hp_gain":0,"max_hp_loss":0,"event_name":"Ghosts","floor":36,"gold_loss":0},{"damage_healed":0,"gold_gain":0,"player_choice":"Gave Potion","damage_taken":0,"relics_obtained":["Frozen Egg 2"],"max_hp_gain":0,"max_hp_loss":0,"event_name":"WeMeetAgain","floor":47,"gold_loss":0}],"is_beta":false,"boss_relics":[{"not_picked":["hubris:ScarierMask","hubris:RunicObelisk"],"picked":"Runic Pyramid"},{"not_picked":["hubris:HollowSoul","theDuelist:HauntedRelic"],"picked":"Dota2Spire:RefresherOrb"}],"items_purged_floors":[0,0,0],"is_endless":false,"potions_floor_spawned":[1,2,3,4,5,6,8,11,13,16,19,21,22,24,25,27,32,34,35,38,40,41,42,44,46,48,51,52,53,54,61],"ascension_level":17}}