{"host":"lv7etzzgwahaenh9","time":1614100619,"event":{"mods":["AchievementEnabler","BaseMod","Colored Map","Colored Powertips","Highlight Path","Minty Spire (QoL Compilation)","Permanent Neow","Quick Restart","Random Character Button","StSLib"],"gold_per_floor":[110,121,121,141,141,169,169,187,212,238,263,275,44,58,58,58,58],"floor_reached":16,"language":"ENG","playtime":493,"items_purged":[],"score":196,"play_id":"ed24e6b5-da3a-44ad-b05e-8327ad07cf6c","local_time":"20210223091659","is_ascension_mode":true,"campfire_choices":[{"floor":7,"key":"REST"},{"data":"Tempest","floor":12,"key":"SMITH"},{"floor":15,"key":"REST"}],"circlet_count":0,"master_deck":["AscendersBane","Strike_B","Strike_B","Strike_B","Defend_B","Defend_B","Defend_B","Zap","Dualcast","Tempest+1","Amplify","Stack","Barrage","Glacier","Barrage","Beam Cell","Storm+1","Loop+1","Leap","Seek","Stack"],"relics":["Cracked Core","Frozen Egg 2","Girya","Boot","MawBank"],"acts_visited":[],"potions_floor_usage":[6,10,11,14],"damage_taken":[{"damage":6,"enemies":"Cultist","floor":1,"turns":3},{"damage":9,"enemies":"Jaw Worm","floor":2,"turns":4},{"damage":0,"enemies":"Small Slimes","floor":4,"turns":2},{"damage":12,"enemies":"3 Sentries","floor":6,"turns":9},{"damage":1,"enemies":"2 Fungi Beasts","floor":8,"turns":3},{"damage":13,"enemies":"Gremlin Nob","floor":10,"turns":3},{"damage":16,"enemies":"Lots of Slimes","floor":11,"turns":2},{"damage":7,"enemies":"Large Slime","floor":14,"turns":4},{"damage":29,"enemies":"Slime Boss","floor":16,"turns":3}],"seed_played":"2308225187613987594","potions_obtained":[{"floor":4,"key":"EssenceOfSteel"},{"floor":6,"key":"BlessingOfTheForge"},{"floor":10,"key":"FocusPotion"},{"floor":11,"key":"Energy Potion"}],"is_trial":false,"path_per_floor":["M","M","T","M","?","E","R","M","T","E","M","R","$","M","R","B"],"character_chosen":"DEFECT","items_purchased":["Loop+1","Leap","Seek"],"campfire_rested":2,"item_purchase_floors":[13,13,13],"current_hp_per_floor":[58,49,49,49,40,28,47,46,46,33,17,17,17,10,29,0,0],"gold":58,"neow_bonus":"TRANSFORM_TWO_CARDS","is_daily":false,"chose_seed":false,"campfire_upgraded":1,"win_rate":0.0,"timestamp":1614100619,"path_taken":["M","M","?","M","?","E","R","M","T","E","?","R","$","M","R","BOSS"],"items_purchased_type":["Card","Card","Card"],"build_version":"2020-12-22","purchased_purges":0,"victory":false,"max_hp_per_floor":[64,64,64,64,64,64,64,64,64,64,64,64,64,64,64,64,64],"card_choices":[{"not_picked":["Compile Driver","Heatsinks"],"picked":"Stack","floor":1},{"not_picked":["White Noise","Stack"],"picked":"Barrage","floor":2},{"not_picked":["Sweeping Beam","Melter"],"picked":"Glacier","floor":4},{"not_picked":["Recycle","All For One"],"picked":"Barrage","floor":6},{"not_picked":["Chaos","Tempest"],"picked":"Beam Cell","floor":8},{"not_picked":["Hello World+1","Compile Driver","Streamline"],"picked":"SKIP","floor":10},{"not_picked":["Beam Cell","Turbo"],"picked":"Storm+1","floor":11},{"not_picked":["Turbo","Redo"],"picked":"Stack","floor":14}],"player_experience":517044,"relics_obtained":[{"floor":3,"key":"Frozen Egg 2"},{"floor":6,"key":"Girya"},{"floor":9,"key":"Boot"},{"floor":10,"key":"MawBank"}],"event_choices":[{"damage_healed":0,"gold_gain":0,"player_choice":"Damaged","damage_taken":9,"max_hp_gain":0,"max_hp_loss":0,"event_name":"Wheel of Change","floor":5,"gold_loss":0}],"is_beta":false,"boss_relics":[],"items_purged_floors":[],"is_endless":false,"potions_floor_spawned":[4,6,10,11],"killed_by":"Slime Boss","ascension_level":15}}