{"host":"8is2j71l4wmybkoi","time":1614075117,"event":{"mods":["AchievementEnabler","BaseMod","Colored Map","DeckTracker","Minty Spire (QoL Compilation)","Rare Cards Sparkle","Relic Stats","StSLib","SuperFastMode"],"gold_per_floor":[112,112,122,140,11,11,46,46,71,71,97,121,135,135,135,209,209,219,219,235,245,95,95,95],"floor_reached":23,"language":"KOR","playtime":857,"items_purged":["Strike_R","Strike_R"],"score":331,"play_id":"e8601755-e475-4dda-81e3-a429158a6e0a","local_time":"20210223191157","is_ascension_mode":true,"campfire_choices":[{"data":"Pommel Strike","floor":6.0,"key":"SMITH"},{"data":"Disarm","floor":8.0,"key":"SMITH"},{"data":"Bash","floor":10.0,"key":"SMITH"},{"data":"Flame Barrier","floor":15.0,"key":"SMITH"}],"circlet_count":0,"master_deck":["AscendersBane","Defend_R","Defend_R","Defend_R","Defend_R","Bash+1","Flame Barrier+1","Dropkick","Disarm+1","Thunderclap","Pommel Strike+1","Second Wind","Double Tap","Bloodletting+1","Entrench+1"],"relics":["Burning Blood","Ancient Tea Set","Tiny Chest","Odd Mushroom","Black Star","Eternal Feather"],"acts_visited":["Exordium","TheCity"],"potions_floor_usage":[21,23],"damage_taken":[{"damage":3.0,"enemies":"Small Slimes","floor":1.0,"turns":4.0},{"damage":5.0,"enemies":"Cultist","floor":3.0,"turns":4.0},{"damage":0.0,"enemies":"Jaw Worm","floor":4.0,"turns":4.0},{"damage":22.0,"enemies":"Gremlin Nob","floor":7.0,"turns":4.0},{"damage":12.0,"enemies":"The Mushroom Lair","floor":12.0,"turns":4.0},{"damage":11.0,"enemies":"3 Louse","floor":13.0,"turns":3.0},{"damage":24.0,"enemies":"The Guardian","floor":16.0,"turns":15.0},{"damage":2,"enemies":"3 Byrds","floor":18,"turns":5},{"damage":2,"enemies":"Chosen","floor":20,"turns":5},{"damage":38,"enemies":"3 Cultists","floor":21,"turns":6},{"damage":28,"enemies":"Gremlin Leader","floor":23,"turns":6}],"seed_played":"8118003953064732852","potions_obtained":[{"floor":1.0,"key":"EssenceOfSteel"},{"floor":3.0,"key":"DistilledChaos"},{"floor":18,"key":"Weak Potion"}],"is_trial":false,"path_per_floor":["M","?","M","M","$","R","E","R","T","R","T","?","M","?","R","B",null,"M","T","M","M","$","E"],"character_chosen":"IRONCLAD","items_purchased":["Pommel Strike","Block Potion"],"campfire_rested":0,"item_purchase_floors":[5,22],"current_hp_per_floor":[68,68,68,68,68,68,52,52,52,52,52,46,41,41,41,23,57,61,61,65,33,33,5,5],"gold":95,"neow_bonus":"REMOVE_TWO","is_daily":false,"chose_seed":false,"campfire_upgraded":4,"win_rate":0.0,"timestamp":1614075117,"path_taken":["M","?","M","M","?","R","E","R","T","R","?","?","?","?","R","BOSS","M","?","M","M","$","E"],"items_purchased_type":["Card","Potion"],"build_version":"2020-12-22","purchased_purges":2,"victory":false,"max_hp_per_floor":[68,68,68,68,68,68,68,68,68,68,68,68,68,68,68,68,68,68,68,68,68,68,68,68],"relic_stats":{"counters":[11,60],"Tiny Chest":1,"Eternal Feather":0,"Black Star":0,"obtain_stats":[{"Tiny Chest":11,"Eternal Feather":19,"Black Star":17,"Odd Mushroom":12,"Ancient Tea Set":7,"Burning Blood":0},{"Tiny Chest":4,"Eternal Feather":8,"Black Star":7,"Odd Mushroom":5,"Ancient Tea Set":4,"Burning Blood":0},{"Tiny Chest":16,"Eternal Feather":43,"Black Star":38,"Odd Mushroom":20,"Ancient Tea Set":16,"Burning Blood":0}],"Burning Blood":50},"card_choices":[{"not_picked":["Cleave","Body Slam"],"picked":"Flame Barrier","floor":1.0},{"not_picked":["Sentinel","Havoc"],"picked":"Disarm","floor":3.0},{"not_picked":["Shrug It Off","True Grit"],"picked":"Thunderclap","floor":4.0},{"not_picked":["Warcry","Twin Strike"],"picked":"Second Wind","floor":7.0},{"not_picked":["Juggernaut","Combust","Pommel Strike"],"picked":"SKIP","floor":13.0},{"not_picked":["Barricade","Demon Form"],"picked":"Double Tap","floor":16.0},{"not_picked":["Perfected Strike+1","Second Wind","Reckless Charge"],"picked":"SKIP","floor":18},{"not_picked":["Body Slam","Twin Strike"],"picked":"Bloodletting+1","floor":20},{"not_picked":["Flex","Rage"],"picked":"Entrench+1","floor":21}],"player_experience":1314871,"relics_obtained":[{"floor":7.0,"key":"Ancient Tea Set"},{"floor":11.0,"key":"Tiny Chest"},{"floor":12.0,"key":"Odd Mushroom"},{"floor":19,"key":"Eternal Feather"}],"event_choices":[{"damage_healed":0.0,"max_hp_gain":0.0,"max_hp_loss":0.0,"gold_gain":0.0,"event_name":"Match and Keep!","player_choice":"1 cards matched","floor":2.0,"gold_loss":0.0,"damage_taken":0.0,"cards_obtained":["Dropkick"]},{"damage_healed":0.0,"max_hp_gain":0.0,"max_hp_loss":0.0,"gold_gain":0.0,"event_name":"Mushrooms","player_choice":"Fought Mushrooms","floor":12.0,"gold_loss":0.0,"damage_taken":0.0},{"cards_removed":["Strike_R"],"damage_healed":0.0,"max_hp_gain":0.0,"max_hp_loss":0.0,"gold_gain":0.0,"event_name":"Living Wall","player_choice":"Forget","floor":14.0,"gold_loss":0.0,"damage_taken":0.0}],"is_beta":false,"boss_relics":[{"not_picked":["Philosopher\u0027s Stone","Runic Cube"],"picked":"Black Star"}],"items_purged_floors":[5,22],"is_endless":false,"potions_floor_spawned":[1,3,18],"killed_by":"Gremlin Leader","ascension_level":15}}