{"host":"nug5xkek4sujf8as","time":1614086662,"event":{"mods":["Act Like it!","Aspiration","BaseMod","Booster Modes","CapriCore","Colored Powertips","Conspire","Energized Spire","Gensokyo","Minty Spire (QoL Compilation)","Permanent Neow","Quick Restart","Reimu£®≤©¿ˆ¡È√Œ£©","Replay The Spire","Shop Mod","Spicy Shops","StSLib","°æπ¶ƒ‹Mod°øªÏ„Á÷Æª∑–ﬁ∏¥≤π∂°","°æ“≈ŒÔø®≈∆°øREMEMod","ÛÙª÷∏ƒœ"],"gold_per_floor":[112,112,128,52,52,83,83,117,117,136,151,151,67,102,27,104,104,117,143,154,168,178,178,178],"floor_reached":23,"language":"ZHS","playtime":945,"items_purged":["Regret"],"score":472,"play_id":"315d6044-7628-4fd5-8684-ee8938019650","local_time":"20210223212422","is_ascension_mode":true,"campfire_choices":[{"data":"conspire:SharedLibrary","floor":7,"key":"SMITH"}],"circlet_count":0,"master_deck":["AscendersBane","Strike_B","Strike_B","Strike_B","Strike_B","Defend_B","Defend_B","Defend_B","Defend_B","Zap","Dualcast","Free:ReiMu+1","Glacier","conspire:SharedLibrary+1","Capacitor","Consume","REME_Whirling","Sunder","Conserve Battery","Tempest","Electrodynamics","Cold Snap","Ball Lightning","Double Energy+1","REME_SelfUpgrade"],"relics":["Cracked Core","REME_ComplimentaryCards","NeowsBlessing","Geode","Meat on the Bone","ReplayTheSpireMod:Shallot","CrazyTorch:ReiMu","Toolbox","aspiration:DSix","Replay:Bronze Core","Red Mask"],"acts_visited":["Exordium","TheCity"],"potions_floor_usage":[16,23],"damage_taken":[{"damage":0,"enemies":"Small Slimes","floor":1,"turns":1},{"damage":0,"enemies":"Cultist","floor":3,"turns":1},{"damage":3,"enemies":"3 Sentries","floor":6,"turns":1},{"damage":22,"enemies":"Lagavulin","floor":8,"turns":7},{"damage":12,"enemies":"Jaw Worm","floor":10,"turns":3},{"damage":1,"enemies":"Exordium Wildlife","floor":11,"turns":2},{"damage":4,"enemies":"Gremlin Nob","floor":14,"turns":3},{"damage":16,"enemies":"Hexaghost","floor":16,"turns":9},{"damage":0,"enemies":"Spheric Guardian","floor":18,"turns":4},{"damage":23,"enemies":"Masked Bandits","floor":19,"turns":6},{"damage":6,"enemies":"conspire:FuzzyDice","floor":20,"turns":6},{"damage":1,"enemies":"Snake Plant","floor":21,"turns":3},{"damage":16,"enemies":"Snecko","floor":22,"turns":3},{"damage":74,"enemies":"Book of Stabbing","floor":23,"turns":5}],"seed_played":"1536328921806325202","potions_obtained":[{"floor":1,"key":"FocusPotion"},{"floor":6,"key":"conspire:TimeTravelPotion"},{"floor":20,"key":"SteroidPotion"}],"is_trial":false,"path_per_floor":["M","?","M","$","?","E","R","E","T","M","M","$","$","E","R","B",null,"M","?","M","M","M","E"],"character_chosen":"DEFECT","items_purchased":["Capacitor","Toolbox"],"campfire_rested":0,"item_purchase_floors":[4,13],"current_hp_per_floor":[64,64,64,64,64,61,61,39,39,39,38,38,38,46,46,42,64,64,41,47,46,42,0,0],"gold":178,"neow_bonus":"THREE_ENEMY_KILL","is_daily":false,"chose_seed":false,"campfire_upgraded":1,"win_rate":0.0,"timestamp":1614086662,"path_taken":["M","?","M","?","?","E","R","E","T","M","?","?","$","E","R","BOSS","M","?","M","M","M","E"],"items_purchased_type":["Card","Relic"],"build_version":"2020-12-22","purchased_purges":1,"victory":false,"max_hp_per_floor":[71,71,71,71,71,71,71,71,71,71,71,71,71,71,71,71,71,71,71,71,71,71,71,71],"card_choices":[{"not_picked":["Compile Driver","ReplaySort"],"picked":"Glacier","floor":1},{"not_picked":["Beam Cell","Hologram"],"picked":"conspire:SharedLibrary","floor":3},{"not_picked":["Ball Lightning","Compile Driver"],"picked":"Consume","floor":6},{"not_picked":["Lockon","Gash"],"picked":"REME_Whirling","floor":8},{"not_picked":["REME_Compress","Compile Driver"],"picked":"Sunder","floor":10},{"not_picked":["Go for the Eyes","BasicCrystalCard"],"picked":"Conserve Battery","floor":11},{"not_picked":["Gash","Streamline"],"picked":"Tempest","floor":14},{"not_picked":["ReplayTheSpireMod:Fabricate Wheel","Mirror Shield"],"picked":"Electrodynamics","floor":16},{"not_picked":["Time Bomb","Go for the Eyes"],"picked":"Cold Snap","floor":18},{"not_picked":["Redo","Compile Driver"],"picked":"Ball Lightning","floor":19},{"not_picked":["ReplayTheSpireMod:Repulse","Beam Cell"],"picked":"Double Energy+1","floor":20},{"not_picked":["ReplaySolidLightProjector","Doom and Gloom+1"],"picked":"REME_SelfUpgrade","floor":21},{"not_picked":["Stack","FTL","Panic Button","Melter"],"picked":"SKIP","floor":22}],"player_experience":994313,"relics_obtained":[{"floor":6,"key":"Meat on the Bone"},{"floor":8,"key":"ReplayTheSpireMod:Shallot"},{"floor":9,"key":"CrazyTorch:ReiMu"},{"floor":14,"key":"aspiration:DSix"},{"floor":19,"key":"Red Mask"}],"event_choices":[{"damage_healed":0,"gold_gain":0,"player_choice":"Upgraded","damage_taken":0,"max_hp_gain":0,"max_hp_loss":0,"event_name":"Upgrade Shrine","floor":2,"gold_loss":0,"cards_upgraded":["Free:ReiMu"]},{"damage_healed":0,"gold_gain":0,"player_choice":"Box","damage_taken":0,"relics_obtained":["Geode"],"max_hp_gain":0,"max_hp_loss":0,"event_name":"Big Fish","floor":5,"gold_loss":0,"cards_obtained":["Regret"]},{"damage_healed":0,"gold_gain":0,"player_choice":"Fought Bandits","damage_taken":0,"max_hp_gain":0,"max_hp_loss":0,"event_name":"Masked Bandits","floor":19,"gold_loss":0}],"is_beta":false,"boss_relics":[{"not_picked":["Philosopher\u0027s Stone","Fusion Hammer"],"picked":"Replay:Bronze Core"}],"items_purged_floors":[15],"is_endless":false,"potions_floor_spawned":[1,6,10,20],"killed_by":"Book of Stabbing","ascension_level":20}}