{"host":"8kd0mw0b4mjhs7vl","time":1614097370,"event":{"mods":["Act Like it!","BaseMod","Bestiary","Colored Map","Friendly Minions","Minty Spire (QoL Compilation)","Morshu Shopkeeper - ENHANCED","StSLib","SuperFastMode"],"gold_per_floor":[310,310,323,323,339,339,264,290,336,367,367,378,390,406,406,484,484,484,484,498,18,34,34,34],"floor_reached":23,"language":"ENG","playtime":794,"items_purged":["Strike_G","Strike_G"],"score":335,"play_id":"28f8f0b1-e87c-4e69-a235-fc85e985b37f","local_time":"20210223162250","is_ascension_mode":true,"campfire_choices":[{"data":"Poisoned Stab","floor":6.0,"key":"SMITH"},{"data":"Noxious Fumes","floor":15.0,"key":"SMITH"}],"circlet_count":0,"master_deck":["AscendersBane","Strike_G","Strike_G","Strike_G","Defend_G","Defend_G","Defend_G+1","Defend_G","Defend_G","Survivor","Neutralize+1","Backstab","Flying Knee","Poisoned Stab+1","Noxious Fumes+1","Escape Plan","Glass Knife","PiercingWail","Malaise","Noxious Fumes+1","Bouncing Flask","Well Laid Plans","Escape Plan"],"relics":["Ring of the Snake","Old Coin","GremlinMask","Strawberry","Omamori","Bottled Flame","CaptainsWheel","Black Star","Tiny Chest"],"acts_visited":["Exordium","TheCity"],"potions_floor_usage":[16,18],"damage_taken":[{"damage":1.0,"enemies":"Small Slimes","floor":1.0,"turns":7.0},{"damage":0.0,"enemies":"2 Louse","floor":3.0,"turns":3.0},{"damage":2.0,"enemies":"Cultist","floor":5.0,"turns":4.0},{"damage":17.0,"enemies":"3 Sentries","floor":8.0,"turns":11.0},{"damage":7.0,"enemies":"Lagavulin","floor":10.0,"turns":8.0},{"damage":0.0,"enemies":"Exordium Wildlife","floor":12.0,"turns":4.0},{"damage":1.0,"enemies":"2 Fungi Beasts","floor":13.0,"turns":2.0},{"damage":0.0,"enemies":"Red Slaver","floor":14.0,"turns":4.0},{"damage":17,"enemies":"Slime Boss","floor":16,"turns":11},{"damage":6,"enemies":"Spheric Guardian","floor":18,"turns":3},{"damage":4,"enemies":"3 Byrds","floor":20,"turns":5},{"damage":47,"enemies":"Shelled Parasite and Fungi","floor":22,"turns":7},{"damage":7,"enemies":"Gremlin Leader","floor":23,"turns":4}],"seed_played":"-5061101171232228903","potions_obtained":[{"floor":1.0,"key":"EssenceOfSteel"},{"floor":5.0,"key":"EssenceOfSteel"},{"floor":8.0,"key":"ColorlessPotion"},{"floor":12.0,"key":"SmokeBomb"},{"floor":13.0,"key":"FearPotion"}],"is_trial":false,"path_per_floor":["M","?","M","?","M","R","$","E","T","E","?","M","M","M","R","B",null,"M","?","M","$","M","E"],"character_chosen":"THE_SILENT","items_purchased":["Tiny Chest","Bouncing Flask","Well Laid Plans","Escape Plan"],"campfire_rested":0,"item_purchase_floors":[21,21,21,21],"current_hp_per_floor":[62,48,48,48,46,46,46,36,36,29,29,29,28,28,28,11,61,55,55,51,51,4,0,0],"gold":34,"neow_bonus":"ONE_RARE_RELIC","is_daily":false,"chose_seed":false,"campfire_upgraded":2,"win_rate":0.0,"timestamp":1614097370,"path_taken":["M","?","M","?","?","R","$","E","T","E","?","M","M","M","R","BOSS","M","?","?","?","M","E"],"items_purchased_type":["Relic","Card","Card","Card"],"build_version":"2020-12-22","purchased_purges":2,"victory":false,"max_hp_per_floor":[70,70,70,70,70,70,70,77,77,77,77,77,77,77,77,77,77,77,77,77,77,77,77,77],"card_choices":[{"not_picked":["Tactician","PiercingWail"],"picked":"Backstab","floor":1.0},{"not_picked":["Accuracy","Outmaneuver"],"picked":"Flying Knee","floor":3.0},{"not_picked":["Flying Knee","Acrobatics"],"picked":"Poisoned Stab","floor":5.0},{"not_picked":["Leg Sweep","Bouncing Flask"],"picked":"Noxious Fumes","floor":8.0},{"not_picked":["Outmaneuver","Blade Dance"],"picked":"Escape Plan","floor":10.0},{"not_picked":["Blade Dance","Quick Slash"],"picked":"Glass Knife","floor":12.0},{"not_picked":["Acrobatics","Choke","Endless Agony"],"picked":"SKIP","floor":13.0},{"not_picked":["Dagger Spray","Poisoned Stab"],"picked":"PiercingWail","floor":14.0},{"not_picked":["Bullet Time","Wraith Form v2"],"picked":"Malaise","floor":16},{"not_picked":["Terror","Dagger Spray","Outmaneuver"],"picked":"SKIP","floor":20},{"not_picked":["Deflect","Slice","Reflex"],"picked":"SKIP","floor":22}],"player_experience":282609,"relics_obtained":[{"floor":8.0,"key":"Strawberry"},{"floor":9.0,"key":"Omamori"},{"floor":10.0,"key":"Bottled Flame"}],"event_choices":[{"damage_healed":0.0,"max_hp_gain":0.0,"max_hp_loss":0.0,"gold_gain":0.0,"event_name":"Shining Light","player_choice":"Entered Light","floor":2.0,"gold_loss":0.0,"damage_taken":14.0,"cards_upgraded":["Neutralize","Defend_G"]},{"damage_healed":0.0,"max_hp_gain":0.0,"max_hp_loss":0.0,"gold_gain":0.0,"event_name":"FaceTrader","player_choice":"Trade","floor":4.0,"gold_loss":0.0,"damage_taken":0.0,"relics_obtained":["GremlinMask"]},{"damage_healed":0.0,"max_hp_gain":0.0,"max_hp_loss":0.0,"gold_gain":0.0,"event_name":"Big Fish","player_choice":"Box","floor":11.0,"gold_loss":0.0,"damage_taken":0.0,"relics_obtained":["CaptainsWheel"],"cards_obtained":["Regret"]},{"damage_healed":0,"gold_gain":0,"player_choice":"Copied","damage_taken":0,"max_hp_gain":0,"max_hp_loss":0,"event_name":"Duplicator","floor":19,"gold_loss":0,"cards_obtained":["Noxious Fumes"]}],"is_beta":false,"boss_relics":[{"not_picked":["Calling Bell","SacredBark"],"picked":"Black Star"}],"items_purged_floors":[7,21],"is_endless":false,"potions_floor_spawned":[1,5,8,12,13,18],"killed_by":"Gremlin Leader","ascension_level":13}}