{"host":"w11d5xug8ost5klq","time":1614052507,"event":{"mods":["100% Spire Juice","2.2 Compatiblity","BaseMod","Better Third Choice","Emptier Cage","Highlight Path","KinomotoSakuraMod(????)","Minty Spire (QoL Compilation)","Quick Restart","Reliquary","Shapeshifter Mod","Spicy Shops","StSLib","The Alterego","WarShipGirlsR/????R mod"],"gold_per_floor":[20,34,47,57,57,57,57],"floor_reached":6,"language":"ENG","playtime":380,"items_purged":[],"score":38,"play_id":"24c87423-31ee-4040-9267-51e61a1d485c","local_time":"20210222215507","is_ascension_mode":false,"campfire_choices":[],"circlet_count":0,"master_deck":["StSShapeShifter:ShapeShifter_Strike","StSShapeShifter:ShapeShifter_Strike","StSShapeShifter:ShapeShifter_Strike","StSShapeShifter:ShapeShifter_Strike","StSShapeShifter:ShapeShifter_Defend","StSShapeShifter:ShapeShifter_Defend","StSShapeShifter:ShapeShifter_Defend","StSShapeShifter:ShapeShifter_Defend","StSShapeShifter:Tortoise_Form","StSShapeShifter:Lynx_Form","StSShapeShifter:AdaptiveStrikes","StSShapeShifter:Pounce","StSShapeShifter:BladeOfGrass","StSShapeShifter:OwlForm"],"relics":["StSShapeShifter:AnimalHeart","StSShapeShifter:TheShapeShiftersMagnolia","reliquary:PartyBalloon","Bag of Marbles"],"acts_visited":["Exordium"],"potions_floor_usage":[6,6],"damage_taken":[{"damage":0,"enemies":"Small Slimes","floor":1,"turns":4},{"damage":0,"enemies":"Jaw Worm","floor":2,"turns":3},{"damage":0,"enemies":"Cultist","floor":3,"turns":3},{"damage":2,"enemies":"Blue Slaver","floor":4,"turns":4},{"damage":22,"enemies":"Lagavulin","floor":6,"turns":6}],"seed_played":"-3485498597276876001","potions_obtained":[{"floor":3,"key":"FearPotion"},{"floor":4,"key":"Weak Potion"}],"is_trial":false,"path_per_floor":["M","M","M","M","?","E"],"character_chosen":"SHAPESHIFTER","items_purchased":[],"campfire_rested":0,"item_purchase_floors":[],"current_hp_per_floor":[78,78,78,76,5,0,0],"gold":57,"neow_bonus":"REMOVE_TWO","is_daily":false,"chose_seed":false,"campfire_upgraded":0,"win_rate":0.0,"timestamp":1614052507,"path_taken":["M","M","M","M","?","E"],"items_purchased_type":[],"build_version":"2020-12-22","purchased_purges":0,"victory":false,"max_hp_per_floor":[78,78,78,78,78,78,78],"card_choices":[{"not_picked":["StSShapeShifter:Rest","StSShapeShifter:DiverseSpirit"],"picked":"StSShapeShifter:AdaptiveStrikes","floor":1},{"not_picked":["StSShapeShifter:PoisonIvy","StSShapeShifter:Roar"],"picked":"StSShapeShifter:Pounce","floor":2},{"not_picked":["StSShapeShifter:BloomingSlash","StSShapeShifter:Guard"],"picked":"StSShapeShifter:BladeOfGrass","floor":3},{"not_picked":["StSShapeShifter:OpportuneSwoop","StSShapeShifter:BarkSkin"],"picked":"StSShapeShifter:OwlForm","floor":4}],"player_experience":130969,"relics_obtained":[],"event_choices":[{"damage_healed":0,"gold_gain":1,"player_choice":"Relic Relic ","damage_taken":71,"max_hp_gain":0,"max_hp_loss":0,"event_name":"betterThird:BetterScrap","floor":5,"gold_loss":0,"cards_obtained":["ReachHeaven"]}],"is_beta":false,"boss_relics":[],"items_purged_floors":[],"is_endless":false,"potions_floor_spawned":[3,4],"killed_by":"Lagavulin","ascension_level":0}}