{"host":"03jd0k347uuzjnun","time":1614081458,"event":{"mods":["BaseMod","Bestiary","Minty Spire (QoL Compilation)","Permanent Neow","Quick Restart","Random Character Button","Relic Stats"],"gold_per_floor":[111,123,123,123,138,138,170,170,170,214,214,96,110,141,153,165,165],"floor_reached":16,"language":"ENG","playtime":788,"items_purged":["Strike_B"],"score":286,"play_id":"30f958db-180b-4eba-ace3-8080b59470ec","local_time":"20210223125738","is_ascension_mode":true,"campfire_choices":[{"floor":6,"key":"REST"},{"data":"Creative AI","floor":15,"key":"SMITH"}],"circlet_count":0,"master_deck":["AscendersBane","Strike_B","Strike_B","Strike_B","Defend_B","Defend_B","Defend_B","Defend_B","Zap","Dualcast","Creative AI+1","Darkness+1","Barrage","BootSequence","Storm","Sunder","Genetic Algorithm","Turbo"],"relics":["Cracked Core","Gambling Chip","MealTicket","Golden Idol","Question Card","Anchor","MawBank"],"acts_visited":["Exordium"],"potions_floor_usage":[10,13,14,14],"damage_taken":[{"damage":1,"enemies":"2 Louse","floor":1,"turns":3},{"damage":4,"enemies":"Small Slimes","floor":2,"turns":3},{"damage":9,"enemies":"Jaw Worm","floor":5,"turns":4},{"damage":20,"enemies":"Lagavulin","floor":7,"turns":6},{"damage":30,"enemies":"3 Sentries","floor":10,"turns":7},{"damage":0,"enemies":"Lots of Slimes","floor":13,"turns":1},{"damage":0,"enemies":"Gremlin Nob","floor":14,"turns":2},{"damage":26,"enemies":"The Guardian","floor":16,"turns":2}],"seed_played":"7420966545493336330","potions_obtained":[{"floor":1,"key":"Fire Potion"},{"floor":2,"key":"EssenceOfDarkness"},{"floor":10,"key":"Explosive Potion"},{"floor":13,"key":"LiquidMemories"}],"is_trial":false,"path_per_floor":["M","M","?","?","M","R","E","?","T","E","?","$","M","E","R","B"],"character_chosen":"DEFECT","items_purchased":["Sunder"],"campfire_rested":1,"item_purchase_floors":[12],"current_hp_per_floor":[63,59,59,41,32,53,33,33,33,3,3,18,18,18,18,0,0],"gold":165,"neow_bonus":"ONE_RANDOM_RARE_CARD","is_daily":false,"chose_seed":false,"campfire_upgraded":1,"win_rate":0.0,"timestamp":1614081458,"path_taken":["M","M","?","?","M","R","E","?","T","E","?","$","?","E","R","BOSS"],"items_purchased_type":["Card"],"build_version":"2020-12-22","purchased_purges":1,"victory":false,"max_hp_per_floor":[71,71,71,71,71,71,71,64,64,64,64,64,64,64,64,64,64],"relic_stats":{"counters":[8,28],"Golden Idol":18,"Gambling Chip":[13],"MealTicket":15,"Question Card":3,"MawBank":24,"obtain_stats":[{"Anchor":10,"Golden Idol":8,"Gambling Chip":4,"MealTicket":7,"Cracked Core":0,"Question Card":9,"MawBank":14},{"Anchor":5,"Golden Idol":4,"Gambling Chip":2,"MealTicket":4,"Cracked Core":0,"Question Card":4,"MawBank":7},{"Anchor":23,"Golden Idol":16,"Gambling Chip":6,"MealTicket":16,"Cracked Core":0,"Question Card":16,"MawBank":26}]},"card_choices":[{"not_picked":["Reprogram","Rip and Tear"],"picked":"Darkness","floor":1},{"not_picked":["Steam","Tempest"],"picked":"Barrage","floor":2},{"not_picked":["Streamline","Steam"],"picked":"BootSequence","floor":5},{"not_picked":["Streamline","Beam Cell","Steam"],"picked":"SKIP","floor":7},{"not_picked":["Darkness","Streamline","Leap"],"picked":"Storm","floor":10},{"not_picked":["FTL","Streamline","White Noise"],"picked":"Genetic Algorithm","floor":13},{"not_picked":["Cold Snap","Rebound","All For One"],"picked":"Turbo","floor":14}],"player_experience":1441489,"relics_obtained":[{"floor":7,"key":"MealTicket"},{"floor":9,"key":"Question Card"},{"floor":10,"key":"Anchor"},{"floor":14,"key":"MawBank"}],"event_choices":[{"damage_healed":0,"gold_gain":0,"player_choice":"Grow","damage_taken":0,"max_hp_gain":0,"max_hp_loss":0,"event_name":"Living Wall","floor":3,"gold_loss":0,"cards_upgraded":["Darkness"]},{"damage_healed":0,"gold_gain":0,"player_choice":"Success","damage_taken":18,"relics_obtained":["Gambling Chip"],"max_hp_gain":0,"max_hp_loss":0,"event_name":"Scrap Ooze","floor":4,"gold_loss":0},{"damage_healed":0,"gold_gain":0,"player_choice":"Lose Max HP","damage_taken":0,"relics_obtained":["Golden Idol"],"max_hp_gain":0,"max_hp_loss":7,"event_name":"Golden Idol","floor":8,"gold_loss":0},{"damage_healed":0,"gold_gain":0,"player_choice":"Ignored","damage_taken":0,"max_hp_gain":0,"max_hp_loss":0,"event_name":"Golden Wing","floor":11,"gold_loss":0}],"is_beta":false,"boss_relics":[],"items_purged_floors":[12],"is_endless":false,"potions_floor_spawned":[1,2,10,13],"killed_by":"The Guardian","ascension_level":20}}