{"host":"pmmuxs046gii331m","time":1614111885,"event":{"mods":["AchievementEnabler","BaseMod","Colored Powertips","Custom Start","Downfall","Gold Saver","Infinite Spire","Minty Spire (QoL Compilation)","Permanent Neow","Quick Restart","StSLib"],"gold_per_floor":[1405,835,835,855,873,906,876,876,899,899,687,719,733,750,750,852,852,869,884,637,637,647,647,647,682,751,356,382,394,394,414,414,509,509,525,535,235,252,267,267,298,298,324,324,338,352,352,364,364,364,364],"floor_reached":50,"language":"ENG","playtime":4559,"items_purged":["Strike_R","Strike_R","Strike_R","Defend_R","Defend_R"],"score":779,"play_id":"ebf89926-c907-43db-9e88-aef90df5227f","local_time":"20210223152445","is_ascension_mode":true,"campfire_choices":[{"data":"Armaments","floor":8.0,"key":"SMITH"},{"data":"Rage","floor":10.0,"key":"SMITH"},{"data":"Body Slam","floor":15.0,"key":"SMITH"},{"data":"Juggernaut","floor":23.0,"key":"SMITH"},{"floor":30.0,"key":"REST"},{"data":"Demon Form","floor":32.0,"key":"SMITH"},{"floor":40,"key":"REST"},{"data":"Fire Breathing","floor":42,"key":"SMITH"},{"floor":47,"key":"RECALL"},{"floor":49,"key":"REST"}],"circlet_count":0,"master_deck":["Defend_R","Defend_R","Bash+1","Offering","Second Wind","Twin Strike","Armaments+1","Metallicize","Rage+1","Pommel Strike","Twin Strike+1","Reckless Charge","Feel No Pain","Demon Form+1","Body Slam+1","Dark Embrace","Juggernaut+1","True Grit+1","Uppercut","Rupture","Cleave","Body Slam+1","Heavy Blade","Brutality","Fire Breathing+1","Writhe","Parasite","Rage+1"],"relics":["Black Blood","Sling","Mummified Hand","Blue Candle","Oddly Smooth Stone","Whetstone","Lantern","Mark of Pain","bronze:MakeshiftBattery","TungstenRod","infinitespire:Lucky Rock","infinitespire:FocusingShard","Ornamental Fan","Toy Ornithopter","infinitespire:Golems Mask","Blood Vial"],"acts_visited":["Exordium","TheCity","TheBeyond"],"potions_floor_usage":[39,41,50],"damage_taken":[{"damage":14.0,"enemies":"Small Slimes","floor":1.0,"turns":4.0},{"damage":0.0,"enemies":"Cultist","floor":4.0,"turns":3.0},{"damage":1.0,"enemies":"infinitespire:Voidling","floor":5.0,"turns":3.0},{"damage":9.0,"enemies":"Lagavulin","floor":6.0,"turns":5.0},{"damage":2.0,"enemies":"3 Sentries","floor":12.0,"turns":8.0},{"damage":0.0,"enemies":"Red Slaver","floor":13.0,"turns":5.0},{"damage":4.0,"enemies":"Lots of Slimes","floor":14.0,"turns":4.0},{"damage":37.0,"enemies":"The Guardian","floor":16.0,"turns":6.0},{"damage":6.0,"enemies":"Spheric Guardian","floor":18.0,"turns":3.0},{"damage":2.0,"enemies":"3 Byrds","floor":19.0,"turns":5.0},{"damage":3.0,"enemies":"Snecko","floor":22.0,"turns":5.0},{"damage":33.0,"enemies":"Book of Stabbing","floor":25.0,"turns":5.0},{"damage":11.0,"enemies":"Gremlin Leader","floor":28.0,"turns":3.0},{"damage":15.0,"enemies":"Centurion and Healer","floor":29.0,"turns":4.0},{"damage":18.0,"enemies":"Cultist and Chosen","floor":31.0,"turns":5.0},{"damage":5.0,"enemies":"Champ","floor":33.0,"turns":3.0},{"damage":10.0,"enemies":"3 Shapes","floor":35.0,"turns":3.0},{"damage":24.0,"enemies":"Orb Walker","floor":36.0,"turns":3.0},{"damage":50.0,"enemies":"3 Darklings","floor":38.0,"turns":4.0},{"damage":24,"enemies":"Maw","floor":39,"turns":5},{"damage":14,"enemies":"Nemesis","floor":41,"turns":3},{"damage":19,"enemies":"Writhing Mass","floor":45,"turns":5},{"damage":38,"enemies":"Sphere and 2 Shapes","floor":46,"turns":4},{"damage":17,"enemies":"4 Shapes","floor":48,"turns":4},{"damage":77,"enemies":"Donu and Deca","floor":50,"turns":5}],"seed_played":"-3038183622454354310","potions_obtained":[{"floor":1.0,"key":"Fire Potion"},{"floor":4.0,"key":"Fire Potion"},{"floor":7.0,"key":"Strength Potion"},{"floor":7.0,"key":"Block Potion"},{"floor":13.0,"key":"hexamod:SoulburnPotion"},{"floor":18.0,"key":"SkillPotion"},{"floor":28.0,"key":"FearPotion"},{"floor":31.0,"key":"sneckomod:MuddlingPotion"},{"floor":38.0,"key":"bronze:BurnAndBuffPotion"},{"floor":39,"key":"hexamod:SoulburnPotion"},{"floor":45,"key":"SteroidPotion"}],"is_trial":false,"path_per_floor":["M","$","?","M","M","E","?","R","T","R","$","E","M","M","R","B",null,"M","M","$","?","M","R","AVR","E","T","$","E","M","R","M","R","B",null,"M","M","$","M","M","R","E","R","T","?","M","M","R","M","R","B"],"character_chosen":"IRONCLAD","items_purchased":["Sling","Mummified Hand","Armaments","Metallicize","Reckless Charge","Feel No Pain","Rupture","Cleave","Ornamental Fan","infinitespire:Golems Mask"],"campfire_rested":3,"item_purchase_floors":[2,2,2,2,11,11,20,20,27,37],"current_hp_per_floor":[43,43,38,44,49,46,46,46,46,46,46,50,56,58,58,27,67,67,71,71,71,74,74,74,47,47,47,42,33,57,45,45,56,74,76,64,64,26,19,43,46,46,46,66,61,37,37,34,58,0,0],"gold":364,"neow_bonus":"TRANSFORM_TWO_CARDS","is_daily":false,"chose_seed":false,"campfire_upgraded":6,"win_rate":0.0,"timestamp":1614111885,"path_taken":["M","$","?","M","M","E","?","R","T","R","$","E","M","M","R","BOSS","M","M","$","?","?","R","AVR","E","T","?","E","M","R","M","R","BOSS","M","M","?","?","M","R","E","R","T","?","M","M","R","M","R","BOSS"],"items_purchased_type":["Relic","Relic","Card","Card","Card","Card","Card","Card","Relic","Relic"],"build_version":"2020-12-22","purchased_purges":5,"victory":false,"max_hp_per_floor":[80,80,80,80,80,80,80,80,80,80,80,80,80,80,80,80,80,80,80,80,80,80,80,80,80,80,80,80,80,80,80,80,80,80,80,80,80,80,80,80,80,80,80,80,80,80,80,80,80,80,80],"card_choices":[{"not_picked":["Shrug It Off","Feel No Pain"],"picked":"Twin Strike","floor":1.0},{"not_picked":["Headbutt","Warcry"],"picked":"Rage","floor":4.0},{"not_picked":["Heavy Blade","Shrug It Off"],"picked":"Pommel Strike","floor":5.0},{"not_picked":["Rampage","Wild Strike"],"picked":"Twin Strike","floor":6.0},{"not_picked":["Pommel Strike","Seeing Red"],"picked":"Demon Form","floor":12.0},{"not_picked":["Havoc","Pommel Strike"],"picked":"Body Slam","floor":13.0},{"not_picked":["Intimidate","Havoc"],"picked":"Dark Embrace","floor":14.0},{"not_picked":["Offering","Immolate"],"picked":"Juggernaut","floor":16.0},{"not_picked":["Twin Strike+1","Headbutt"],"picked":"True Grit+1","floor":18.0},{"not_picked":["Flex","Hemokinesis"],"picked":"Uppercut","floor":19.0},{"not_picked":["Shockwave","Wild Strike+1","Armaments"],"picked":"SKIP","floor":22.0},{"not_picked":["Armaments+1","Shockwave"],"picked":"Heavy Blade","floor":25.0},{"not_picked":["Intimidate","Ghostly Armor","Metallicize"],"picked":"SKIP","floor":28.0},{"not_picked":["Pommel Strike","Flex+1","Anger+1"],"picked":"SKIP","floor":29.0},{"not_picked":["True Grit","Warcry","Clothesline"],"picked":"SKIP","floor":31.0},{"not_picked":["Juggernaut","Bludgeon"],"picked":"Brutality","floor":33.0},{"not_picked":["Cleave+1","Heavy Blade","Dual Wield+1"],"picked":"SKIP","floor":35.0},{"not_picked":["Twin Strike","Whirlwind+1","Wild Strike"],"picked":"SKIP","floor":36.0},{"not_picked":["True Grit+1","Intimidate"],"picked":"Fire Breathing","floor":38.0},{"not_picked":["Clothesline+1","Uppercut+1","Entrench+1"],"picked":"SKIP","floor":39},{"not_picked":["Second Wind","Wild Strike","Twin Strike+1"],"picked":"SKIP","floor":41},{"not_picked":["Cleave+1","Shockwave+1"],"picked":"Rage+1","floor":45},{"not_picked":["infinitespire:OneForAll","Spot Weakness","Sword Boomerang"],"picked":"SKIP","floor":46},{"not_picked":["Clash","Clothesline+1","Exhume"],"picked":"SKIP","floor":48}],"player_experience":595211,"relics_obtained":[{"floor":6.0,"key":"Oddly Smooth Stone"},{"floor":9.0,"key":"Whetstone"},{"floor":12.0,"key":"Lantern"},{"floor":25.0,"key":"infinitespire:Lucky Rock"},{"floor":26.0,"key":"infinitespire:FocusingShard"},{"floor":28.0,"key":"Toy Ornithopter"},{"floor":41,"key":"Blood Vial"}],"event_choices":[{"damage_healed":0.0,"max_hp_gain":0.0,"max_hp_loss":0.0,"gold_gain":0.0,"event_name":"The Woman in Blue","player_choice":"Bought 2 Potions","floor":7.0,"gold_loss":0.0,"damage_taken":0.0},{"damage_healed":0.0,"max_hp_gain":0.0,"max_hp_loss":0.0,"gold_gain":0.0,"event_name":"Duplicator","player_choice":"Copied","floor":21.0,"gold_loss":0.0,"damage_taken":0.0,"cards_obtained":["Body Slam"]},{"damage_healed":20,"gold_gain":0,"player_choice":"Writhe","damage_taken":0,"max_hp_gain":0,"max_hp_loss":0,"event_name":"Winding Halls","floor":44,"gold_loss":0,"cards_obtained":["Writhe"]}],"is_beta":false,"boss_relics":[{"not_picked":["infinitespire:Burning Sword","Black Star"],"picked":"Mark of Pain"},{"not_picked":["Runic Pyramid","Coffee Dripper"],"picked":"Black Blood"}],"items_purged_floors":[2,11,20,24,27],"is_endless":false,"potions_floor_spawned":[1,4,13,18,28,31,38,39,45],"killed_by":"Donu and Deca","ascension_level":6}}