{"host":"b1k9tvirjqaexfiq","time":1614050872,"event":{"mods":["AchievementEnabler","BaseMod","Bestiary","Better Third Choice","BetterRewards","Bossed Relics","CapriCore","Colored Powertips","Conspire","Curses Come First","Energized Spire","Highlight Path","Hubris","Infinite Spire","Marked Mod","Minty Spire (QoL Compilation)","Permanent Neow","Quick Restart","Rare Cards Sparkle","Reliquary","Shop Mod","StSLib","The Animator","Together in Spire","Waifu the Spire","??????REMEMod"],"gold_per_floor":[119,129,304,321,340,371,371,371,395,414,442,442,473,489,489,584,584,598,598,445,445,457,457,471,483,507,507,520,531,551,571,571,666,666,680,680,694,712,1062,1062,1088,1100,1100,1113,1138,1157,1176,1176,1176,1176,1176,1176,1176,1202,1202],"floor_reached":56,"language":"ENG","playtime":3294,"items_purged":[],"score":1831,"play_id":"9edb8fdd-a327-492f-b8c4-982f2cdc7097","local_time":"20210222212752","is_ascension_mode":true,"campfire_choices":[{"data":"Accuracy","floor":8,"key":"SMITH"},{"floor":12,"key":"REST"},{"data":"REME_LeechingPoison","floor":15,"key":"SMITH"},{"data":"REME_LeechingPoison","floor":23,"key":"SMITH"},{"floor":27,"key":"RECALL"},{"floor":32,"key":"REST"},{"floor":40,"key":"REST"},{"floor":49,"key":"REST"},{"data":"Shiv","floor":52,"key":"SMITH"}],"circlet_count":1,"master_deck":["Shiv+1","Shiv+1","Shiv","Shiv","Shiv","Shiv","Shiv","Shiv","Shiv","Shiv","Shiv","Shiv","Shiv","Shiv","Shiv","Shiv","Shiv","Shiv","Shiv","Shiv","Shiv","Shiv","Shiv","Shiv","Shiv","Shiv","Shiv","Shiv","Shiv","Shiv","Shiv","Shiv","Shiv","Shiv","Shiv","Shiv","Shiv","Shiv","Shiv","Shiv","Shiv","Shiv","Shiv","Shiv","Shiv","Shiv","Shiv","Accuracy+1","Accuracy","Accuracy","Accuracy","Accuracy","Accuracy","Accuracy","Accuracy","Accuracy","Accuracy","Slice+1","Backflip","Backflip","Backflip","Backflip","Backflip","Backflip","Backflip","Backflip","Backflip","Backflip","Backflip","Backflip","Backflip","Backflip","Backflip","Backflip","Backflip","Backflip","Backflip","Backflip","REME_LeechingPoison+1","REME_LeechingPoison","REME_LeechingPoison+1","REME_Scribble","REME_Scribble","REME_Scribble","REME_Scribble","REME_Scribble","REME_Scribble","REME_Scribble","REME_Scribble","REME_Scribble","REME_Scribble","REME_Cut","REME_Cut","REME_Cut","REME_Cut","REME_Cut","REME_Cut","REME_Cut","REME_Cut","REME_Cut","REME_Cut","conspire:PoisonWeapons+1"],"relics":["Ring of the Snake","REME_ComplimentaryCards","Circlet","Philosopher\u0027s Stone","Philosopher\u0027s Stone","Pen Nib","REME_PuzzleBoxRelic","Shuriken","Shuriken","reliquary:SilkGlove","Singing Bowl","Kunai","Kunai","Sozu","infinitespire:Lucky Rock","hubris:BlackHole","PreservedInsect","Old Coin","Blue Candle","infinitespire:ShieldingShard","Unceasing Top","Happy Flower","hubris:ToyBattleship"],"acts_visited":["Exordium","TheCity","TheBeyond","TheEnding"],"potions_floor_usage":[],"damage_taken":[{"damage":0.0,"enemies":"2 Louse","floor":1.0,"turns":4.0},{"damage":0.0,"enemies":"Cultist","floor":2.0,"turns":2.0},{"damage":2.0,"enemies":"Small Slimes","floor":4.0,"turns":2.0},{"damage":15.0,"enemies":"Exordium Thugs","floor":5.0,"turns":3.0},{"damage":26.0,"enemies":"3 Sentries","floor":6.0,"turns":4.0},{"damage":0,"enemies":"Blue Slaver","floor":10,"turns":1},{"damage":0,"enemies":"Lagavulin","floor":11,"turns":1},{"damage":0,"enemies":"3 Sentries","floor":13,"turns":2},{"damage":0,"enemies":"Large Slime","floor":14,"turns":2},{"damage":10,"enemies":"Slime Boss","floor":16,"turns":3},{"damage":2,"enemies":"3 Byrds","floor":18,"turns":2},{"damage":6,"enemies":"Chosen","floor":22,"turns":3},{"damage":4,"enemies":"Sentry and Sphere","floor":24,"turns":2},{"damage":5,"enemies":"3 Cultists","floor":25,"turns":4},{"damage":17,"enemies":"Centurion and Healer","floor":28,"turns":3},{"damage":28,"enemies":"Snake Plant","floor":29,"turns":3},{"damage":10,"enemies":"Snecko","floor":30,"turns":3},{"damage":4,"enemies":"3 Cultists","floor":31,"turns":2},{"damage":30,"enemies":"Champ","floor":33,"turns":4},{"damage":8,"enemies":"3 Shapes","floor":35,"turns":2},{"damage":11,"enemies":"Orb Walker","floor":37,"turns":2},{"damage":14,"enemies":"Writhing Mass","floor":38,"turns":2},{"damage":58,"enemies":"Mind Bloom Boss Battle","floor":39,"turns":3},{"damage":3,"enemies":"Giant Head","floor":41,"turns":3},{"damage":8,"enemies":"Sphere and 2 Shapes","floor":42,"turns":2},{"damage":21,"enemies":"Maw","floor":44,"turns":3},{"damage":3,"enemies":"Reptomancer","floor":45,"turns":1},{"damage":13,"enemies":"3 Darklings","floor":46,"turns":2},{"damage":6,"enemies":"Sphere and 2 Shapes","floor":47,"turns":2},{"damage":5,"enemies":"hubris:GrandSnecko","floor":50,"turns":1},{"damage":2,"enemies":"Shield and Spear","floor":54,"turns":1},{"damage":267,"enemies":"The Heart","floor":55,"turns":3}],"seed_played":"2851108525480864310","potions_obtained":[{"floor":4.0,"key":"SmokeBomb"},{"floor":5.0,"key":"Weak Potion"},{"floor":10,"key":"Energy Potion"}],"is_trial":false,"path_per_floor":["M","M","?","M","M","E","?","R","T","M","E","R","E","M","R","B",null,"M","?","$","?","M","R","M","M","T","R","M","M","M","M","R","B",null,"M","?","M","M","?","R","E","M","T","M","E","M","M","?","R","B",null,"R","$","E","B",null],"character_chosen":"THE_SILENT","items_purchased":["infinitespire:Lucky Rock"],"campfire_rested":4,"item_purchase_floors":[20],"current_hp_per_floor":[70,70,70,68,53,27,27,27,27,27,27,48,10,12,12,24,24,26,26,26,26,36,36,38,41,41,41,48,30,30,32,54,50,98,108,108,107,97,88,127,138,148,148,135,140,165,169,169,182,186,190,190,190,196,83],"gold":1202,"neow_bonus":"THREE_CARDS","is_daily":false,"chose_seed":false,"campfire_upgraded":4,"win_rate":0.0,"timestamp":1614050872,"path_taken":["M","M","?","M","M","E","?","R","T","M","E","R","E","M","R","BOSS","M","?","?","?","?","R","M","M","T","R","M","M","M","M","R","BOSS","M","?","?","M","?","R","E","M","T","M","E","M","M","?","R","BOSS","R","$","E","BOSS"],"items_purchased_type":["Relic"],"build_version":"2020-12-22","purchased_purges":0,"victory":true,"max_hp_per_floor":[70,70,70,70,70,70,70,70,70,70,70,70,10,12,12,24,24,28,28,28,28,36,36,42,46,46,46,54,64,70,76,76,98,98,108,108,118,122,130,130,138,148,148,156,164,172,182,182,182,190,190,190,190,198,282],"card_choices":[{"not_picked":["Sucker Punch","Tactician"],"picked":"Poisoned Stab","floor":0.0},{"not_picked":["Distraction","Leg Sweep","Backflip"],"picked":"SKIP","floor":1.0},{"not_picked":["Dagger Throw","Riddle With Holes"],"picked":"Deadly Poison","floor":2.0},{"not_picked":["PiercingWail","Masterful Stab"],"picked":"Prepared","floor":4.0},{"not_picked":["All Out Attack","Bouncing Flask"],"picked":"Blade Dance","floor":5.0},{"not_picked":["Deadly Poison","Leg Sweep"],"picked":"Slice","floor":6},{"not_picked":["Footwork","Backflip","Deflect"],"picked":"SKIP","floor":10},{"not_picked":["Dagger Throw","Bullet Time","hubris:Counter"],"picked":"SKIP","floor":11},{"not_picked":["Backflip","Prepared","REME_ShadowForm"],"picked":"SKIP","floor":13},{"not_picked":["Quick Slash","Dagger Spray","Dagger Throw"],"picked":"Singing Bowl","floor":14},{"not_picked":["REME_LeechingPoison","infinitespire:Neurotoxin","Tools of the Trade"],"picked":"Singing Bowl","floor":16},{"not_picked":["Dodge and Roll","Flechettes","REME_GreenPollution"],"picked":"Singing Bowl","floor":18},{"not_picked":["Choke","Prepared+1","Underhanded Strike+1"],"picked":"Singing Bowl","floor":22},{"not_picked":["Flechettes","Prepared","Underhanded Strike"],"picked":"Singing Bowl","floor":24},{"not_picked":["Flying Knee","Footwork","Infinite Blades"],"picked":"Singing Bowl","floor":25},{"not_picked":["Flying Knee","Bane","Masterful Stab+1"],"picked":"Singing Bowl","floor":28},{"not_picked":["Bane+1","Deflect","Expertise"],"picked":"Singing Bowl","floor":29},{"not_picked":["Dagger Throw","Dagger Spray","Bane"],"picked":"Singing Bowl","floor":30},{"not_picked":["Riddle With Holes+1","Dagger Spray","PiercingWail"],"picked":"Singing Bowl","floor":31},{"not_picked":["Envenom","Wraith Form v2","Burst"],"picked":"Singing Bowl","floor":33},{"not_picked":["Cloak And Dagger","Finisher+1","Sucker Punch+1"],"picked":"Singing Bowl","floor":35},{"not_picked":["Dagger Spray","Quick Slash","Outmaneuver+1"],"picked":"Singing Bowl","floor":37},{"not_picked":["Bane","Deadly Poison+1","Dash+1"],"picked":"Singing Bowl","floor":38},{"not_picked":["Leg Sweep+1","Choke","Dash+1"],"picked":"Singing Bowl","floor":39},{"not_picked":["Slice","Dagger Throw","After Image"],"picked":"Singing Bowl","floor":41},{"not_picked":["Predator","Poisoned Stab+1","Leg Sweep"],"picked":"Singing Bowl","floor":42},{"not_picked":["Calculated Gamble+1","Outmaneuver","hubris:SlightOfHand"],"picked":"Singing Bowl","floor":44},{"not_picked":["Dagger Throw","Acrobatics","Flying Knee+1"],"picked":"Singing Bowl","floor":45},{"not_picked":["Dagger Spray","Prepared+1","Deadly Poison"],"picked":"Singing Bowl","floor":46},{"not_picked":["REME_GreenPollution+1","Quick Slash+1","Backflip"],"picked":"Singing Bowl","floor":47},{"not_picked":["Bane","PiercingWail+1"],"picked":"conspire:PoisonWeapons+1","floor":54}],"player_experience":78562,"relics_obtained":[{"floor":6,"key":"Pen Nib"},{"floor":9,"key":"REME_PuzzleBoxRelic"},{"floor":11,"key":"reliquary:SilkGlove"},{"floor":13,"key":"Singing Bowl"},{"floor":36,"key":"PreservedInsect"},{"floor":39,"key":"Old Coin"},{"floor":41,"key":"Blue Candle"},{"floor":43,"key":"infinitespire:ShieldingShard"},{"floor":45,"key":"Happy Flower"},{"floor":54,"key":"hubris:ToyBattleship"}],"event_choices":[{"damage_healed":0.0,"max_hp_gain":0.0,"max_hp_loss":0.0,"gold_gain":175.0,"event_name":"betterThird:BetterSerpent","player_choice":"AGREE","floor":3.0,"gold_loss":0.0,"damage_taken":129.0},{"damage_healed":0,"gold_gain":0,"player_choice":"Ignored","damage_taken":0,"max_hp_gain":0,"max_hp_loss":0,"event_name":"WeMeetAgain","floor":19,"gold_loss":0},{"damage_healed":0,"gold_gain":0,"player_choice":"Bought 0 Potions","damage_taken":0,"max_hp_gain":0,"max_hp_loss":0,"event_name":"The Woman in Blue","floor":21,"gold_loss":0},{"damage_healed":0,"gold_gain":0,"player_choice":"Relic","damage_taken":0,"max_hp_gain":0,"max_hp_loss":0,"event_name":"Wheel of Change","floor":36,"gold_loss":0},{"damage_healed":0,"gold_gain":0,"player_choice":"Fight","damage_taken":0,"max_hp_gain":0,"max_hp_loss":0,"event_name":"MindBloom","floor":39,"gold_loss":0},{"damage_healed":0,"gold_gain":0,"player_choice":"Upgraded","damage_taken":0,"max_hp_gain":0,"max_hp_loss":0,"event_name":"Upgrade Shrine","floor":48,"gold_loss":0,"cards_upgraded":["Shiv"]}],"is_beta":false,"boss_relics":[{"not_picked":["reliquary:RustamsPendant","Runic Dome"],"picked":"Sozu"},{"not_picked":["reliquary:RedCape","energizedSpire:RedRose"],"picked":"hubris:BlackHole"}],"items_purged_floors":[],"is_endless":false,"potions_floor_spawned":[4,5,10,13,16,22,24,25,30,37,39,42,44,45,46,47],"ascension_level":2}}