{"host":"1w49m7d9l6qfkfhx","time":1614056848,"event":{"mods":["BaseMod","Conspire","Duelist Mod","GifTheSpireLib","Hermit","Minty Spire (QoL Compilation)","Replay The Spire","StSLib","The Construct","The Cursed","The Disciple","The Servant 0.9.4","egg"],"gold_per_floor":[137,187,197,209,175,175,175],"floor_reached":6,"language":"ENG","playtime":307,"items_purged":[],"score":36,"play_id":"681b427d-b5ee-4148-acaa-f1559248a4fa","local_time":"20210223000728","is_ascension_mode":false,"campfire_choices":[],"circlet_count":0,"master_deck":["theDuelist:BeaverWarrior","theDuelist:BeaverWarrior","theDuelist:CastleWalls","theDuelist:CastleWalls","theDuelist:FinalFlame","theDuelist:GiantSoldier","theDuelist:GiantSoldier","theDuelist:ScrapFactory","theDuelist:Sparks","theDuelist:Sparks","theDuelist:Electrowhip","theDuelist:SpiralSpearStrike+1","theDuelist:Mudora","theDuelist:PotGreed","theDuelist:FairyBox","theDuelist:DarkFactory"],"relics":["theDuelist:MillenniumPuzzle","theDuelist:CardPoolRelic","theDuelist:CardPoolBasicRelic","theDuelist:BoosterPackPoolRelic","theDuelist:CardPoolAddRelic","theDuelist:CardPoolMinusRelic","theDuelist:CardPoolSaveRelic","theDuelist:CardPoolOptionsRelic","NeowsBlessing","conspire:Dentures"],"acts_visited":["Exordium"],"potions_floor_usage":[],"damage_taken":[{"damage":0,"enemies":"conspire:RoseBush","floor":1,"turns":1},{"damage":0,"enemies":"Small Slimes","floor":3,"turns":1},{"damage":0,"enemies":"Cultist","floor":4,"turns":1},{"damage":9,"enemies":"3 Sentries","floor":6,"turns":2}],"seed_played":"-5031011066859565351","potions_obtained":[{"floor":1,"key":"theDuelist:FireBottle"},{"floor":3,"key":"ColorlessPotion"}],"is_trial":false,"path_per_floor":["M","?","M","M","$","E"],"character_chosen":"THE_DUELIST","items_purchased":["theDuelist:DarkFactory"],"campfire_rested":0,"item_purchase_floors":[5],"current_hp_per_floor":[80,60,60,60,60,51,51],"gold":175,"neow_bonus":"THREE_ENEMY_KILL","is_daily":false,"chose_seed":false,"campfire_upgraded":0,"win_rate":0.0,"timestamp":1614056848,"path_taken":["M","?","?","M","?","E"],"items_purchased_type":["Card"],"build_version":"2020-12-22","purchased_purges":0,"victory":false,"max_hp_per_floor":[80,80,80,80,80,80,80],"card_choices":[{"not_picked":["theDuelist:GravityAxe","theDuelist:ElectromagneticShield","theDuelist:MiraculousDescent"],"picked":"theDuelist:Electrowhip","floor":1},{"not_picked":["theDuelist:Wiretap","theDuelist:Hinotama+1","theDuelist:BerserkerCrush+1","theDuelist:AncientGearFist+1"],"picked":"theDuelist:SpiralSpearStrike+1","floor":2},{"not_picked":["theDuelist:MudragonSwamp","theDuelist:DarkCreator","theDuelist:RedMedicine","theDuelist:HarpieFeather"],"picked":"theDuelist:Mudora","floor":2},{"not_picked":["theDuelist:WingedKuriboh","theDuelist:Kuriboh","theDuelist:WormApocalypse","theDuelist:RedMedicine"],"picked":"theDuelist:PotGreed","floor":3},{"not_picked":["theDuelist:CombinationAttack","theDuelist:Tuningware","theDuelist:PowerWall","theDuelist:AssaultArmor"],"picked":"theDuelist:FairyBox","floor":4}],"player_experience":394616,"relics_obtained":[{"floor":2,"key":"conspire:Dentures"}],"event_choices":[],"is_beta":false,"boss_relics":[],"items_purged_floors":[],"is_endless":false,"potions_floor_spawned":[1,3],"killed_by":"3 Sentries","ascension_level":0}}