{"host":"fuszjwm6fqgjjp4d","time":1614115059,"event":{"mods":["BaseMod","Colored Map","Minty Spire (QoL Compilation)","Permanent Neow","Relic Sorter","Relic Stats","StSLib"],"gold_per_floor":[19,19,19,169,220,220,238,43,43,66,137,137,10,10,10],"floor_reached":14,"language":"ENG","playtime":218,"items_purged":["Doubt"],"score":152,"play_id":"12bd6716-eef2-4d9c-8216-f85c04bdb50f","local_time":"20210223151739","is_ascension_mode":true,"campfire_choices":[{"data":"Zap","floor":6.0,"key":"SMITH"}],"circlet_count":0,"master_deck":["AscendersBane","Strike_B","Strike_B","Defend_B","Defend_B","Defend_B","Defend_B","Zap+1","Dualcast","Consume","Sweeping Beam","Compile Driver","Conserve Battery","Loop+1","Lockon","Lockon","Capacitor","Leap"],"relics":["Cracked Core","Golden Idol","Shuriken","Orichalcum","Meat on the Bone","Juzu Bracelet"],"acts_visited":["Exordium"],"potions_floor_usage":[14],"damage_taken":[{"damage":11.0,"enemies":"Jaw Worm","floor":1.0,"turns":5.0},{"damage":4.0,"enemies":"Small Slimes","floor":7.0,"turns":3.0},{"damage":8.0,"enemies":"2 Louse","floor":10.0,"turns":3.0},{"damage":25.0,"enemies":"Lagavulin Event","floor":11.0,"turns":5.0},{"damage":28,"enemies":"Gremlin Nob","floor":14,"turns":3}],"seed_played":"-1229168482402752558","potions_obtained":[{"floor":11.0,"key":"LiquidBronze"}],"is_trial":false,"path_per_floor":["M","?","T","?","T","R","M","$","T","M","?","?","$","E"],"character_chosen":"DEFECT","items_purchased":["Loop","Lockon","Capacitor","Leap"],"campfire_rested":0,"item_purchase_floors":[8,8,13,13],"current_hp_per_floor":[53,53,53,53,53,53,49,49,49,41,28,28,28,0,0],"gold":10,"neow_bonus":"TRANSFORM_TWO_CARDS","is_daily":false,"chose_seed":false,"campfire_upgraded":1,"win_rate":0.0,"timestamp":1614115059,"path_taken":["M","?","?","?","?","R","M","$","T","?","?","?","?","E"],"items_purchased_type":["Card","Card","Card","Card"],"build_version":"2020-12-22","purchased_purges":1,"victory":false,"max_hp_per_floor":[71,64,64,64,64,64,64,64,64,64,64,64,64,64,64],"relic_stats":{"counters":[5,18],"Golden Idol":30,"Shuriken":[1],"Juzu Bracelet":0,"Orichalcum":[54],"obtain_stats":[{"Golden Idol":2,"Shuriken":3,"Juzu Bracelet":11,"Orichalcum":5,"Cracked Core":0,"Meat on the Bone":9},{"Golden Idol":1,"Shuriken":1,"Juzu Bracelet":4,"Orichalcum":1,"Cracked Core":0,"Meat on the Bone":2},{"Golden Idol":5,"Shuriken":5,"Juzu Bracelet":15,"Orichalcum":5,"Cracked Core":0,"Meat on the Bone":8}],"Meat on the Bone":12},"card_choices":[{"not_picked":["Streamline","Sunder"],"picked":"Compile Driver","floor":1.0},{"not_picked":["Double Energy","Blizzard"],"picked":"Conserve Battery","floor":7.0},{"not_picked":["Auto Shields","Conserve Battery","Beam Cell"],"picked":"SKIP","floor":10.0},{"not_picked":["FTL","Scrape"],"picked":"Lockon","floor":11.0}],"player_experience":1520817,"relics_obtained":[{"floor":3.0,"key":"Shuriken"},{"floor":5.0,"key":"Orichalcum"},{"floor":9.0,"key":"Meat on the Bone"},{"floor":11.0,"key":"Juzu Bracelet"}],"event_choices":[{"damage_healed":0.0,"max_hp_gain":0.0,"max_hp_loss":7.0,"gold_gain":0.0,"event_name":"Golden Idol","player_choice":"Lose Max HP","floor":2.0,"gold_loss":0.0,"damage_taken":0.0,"relics_obtained":["Golden Idol"]},{"damage_healed":0.0,"max_hp_gain":0.0,"max_hp_loss":0.0,"gold_gain":150.0,"event_name":"Liars Game","player_choice":"AGREE","floor":4.0,"gold_loss":0.0,"damage_taken":0.0,"cards_obtained":["Doubt"]},{"damage_healed":0.0,"max_hp_gain":0.0,"max_hp_loss":0.0,"gold_gain":0.0,"event_name":"Dead Adventurer","player_choice":"Searched \u00271\u0027 times","floor":11.0,"gold_loss":0.0,"damage_taken":0.0},{"damage_healed":0,"gold_gain":0,"player_choice":"Grow","damage_taken":0,"max_hp_gain":0,"max_hp_loss":0,"event_name":"Living Wall","floor":12,"gold_loss":0,"cards_upgraded":["Loop"]}],"is_beta":false,"boss_relics":[],"items_purged_floors":[8],"is_endless":false,"potions_floor_spawned":[11],"killed_by":"Gremlin Nob","ascension_level":20}}