{"host":"0kk91h4bq4kgfj0u","time":1614058474,"event":{"mods":["BaseMod","Bestiary","Block Reminder","Colored Map","Colored Powertips","Curses Come First","Highlight Path","Minty Spire (QoL Compilation)","Relic Stats","StSLib"],"gold_per_floor":[111,111,131,142,152,152,178,178,231,231,264,277,293,42,42,139,139,151,168,168,181,30,40,40,40,40,60,60,70,70,70],"floor_reached":30,"language":"ENG","playtime":917,"items_purged":["Strike_R"],"score":244,"play_id":"bf0bf10e-dbba-40e9-a795-851455dffecf","local_time":"20210223003434","is_ascension_mode":false,"campfire_choices":[{"floor":6,"key":"RECALL"},{"data":"Rampage","floor":8,"key":"SMITH"},{"floor":10,"key":"REST"},{"floor":15,"key":"REST"},{"floor":25,"key":"REST"},{"floor":28,"key":"REST"}],"circlet_count":0,"master_deck":["Strike_R","Strike_R","Strike_R","Defend_R","Defend_R","Defend_R","Defend_R","Bash+1","Uppercut+1","Shrug It Off","Rampage+1","Clothesline+1","Wild Strike","Bloodletting","Pommel Strike","Apotheosis","Berserk","Dropkick","Cleave","Flex+1","Impervious"],"relics":["Burning Blood","Blue Candle","Regal Pillow","Black Star","Pantograph","Akabeko","Nloth\u0027s Gift"],"acts_visited":["Exordium","TheCity"],"potions_floor_usage":[16,21,23],"damage_taken":[{"damage":6,"enemies":"2 Louse","floor":1,"turns":3},{"damage":8,"enemies":"Cultist","floor":3,"turns":4},{"damage":0,"enemies":"Small Slimes","floor":4,"turns":3},{"damage":6,"enemies":"Red Slaver","floor":5,"turns":3},{"damage":40,"enemies":"Lagavulin","floor":7,"turns":8},{"damage":41,"enemies":"3 Sentries","floor":11,"turns":10},{"damage":9,"enemies":"Blue Slaver","floor":12,"turns":3},{"damage":7,"enemies":"3 Louse","floor":13,"turns":3},{"damage":36,"enemies":"The Guardian","floor":16,"turns":12},{"damage":25,"enemies":"Spheric Guardian","floor":18,"turns":5},{"damage":14,"enemies":"Chosen","floor":19,"turns":6},{"damage":48,"enemies":"Snake Plant","floor":21,"turns":6},{"damage":9,"enemies":"Snecko","floor":23,"turns":4},{"damage":37,"enemies":"3 Cultists","floor":27,"turns":6},{"damage":46,"enemies":"Shelled Parasite and Fungi","floor":29,"turns":5},{"damage":20,"enemies":"Centurion and Healer","floor":30,"turns":1}],"seed_played":"4926179751769210608","potions_obtained":[{"floor":1,"key":"FearPotion"},{"floor":3,"key":"SpeedPotion"},{"floor":5,"key":"LiquidMemories"},{"floor":7,"key":"ColorlessPotion"},{"floor":18,"key":"Fire Potion"},{"floor":19,"key":"SkillPotion"},{"floor":29,"key":"LiquidMemories"}],"is_trial":false,"path_per_floor":["M","?","M","M","M","R","E","R","T","R","E","M","M","$","R","B",null,"M","M","?","M","$","M","?","R","T","M","R","M","M"],"character_chosen":"IRONCLAD","items_purchased":["Apotheosis","Akabeko"],"campfire_rested":4,"item_purchase_floors":[14,22],"current_hp_per_floor":[80,80,78,80,80,80,46,46,46,70,35,32,31,31,70,40,80,61,53,53,11,11,8,8,47,47,16,55,15,0,0],"gold":70,"neow_bonus":"UPGRADE_CARD","is_daily":false,"chose_seed":false,"campfire_upgraded":1,"win_rate":0.0,"timestamp":1614058474,"path_taken":["M","?","M","M","M","R","E","R","T","R","E","M","?","$","R","BOSS","M","M","?","?","$","M","?","R","T","M","R","?","M"],"items_purchased_type":["Card","Relic"],"build_version":"2020-12-22","purchased_purges":1,"victory":false,"max_hp_per_floor":[80,80,80,80,80,80,80,80,80,80,80,80,80,80,80,80,80,80,80,80,80,80,80,80,80,80,80,80,80,80,80],"relic_stats":{"Regal Pillow":45,"counters":[16,82],"Blue Candle":[0],"Pantograph":0,"Black Star":0,"Nloth\u0027s Gift":0,"obtain_stats":[{"Regal Pillow":11,"Blue Candle":7,"Pantograph":20,"Black Star":17,"Nloth\u0027s Gift":24,"Whetstone":9,"Burning Blood":0,"Akabeko":22},{"Regal Pillow":6,"Blue Candle":5,"Pantograph":11,"Black Star":9,"Nloth\u0027s Gift":13,"Whetstone":5,"Burning Blood":0,"Akabeko":12},{"Regal Pillow":31,"Blue Candle":21,"Pantograph":60,"Black Star":49,"Nloth\u0027s Gift":70,"Whetstone":21,"Burning Blood":0,"Akabeko":66}],"Burning Blood":86},"card_choices":[{"not_picked":["Bloodletting","Combust"],"picked":"Uppercut","floor":1},{"not_picked":["Warcry","Havoc"],"picked":"Shrug It Off","floor":3},{"not_picked":["Evolve","Perfected Strike","Combust"],"picked":"SKIP","floor":4},{"not_picked":["Clothesline","Sword Boomerang"],"picked":"Rampage","floor":5},{"not_picked":["Dark Embrace","Blood for Blood"],"picked":"Clothesline","floor":7},{"not_picked":["Iron Wave","Rupture"],"picked":"Wild Strike","floor":11},{"not_picked":["Clothesline","Twin Strike"],"picked":"Bloodletting","floor":12},{"not_picked":["Combust","Sword Boomerang"],"picked":"Pommel Strike","floor":13},{"not_picked":["Brutality","Barricade"],"picked":"Berserk","floor":16},{"not_picked":["True Grit+1","Sword Boomerang"],"picked":"Dropkick","floor":18},{"not_picked":["Second Wind","Clothesline"],"picked":"Cleave","floor":19},{"not_picked":["Twin Strike","Cleave","Clothesline"],"picked":"SKIP","floor":21},{"not_picked":["Twin Strike","Clothesline","Perfected Strike+1"],"picked":"SKIP","floor":23},{"not_picked":["Intimidate","Body Slam"],"picked":"Flex+1","floor":27},{"not_picked":["True Grit","Armaments+1"],"picked":"Impervious","floor":29}],"player_experience":911616,"relics_obtained":[{"floor":7,"key":"Blue Candle"},{"floor":9,"key":"Whetstone"},{"floor":11,"key":"Regal Pillow"}],"event_choices":[{"cards_removed":["Strike_R"],"damage_healed":0,"gold_gain":0,"player_choice":"Purged","damage_taken":0,"max_hp_gain":0,"max_hp_loss":0,"event_name":"Purifier","floor":2,"gold_loss":0},{"damage_healed":0,"gold_gain":0,"player_choice":"Gave Potion","damage_taken":0,"relics_obtained":["Pantograph"],"max_hp_gain":0,"max_hp_loss":0,"event_name":"WeMeetAgain","floor":20,"gold_loss":0},{"damage_healed":0,"gold_gain":0,"player_choice":"Traded Relic","damage_taken":0,"relics_obtained":["Nloth\u0027s Gift"],"max_hp_gain":0,"max_hp_loss":0,"event_name":"N\u0027loth","floor":24,"relics_lost":["Whetstone"],"gold_loss":0}],"is_beta":false,"boss_relics":[{"not_picked":["Runic Cube","Tiny House"],"picked":"Black Star"}],"items_purged_floors":[14],"is_endless":false,"potions_floor_spawned":[1,3,5,7,12,18,19,29],"killed_by":"Centurion and Healer","ascension_level":0}}