{"host":"d73an99q9oevilk5","time":1614059197,"event":{"mods":["2.2 Compatiblity","AchievementEnabler","Act Like it!","Aspiration","BaseMod","Beaked The Cultist","Better Third Choice","BetterRewards","Colored Map","Colored Powertips","Conspire","Downfall","GifTheSpireLib","Halation","Hubris","Infinite Spire","Marisa????????","Mimic Mod","Minty Spire (QoL Compilation)","MostiFishMod","Quick Restart","Relic Sorter","Reliquary","Replay The Spire","Shop Mod","Spikes Relics","StSLib","Stuff the Spire","The Cursed","The Jungle","The Necromancer","The Saiyan","Waifu the Spire","egg","slay the spire mod where everything is the same but ironclad has a cowboy hat"],"gold_per_floor":[114,114,131,145,156,185,150,150,150,180,180,197,197,60,60,160,210,228,228,210,210,225,225,251,251,285,311,324,324,324,324,336,355,355,457,457,472,472,472,472,16,16,16,36,36,52,69,103,103,116,116,117],"floor_reached":53,"language":"ENG","playtime":1873,"items_purged":[],"score":1037,"play_id":"73d0533f-972f-45db-b6c2-3071da92d9fc","local_time":"20210222224636","is_ascension_mode":false,"campfire_choices":[{"data":"Noxious Fumes","floor":8.0,"key":"SMITH"},{"data":"Noxious Fumes","floor":13.0,"key":"SMITH"},{"data":"Caltrops","floor":15.0,"key":"SMITH"},{"data":"infinitespire:Neurotoxin","floor":23.0,"key":"SMITH"},{"data":"Deadly Poison","floor":25.0,"key":"SMITH"},{"floor":31.0,"key":"REST"},{"floor":34.0,"key":"REST"},{"floor":42.0,"key":"REST"},{"data":"Blur","floor":51,"key":"SMITH"}],"circlet_count":0,"master_deck":["Defend_G","Defend_G","Defend_G","Defend_G","Defend_G","Survivor","Neutralize+1","Noxious Fumes+1","Caltrops+1","Noxious Fumes+1","Dodge and Roll","Burst","Deadly Poison+1","Noxious Fumes+1","Leg Sweep","Flying Knee","Malaise","infinitespire:Neurotoxin+1","Bite","Bite","Bite","Bite","Bite","Blur+1","Leg Sweep","MostiFishMod:PerfectParry","MostiFishMod:SpreadingSpore","Catalyst","MostiFishMod:KingOfFree","Madness","Deadly Poison","Leg Sweep+1"],"relics":["Ring of the Snake","ThornShield","StuffTheSpire:NeowsTribute","DaveBox","The Courier","conspire:Dentures","reliquary:Buckler","infinitespire:Golems Mask","SynthV:TestCard","reliquary:RoseTintedGlasses","Gremlin Horn","Tiny House","MiniBlackHole","Dead Branch","StuffTheSpire:Barrel","NightmareShop","hubris:Towel","halation:KoshaPiece","Vampiric Spirits","halation:PeacePiece","infinitespire:Satchel","infinitespire:WardingShard","Replay:Accelerometer"],"acts_visited":["Exordium","TheCity","TheBeyond"],"potions_floor_usage":[48,52,52],"damage_taken":[{"damage":0.0,"enemies":"2 Louse","floor":1.0,"turns":3.0},{"damage":2.0,"enemies":"Jaw Worm","floor":3.0,"turns":4.0},{"damage":0.0,"enemies":"Small Slimes","floor":4.0,"turns":3.0},{"damage":0.0,"enemies":"Blue Slaver","floor":5.0,"turns":4.0},{"damage":5.0,"enemies":"Replay:BlueRogue","floor":6.0,"turns":5.0},{"damage":1.0,"enemies":"3 Sentries","floor":10.0,"turns":4.0},{"damage":9.0,"enemies":"Looter","floor":12.0,"turns":3.0},{"damage":0.0,"enemies":"Hexaghost","floor":16.0,"turns":7.0},{"damage":2.0,"enemies":"Chosen","floor":18.0,"turns":6.0},{"damage":12.0,"enemies":"2 Thieves","floor":20.0,"turns":4.0},{"damage":12.0,"enemies":"Snecko","floor":22.0,"turns":6.0},{"damage":16.0,"enemies":"Book of Stabbing","floor":24.0,"turns":7.0},{"damage":16.0,"enemies":"Shelled Parasite and Fungi","floor":26.0,"turns":10.0},{"damage":44.0,"enemies":"Slavers","floor":27.0,"turns":4.0},{"damage":2.0,"enemies":"Shelled Parasite and Fungi","floor":28.0,"turns":4.0},{"damage":19.0,"enemies":"Cultist and Chosen","floor":32.0,"turns":5.0},{"damage":19.0,"enemies":"3 Cultists","floor":33.0,"turns":5.0},{"damage":27.0,"enemies":"Champ","floor":35.0,"turns":9.0},{"damage":49.0,"enemies":"3 Shapes","floor":37.0,"turns":5.0},{"damage":35.0,"enemies":"3 Darklings","floor":44.0,"turns":4.0},{"damage":0.0,"enemies":"Sphere and 2 Shapes","floor":46.0,"turns":4.0},{"damage":0,"enemies":"Maw","floor":47,"turns":4},{"damage":18,"enemies":"Reptomancer","floor":48,"turns":4},{"damage":4,"enemies":"Spire Growth","floor":50,"turns":4},{"damage":4,"enemies":"infinitespire:MassOfShapes","floor":52,"turns":7}],"seed_played":"-824250393216296640","potions_obtained":[{"floor":4.0,"key":"BlessingOfTheForge"},{"floor":5.0,"key":"Explosive Potion"},{"floor":6.0,"key":"Fire Potion"},{"floor":12.0,"key":"Reflective Coating"},{"floor":17.0,"key":"AntidotePotion"},{"floor":20.0,"key":"Reflective Coating"},{"floor":27.0,"key":"Swift Potion"},{"floor":32.0,"key":"SpeedPotion"},{"floor":33.0,"key":"Fire Potion"},{"floor":35.0,"key":"Cursed Concoction"},{"floor":37.0,"key":"Regen Potion"},{"floor":46.0,"key":"champ:CounterPotion"},{"floor":47,"key":"Toxic Potion"},{"floor":50,"key":"Swift Potion"}],"is_trial":false,"path_per_floor":["M","?","M","M","M","E","?","R","T","E","$","M","R","$","R","B",null,"M","?","M","?","M","R","E","R","MIM","E","M","PTL","PTL","R","M","M","R","B",null,"M","?","AVR","?","$","R","?","M","T","M","M","E","?","M","R","B",null],"character_chosen":"THE_SILENT","items_purchased":["conspire:Dentures","reliquary:Buckler","Noxious Fumes","Caltrops","Noxious Fumes","StuffTheSpire:NeowsTribute","Adrenaline Potion","Poison Potion","LifebloodPotion","Vampiric Spirits","halation:PeacePiece","infinitespire:Satchel"],"campfire_rested":3,"item_purchase_floors":[0,0,0,0,0,0,14,14,14,41,41,41],"current_hp_per_floor":[70,52,52,54,56,53,70,70,70,69,69,61,61,61,61,63,75,73,73,63,63,59,59,49,49,45,7,9,9,9,31,22,13,35,22,75,32,32,32,32,32,54,45,41,41,59,75,63,75,73,73,75],"gold":117,"neow_bonus":"","is_daily":false,"chose_seed":false,"campfire_upgraded":6,"win_rate":0.0,"timestamp":1614059196,"path_taken":["M","?","M","M","M","E","?","R","T","E","$","M","R","$","R","BOSS","M","?","M","?","M","R","E","R","MIM","E","M","PTL","PTL","R","M","M","R","BOSS","M","?","AVR","?","$","R","?","M","T","M","M","E","?","?","R","BOSS"],"items_purchased_type":["Relic","Relic","Card","Card","Card","Relic","Potion","Potion","Potion","Relic","Relic","Relic"],"build_version":"2020-12-22","purchased_purges":0,"victory":true,"max_hp_per_floor":[70,70,70,70,70,70,70,70,70,70,70,70,70,70,70,70,75,75,75,75,75,75,75,75,75,75,75,75,75,75,75,75,75,75,75,75,75,75,75,75,75,75,75,75,75,75,75,75,75,75,75,75],"card_choices":[{"not_picked":["Sucker Punch","StuffTheSpire:Python"],"picked":"Dodge and Roll","floor":1.0},{"not_picked":["Draining Mist","StuffTheSpire:BumpUp","StuffTheSpire:Injection","Dagger Throw"],"picked":"Burst","floor":3.0},{"not_picked":["PiercingWail","Catalyst","MostiFishMod:PerfectParry","StuffTheSpire:ClusterCrunch"],"picked":"Deadly Poison","floor":4.0},{"not_picked":["Finisher","StuffTheSpire:Injection","Quick Slash","Backflip"],"picked":"Noxious Fumes","floor":5.0},{"not_picked":["Backstab","Storm of Steel","MostiFishMod:ThornCasing","Bane"],"picked":"Leg Sweep","floor":6.0},{"not_picked":["ReplayTheSpireMod:Scrap Shanks","Concentrate","Slice","Prepared","Tools of the Trade"],"picked":"SKIP","floor":10.0},{"not_picked":["Blade Dance","Terror","Acrobatics","MostiFishMod:PerfectParry"],"picked":"Flying Knee","floor":12.0},{"not_picked":["Tools of the Trade","A Thousand Cuts","MostiFishMod:Neurotoxin","MostiFishMod:AdrenalineArouse"],"picked":"Malaise","floor":16.0},{"not_picked":["StuffTheSpire:ReptileScales+1","Caltrops+1","Sucker Punch","hubris:TrickCloak","Draining Mist"],"picked":"SKIP","floor":18.0},{"not_picked":["Heel Hook","hubris:SlightOfHand","Poisoned Stab","Dodge and Roll"],"picked":"infinitespire:Neurotoxin","floor":20.0},{"not_picked":["StuffTheSpire:DoubleShiv","Quick Slash+1","Sucker Punch","Hidden Blade","StuffTheSpire:Python+1"],"picked":"SKIP","floor":22.0},{"not_picked":["Grand Finale","Poisoned Stab","Skewer+1","PiercingWail","StuffTheSpire:ClusterCrunch"],"picked":"SKIP","floor":24.0},{"not_picked":["Bane+1","StuffTheSpire:ClusterCrunch","Accuracy+1","ShadowRift"],"picked":"Blur","floor":26.0},{"not_picked":["Distraction","All Out Attack+1","Venomology","Outmaneuver"],"picked":"Leg Sweep","floor":27.0},{"not_picked":["Crippling Poison","Quick Slash+1","Acrobatics","Skewer","Backflip"],"picked":"SKIP","floor":28.0},{"not_picked":["Poisoned Stab","Malaise","Riddle With Holes+1","MostiFishMod:ThornCasing"],"picked":"MostiFishMod:PerfectParry","floor":32.0},{"not_picked":["Blade Dance","hubris:SlightOfHand","Masterful Stab+1","Caltrops","PiercingWail"],"picked":"SKIP","floor":33.0},{"not_picked":["aspiration:Lunge","MostiFishMod:Opportunism","MostiFishMod:HiddenBlade","MostiFishMod:Wind"],"picked":"MostiFishMod:SpreadingSpore","floor":35.0},{"not_picked":["Deadly Poison+1","Flying Knee+1","Predator","Hidden Blade+1"],"picked":"Catalyst","floor":37.0},{"not_picked":["Secret Technique","HandOfGreed","StuffTheSpire:PlasmaPulse","Impatience"],"picked":"MostiFishMod:KingOfFree","floor":40.0},{"not_picked":["Quick Slash+1","Deflect","Backflip+1","PiercingWail+1","Atom Bomb"],"picked":"SKIP","floor":44.0},{"not_picked":["Dagger Spray+1","conspire:DoublingDagger+1","Dagger Throw","Concentrate+1"],"picked":"Deadly Poison","floor":46.0},{"not_picked":["StuffTheSpire:Injection","Dodge and Roll","Quick Slash","Riddle With Holes+1"],"picked":"Leg Sweep+1","floor":47},{"not_picked":["StuffTheSpire:BumpUp+1","Dodge and Roll+1","Blade Dance","Deflect+1","Dagger Spray"],"picked":"SKIP","floor":48},{"not_picked":["Leg Sweep+1","Finisher+1","Slice+1","StuffTheSpire:ReptileScales+1","Endless Agony"],"picked":"SKIP","floor":50}],"player_experience":1975156,"relics_obtained":[{"floor":1.0,"key":"SynthV:TestCard"},{"floor":6.0,"key":"reliquary:RoseTintedGlasses"},{"floor":9.0,"key":"ThornShield"},{"floor":10.0,"key":"Gremlin Horn"},{"floor":24.0,"key":"MiniBlackHole"},{"floor":26.0,"key":"Dead Branch"},{"floor":27.0,"key":"StuffTheSpire:Barrel"},{"floor":45.0,"key":"infinitespire:WardingShard"},{"floor":48,"key":"Replay:Accelerometer"}],"event_choices":[{"damage_healed":0.0,"max_hp_gain":0.0,"max_hp_loss":0.0,"gold_gain":0.0,"event_name":"betterThird:BetterScrap","player_choice":"Relic ","floor":2.0,"gold_loss":0.0,"damage_taken":18.0,"cards_obtained":["MostiFishMod:DoubleSword"]},{"damage_healed":17.0,"max_hp_gain":0.0,"max_hp_loss":0.0,"gold_gain":0.0,"event_name":"The Cleric","player_choice":"Healed","floor":7.0,"gold_loss":35.0,"damage_taken":0.0},{"damage_healed":0.0,"max_hp_gain":0.0,"max_hp_loss":0.0,"gold_gain":0.0,"event_name":"Vampires","player_choice":"Became a vampire (Vial)","floor":21.0,"relics_lost":["Blood Vial"],"gold_loss":0.0,"damage_taken":0.0,"cards_obtained":["Bite","Bite","Bite","Bite","Bite"]},{"damage_healed":0.0,"max_hp_gain":0.0,"max_hp_loss":0.0,"gold_gain":0.0,"event_name":"SensoryStone","player_choice":"Memory 1","floor":40.0,"gold_loss":0.0,"damage_taken":0.0},{"damage_healed":0.0,"max_hp_gain":0.0,"max_hp_loss":0.0,"gold_gain":0.0,"event_name":"Winding Halls","player_choice":"Embrace Madness","floor":43.0,"gold_loss":0.0,"damage_taken":9.0,"cards_obtained":["Madness","Madness"]},{"cards_removed":["Madness"],"damage_healed":12,"gold_gain":0,"player_choice":"Offered Uncommon","damage_taken":0,"max_hp_gain":0,"max_hp_loss":0,"event_name":"Bonfire Elementals","floor":49,"gold_loss":0}],"is_beta":false,"boss_relics":[{"not_picked":["Velvet Choker","aspiration:FutureDiary"],"picked":"Tiny House"},{"not_picked":["TimeKeys","hubris:Backtick"],"picked":"NightmareShop"}],"items_purged_floors":[],"is_endless":false,"potions_floor_spawned":[4,5,6,12,20,27,32,33,35,37,46,47,50],"ascension_level":0}}