{"host":"yam1wfjwvpwz1503","time":1614094924,"event":{"mods":["Act Like it!","Aspiration","Bard","BaseMod","Beaked The Cultist","Colored Powertips","Custom Start","Downfall","Friendly Minions","Hallownest","Hermit","Highlight Path","Hubris","Infinite Spire","Lobotomy","Minty Spire (QoL Compilation)","Quick Restart","Random Character Button","Replay The Spire","Shop Mod","StSLib","The Bug Knight","The Cursed","The Disciple","The Jungle","The Kombatant","The Runesmith"],"gold_per_floor":[99,117,132,145,160,179,179,9,9,9,25,125,125,143,163,263,263,263,280,292,308,308,308,331,116,116,20,20,20,20,53,80,192,204,216,246,258,290,302,395,407,430,475,499,511,523,545,568,580,580,580],"floor_reached":49,"language":"ENG","playtime":3739,"items_purged":["champ:FanOfKnives","infinitespire:Pacifist"],"score":481,"play_id":"9fc64b24-d519-4322-bfbc-c6f2f92fa27c","local_time":"20210223174204","is_ascension_mode":false,"campfire_choices":[{"data":"champ:Execute","floor":1.0,"key":"SMITH"},{"data":"champ:Taunt","floor":9.0,"key":"SMITH"},{"floor":13.0,"key":"REST"},{"data":"infinitespire:NeuralNetwork","floor":18.0,"key":"SMITH"},{"data":"champ:StrikeOfGenius","floor":23.0,"key":"SMITH"},{"floor":30.0,"key":"REST"},{"data":"champ:StanceDance","floor":35.0,"key":"SMITH"},{"data":"expansioncontent:GuardianWhirl","floor":41,"key":"SMITH"},{"floor":46,"key":"REST"}],"circlet_count":0,"master_deck":["champ:Strike","champ:Strike","champ:Strike","champ:Strike","champ:Defend","champ:Defend","champ:Defend","champ:Defend","champ:Execute+1","champ:Taunt+1","champ:EnGarde","champ:EnGarde","champ:SkillfulDodge","infinitespire:NeuralNetwork+1","champ:IronFortress","champ:Duel","champ:StrikeOfGenius+1","champ:TornadoPunch+1","champ:DeathBlow+1","champ:StanceDance+1","champ:IronFortress","champ:ArenaPreparation","champ:IronFortress","champ:DefensiveShout","champ:PerfectedStrike+1","expansioncontent:GuardianWhirl+1","champ:FalseCounter+1","champ:TornadoPunch+1","Parasite","champ:StanceDance+1","infinitespire:Fortify"],"relics":["champ:ChampionCrown","Anchor","Orichalcum","hubris:RunicObelisk","hubris:Towel","Bag of Marbles","aspiration:RitualStick","MawBank","Cursed Key","downfall:TeleportStone","Bottled Flame","Pantograph","aspiration:RandomNobGenerator"],"acts_visited":["Exordium","TheCity","TheBeyond"],"potions_floor_usage":[47,49,49],"damage_taken":[{"damage":11.0,"enemies":"Cultist","floor":2.0,"turns":3.0},{"damage":10.0,"enemies":"2 Louse","floor":3.0,"turns":2.0},{"damage":10.0,"enemies":"Small Slimes","floor":4.0,"turns":3.0},{"damage":17.0,"enemies":"2 Fungi Beasts","floor":5.0,"turns":5.0},{"damage":11.0,"enemies":"Exordium Wildlife","floor":6.0,"turns":3.0},{"damage":35.0,"enemies":"downfall:FleeingMerchant","floor":8.0,"turns":4.0},{"damage":15.0,"enemies":"downfall:LooterAlt","floor":11.0,"turns":5.0},{"damage":6.0,"enemies":"Blue Slaver","floor":14.0,"turns":4.0},{"damage":26.0,"enemies":"Large Slime","floor":15.0,"turns":9.0},{"damage":60.0,"enemies":"WA_ARCHETYPE_RETAIN","floor":16.0,"turns":12.0},{"damage":7.0,"enemies":"downfall:LooterAlt2","floor":19.0,"turns":5.0},{"damage":8.0,"enemies":"Spheric Guardian","floor":20.0,"turns":5.0},{"damage":48.0,"enemies":"3 Cultists","floor":21.0,"turns":5.0},{"damage":35.0,"enemies":"downfall:FleeingMerchant","floor":25.0,"turns":4.0},{"damage":15.0,"enemies":"downfall:FleeingMerchant","floor":27.0,"turns":4.0},{"damage":43.0,"enemies":"Nightmare","floor":31.0,"turns":7.0},{"damage":0.0,"enemies":"Snake Plant","floor":32.0,"turns":4.0},{"damage":40.0,"enemies":"IC_MUSHROOM_ARCHETYPE","floor":33.0,"turns":10.0},{"damage":18,"enemies":"3 Darklings","floor":36,"turns":5},{"damage":15,"enemies":"3 Shapes","floor":38,"turns":4},{"damage":30,"enemies":"Spire Growth","floor":42,"turns":5},{"damage":40,"enemies":"Nemesis","floor":43,"turns":7},{"damage":7,"enemies":"Writhing Mass","floor":44,"turns":4},{"damage":53,"enemies":"Jaw Worm Horde","floor":47,"turns":4},{"damage":15,"enemies":"Sphere and 2 Shapes","floor":48,"turns":3},{"damage":70,"enemies":"SI_POISON_ARCHETYPE","floor":49,"turns":5}],"seed_played":"7213996974270888520","potions_obtained":[{"floor":2.0,"key":"LifebloodPotion"},{"floor":4.0,"key":"Reflective Coating"},{"floor":14.0,"key":"champ:OpenerPotion"},{"floor":15.0,"key":"Toxic Potion"},{"floor":16.0,"key":"SkillPotion"},{"floor":38,"key":"Fire Potion"},{"floor":43,"key":"Energy Potion"},{"floor":48,"key":"Swift Potion"}],"is_trial":false,"path_per_floor":["R","M","M","M","M","M","T","$","R","?","M","?","R","M","M","B",null,"R","M","M","M","?","R","T","$","?","$","?","?","R","NM","M","B",null,"R","M","?","M","?","T","R","M","E","M","AVR","R","M","M","B"],"character_chosen":"THE_CHAMP","items_purchased":["Orichalcum","champ:IronFortress","Block Potion","champ:IronFortress"],"campfire_rested":3,"item_purchase_floors":[8,25,25,27],"current_hp_per_floor":[99,98,98,98,96,95,95,90,90,65,60,60,89,88,72,47,99,99,92,84,66,66,66,66,66,46,46,46,46,75,67,67,27,99,99,96,96,96,96,96,96,81,51,44,44,73,45,45,0,0,0],"gold":580,"neow_bonus":"TEN_PERCENT_HP_BONUS","is_daily":false,"chose_seed":false,"campfire_upgraded":6,"win_rate":0.0,"timestamp":1614094924,"path_taken":["R","M","M","M","?","?","T","?","R","?","M","?","R","M","M","BOSS","R","M","?","M","?","R","T","$","?","?","?","?","R","NM","M","BOSS","R","M","?","M","?","T","R","?","E","M","AVR","R","M","M","BOSS"],"items_purchased_type":["Relic","Card","Potion","Card"],"build_version":"2020-12-22","purchased_purges":2,"victory":false,"max_hp_per_floor":[99,99,99,99,99,99,99,99,99,99,99,99,99,99,99,99,99,99,99,99,99,99,99,99,99,99,99,99,99,99,99,99,99,99,99,99,99,99,99,99,99,99,99,99,99,99,99,99,99,99,99],"card_choices":[{"not_picked":["champ:CrownThrow","champ:BerserkersShout"],"picked":"champ:FanOfKnives","floor":2.0},{"not_picked":["champ:Shatter","champ:RisingSlash","champ:HeartStrike"],"picked":"SKIP","floor":3.0},{"not_picked":["champ:ShieldSlam","champ:Backstep"],"picked":"champ:EnGarde","floor":4.0},{"not_picked":["champ:RecklessLeap","champ:GutPunch","champ:CalledShot"],"picked":"SKIP","floor":5.0},{"not_picked":["champ:RisingSlash","champ:TornadoPunch"],"picked":"champ:EnGarde","floor":6.0},{"not_picked":["champ:Duel","champ:CheapShot"],"picked":"champ:SkillfulDodge","floor":8.0},{"not_picked":["infinitespire:Gouge","infinitespire:Starlight"],"picked":"infinitespire:NeuralNetwork","floor":10.0},{"not_picked":["champ:TornadoPunch","champ:RapidStrikes","champ:FlashCut"],"picked":"SKIP","floor":11.0},{"not_picked":["champ:BringItOn","champ:AdrenalArmor"],"picked":"champ:IronFortress","floor":14.0},{"not_picked":["champ:BladeFlurry","champ:EnragedBash"],"picked":"champ:Duel","floor":15.0},{"not_picked":["champ:DancingMaster","champ:LastStand"],"picked":"champ:StrikeOfGenius","floor":16.0},{"not_picked":["champ:PerfectedStrike","champ:AdrenalArmor"],"picked":"champ:TornadoPunch+1","floor":19.0},{"not_picked":["champ:PreciseThrust+1","champ:CalledShot"],"picked":"champ:DeathBlow+1","floor":20.0},{"not_picked":["champ:BerserkersShout+1","champ:EnGarde"],"picked":"champ:StanceDance","floor":21.0},{"not_picked":["champ:PreciseThrust+1","champ:FanOfKnives","champ:EnragedBash"],"picked":"SKIP","floor":25.0},{"not_picked":["champ:Circumvent","champ:SetATrap"],"picked":"champ:ArenaPreparation","floor":27.0},{"not_picked":["champ:BerserkersShout","champ:EnragedBash","champ:FanOfKnives"],"picked":"SKIP","floor":31.0},{"not_picked":["champ:StanceDance+1","champ:Circumvent"],"picked":"champ:DefensiveShout","floor":32.0},{"not_picked":["champ:DefensiveShout+1","champ:GutPunch"],"picked":"champ:PerfectedStrike+1","floor":36},{"not_picked":["expansioncontent:HyperBeam","Replay:SS_hec_1"],"picked":"expansioncontent:GuardianWhirl","floor":37},{"not_picked":["champ:TornadoPunch+1","champ:HeartStrike+1"],"picked":"champ:FalseCounter+1","floor":38},{"not_picked":["champ:CheapShot","champ:PerfectedStrike"],"picked":"champ:TornadoPunch+1","floor":42},{"not_picked":["champ:CrownThrow+1","champ:Backstep","champ:GladiatorStyle"],"picked":"SKIP","floor":43},{"not_picked":["champ:GutPunch+1","champ:ShieldWall"],"picked":"champ:StanceDance+1","floor":44},{"not_picked":["champ:TornadoPunch+1","champ:PreciseThrust","champ:BerserkersShout+1"],"picked":"SKIP","floor":47},{"not_picked":["champ:TornadoPunch+1","champ:GutPunch","champ:EnragedBash+1"],"picked":"SKIP","floor":48}],"player_experience":1298709,"relics_obtained":[{"floor":7.0,"key":"Anchor"},{"floor":24.0,"key":"Bag of Marbles"},{"floor":31.0,"key":"MawBank"},{"floor":40,"key":"Bottled Flame"},{"floor":43,"key":"Pantograph"}],"event_choices":[],"is_beta":false,"boss_relics":[{"not_picked":["Astrolabe","Painkiller Herb"],"picked":"hubris:RunicObelisk"},{"not_picked":["Kintsugi","hubris:TerracottaHorce"],"picked":"Cursed Key"}],"items_purged_floors":[25,45],"is_endless":false,"potions_floor_spawned":[2,4,14,15,16,19,38,43,48],"killed_by":"SI_POISON_ARCHETYPE","ascension_level":0}}