{"host":"h5acbxt0wmjo1kpm","time":1614071311,"event":{"mods":["2.2 Compatiblity","Act Like it!","AlwaysNeverKeys","Aspiration","Bard","Bartender","BaseMod","Better Third Choice","Colored Map","Elementarium","Gensokyo","GifTheSpireLib","Hallownest","Marisa????????","Menagerie","Minty Spire (QoL Compilation)","Permanent Neow","Potionbrewer","Quick Restart","Relic Filter","Reliquary","Replay The Spire","Robot Space Explorer","Ruina","RumiaBox-????????","Shade Mod","Shapeshifter Mod","Spicy Shops","StSLib","Strawberry Spire","The Blackbeard","The Dragon Tamer","The Gatherer","The Hayseed","The Problem Sleuth","The Servant 0.9.4","Wandering Minibosses","Wide Potions"],"gold_per_floor":[116,202,221,238,115,115,148,148,148,158,169,13,77,92,92,196,196,216,216,216,216,216,216,216,248,271,221,221,248,266,277,277,372,472,483,483,483],"floor_reached":36,"language":"ENG","playtime":1753,"items_purged":[],"score":739,"play_id":"36d188cf-5b41-4250-8683-d7276906ed7e","local_time":"20210223010831","is_ascension_mode":true,"campfire_choices":[{"data":"Gouge","floor":6,"key":"SMITH"},{"data":"DancingSilver","floor":15,"key":"SMITH"},{"data":"Gensokyo:FourOfAKind","floor":23,"key":"SMITH"},{"data":"Gensokyo:FourOfAKind","floor":28,"key":"SMITH"},{"floor":32,"key":"REST"}],"circlet_count":0,"master_deck":["AscendersBane","Strike_S","Strike_S","Strike_S","Defend_S+1","Defend_S","Defend_S","Defend_S","KidneyShot","Exchange","Gouge+1","SilverBlades+1","DancingSilver+1","RealityMarble","FastForward","Comet","Advance","Moonlight","Specialist","GearUp","KillingDoll","FlawlessForm","bard:HideousLaughter+1","DTMod:Coolant","Gensokyo:FourOfAKind+1","Gensokyo:FourOfAKind+1","Gensokyo:FourOfAKind","Gensokyo:FourOfAKind","bard:HarmoniousVoice","bard:Blink","SurpressingFire+1","MurderousAura","bard:Thunderwave+1"],"relics":["SplendidAttire","reliquary:Vitrine","Replay:Bottled Eggs","Garlic","Lantern","aspiration:BardSkillbook","Gensokyo:ConquerorOfFear","Nunchaku","reliquary:TatteredRug","Replay:Wanted Poster"],"acts_visited":["Exordium","Gensokyo:Gensokyoer","Gensokyo:Gensokyoest"],"potions_floor_usage":[13,25,31],"damage_taken":[{"damage":0,"enemies":"Cultist","floor":1,"turns":3},{"damage":3,"enemies":"Jaw Worm","floor":3,"turns":4},{"damage":6,"enemies":"2 Louse","floor":4,"turns":2},{"damage":13,"enemies":"Gremlin Nob","floor":7,"turns":4},{"damage":1,"enemies":"Large Slime","floor":10,"turns":3},{"damage":0,"enemies":"Looter","floor":11,"turns":3},{"damage":0,"enemies":"Lagavulin Event","floor":13,"turns":3},{"damage":0,"enemies":"2 Fungi Beasts","floor":14,"turns":2},{"damage":0,"enemies":"Slime Boss","floor":16,"turns":6},{"damage":12,"enemies":"Gensokyo:Chomper","floor":18,"turns":4},{"damage":19,"enemies":"Gensokyo:Reisen","floor":25,"turns":4},{"damage":0,"enemies":"Gensokyo:Tenshi","floor":29,"turns":4},{"damage":8,"enemies":"Gensokyo:2_Gloops","floor":30,"turns":4},{"damage":10,"enemies":"Gensokyo:Slime_Group","floor":31,"turns":4},{"damage":8,"enemies":"Gensokyo:Kaguya","floor":33,"turns":10},{"damage":4,"enemies":"Gensokyo:3_Bats","floor":35,"turns":6},{"damage":20,"enemies":"Gensokyo:3_Boulders","floor":36,"turns":5}],"seed_played":"2183383598801358316","potions_obtained":[{"floor":3,"key":"potionbrewer:DiscountPotion"},{"floor":7,"key":"LiquidMemories"},{"floor":13,"key":"Strength Potion"},{"floor":25,"key":"Toxic Potion"},{"floor":31,"key":"potionbrewer:QuicksilverPotion"}],"is_trial":false,"path_per_floor":["M","?","M","M","$","R","E","?","T","M","M","$","?","M","R","B",null,"M","?","?","?","?","R","?","E","T","?","R","E","M","M","R","B",null,"M","M"],"character_chosen":"THE_SERVANT","items_purchased":["reliquary:Vitrine","Specialist","GearUp"],"campfire_rested":1,"item_purchase_floors":[5,12,12],"current_hp_per_floor":[59,43,40,34,34,34,21,31,31,30,30,30,30,30,30,30,56,44,44,44,44,44,44,44,25,25,32,32,32,24,14,29,21,45,41,21,21],"gold":483,"neow_bonus":"BOSS_RELIC","is_daily":false,"chose_seed":false,"campfire_upgraded":4,"win_rate":0.0,"timestamp":1614071311,"path_taken":["M","?","M","M","$","R","E","?","T","?","M","$","?","M","R","BOSS","M","?","?","?","?","R","?","E","T","?","R","E","?","?","R","BOSS","M","M"],"items_purchased_type":["Relic","Card","Card"],"build_version":"2020-12-22","purchased_purges":0,"victory":false,"max_hp_per_floor":[65,65,65,65,65,65,65,65,65,65,65,65,65,65,65,65,65,65,65,65,46,46,46,46,46,46,53,53,53,53,53,53,53,53,53,53,53],"card_choices":[{"not_picked":["Revamp","StarChef"],"picked":"Gouge","floor":1},{"not_picked":["FastForward","ShatteredReality"],"picked":"SilverBlades","floor":2},{"not_picked":["RealityMarble","Rearm"],"picked":"DancingSilver","floor":2},{"not_picked":["Alleviate","Rewind"],"picked":"RealityMarble","floor":2},{"not_picked":["Rearm","PendulumOfEternity"],"picked":"FastForward","floor":3},{"not_picked":["Ricochet","Barrier","ReturningBlade"],"picked":"SKIP","floor":4},{"not_picked":["TimeWarp","Alleviate"],"picked":"Comet","floor":7},{"not_picked":["Defy","Spin"],"picked":"Advance","floor":10},{"not_picked":["DoubleEdge","FanOfKnives"],"picked":"Moonlight","floor":11},{"not_picked":["BottledTime","StarChef"],"picked":"KillingDoll","floor":14},{"not_picked":["KillingDoll","LightFlow"],"picked":"FlawlessForm","floor":16},{"not_picked":["bard:CuttingWords","bard:InspiringSong","GearUp"],"picked":"bard:HideousLaughter+1","floor":18},{"not_picked":["FastForward","Rewind+1","Rearm+1"],"picked":"bard:HarmoniousVoice","floor":25},{"not_picked":["TimeWarp","bard:OffKey","bard:PhantasmalForce","bard:FalseLife"],"picked":"SKIP","floor":29},{"not_picked":["bard:TinyHut","bard:Thunderwave+1","bard:Haste"],"picked":"bard:Blink","floor":30},{"not_picked":["DoubleEdge","ShatteredReality","Sabotage+1"],"picked":"SurpressingFire+1","floor":31},{"not_picked":["bard:Shifting","LightFlow","FloweringNight"],"picked":"MurderousAura","floor":33},{"not_picked":["WasteNot","bard:FeastOnFear+1","Replace+1"],"picked":"bard:Thunderwave+1","floor":35}],"player_experience":2315645,"relics_obtained":[{"floor":7,"key":"Replay:Bottled Eggs"},{"floor":9,"key":"Garlic"},{"floor":25,"key":"Gensokyo:ConquerorOfFear"},{"floor":25,"key":"Nunchaku"},{"floor":29,"key":"reliquary:TatteredRug"}],"event_choices":[{"damage_healed":0,"gold_gain":0,"player_choice":"Searched \u00272\u0027 times","damage_taken":0,"relics_obtained":["Lantern"],"max_hp_gain":0,"max_hp_loss":0,"event_name":"Dead Adventurer","floor":13,"gold_loss":0}],"is_beta":false,"boss_relics":[{"not_picked":["Sozu","reliquary:KinkedSpring"],"picked":"aspiration:BardSkillbook"},{"not_picked":["Coffee Dripper","Replay:Ancient Bell"],"picked":"Replay:Wanted Poster"}],"items_purged_floors":[],"is_endless":false,"potions_floor_spawned":[3,7,13,25,31],"killed_by":"Gensokyo:3_Boulders","ascension_level":11}}