{"host":"vqun63pi4q2xs0ca","time":1614040606,"event":{"mods":["BaseMod","BetterRewards","Minty Spire (QoL Compilation)","Relic Stats","StSLib"],"gold_per_floor":[111,130,148,148,164,164,196,196,250,285,6,16,42,63,63,136,136,203,203,220,289,289,289,304,336,336,395,395,408,455,472,472,579,579,622,622,622,671,750,783,832,907,907,966,966,966,1010,1042,1042,1042,1042,1042,1042,23,55,55],"floor_reached":57,"language":"ENG","playtime":5245,"items_purged":["Strike_P","Defend_P","Strike_P"],"score":3787,"play_id":"cb14bee2-5b07-4d0f-a863-438f488b5e2f","local_time":"20210223003646","is_ascension_mode":true,"campfire_choices":[{"data":"Conclude","floor":6,"key":"SMITH"},{"data":"TalkToTheHand","floor":8,"key":"SMITH"},{"data":"Wallop","floor":15,"key":"SMITH"},{"data":"TalkToTheHand","floor":23,"key":"SMITH"},{"data":"Wish","floor":28,"key":"SMITH"},{"floor":32,"key":"REST"},{"floor":49,"key":"RECALL"},{"data":"TalkToTheHand","floor":53,"key":"SMITH"}],"circlet_count":0,"master_deck":["AscendersBane","Strike_P","Defend_P","Defend_P","Defend_P","Eruption","Vigilance+1","Vault","BowlingBash","Conclude+1","Crescendo","TalkToTheHand+1","Wallop+1","EmptyFist","LikeWater","Evaluate","WheelKick+1","CutThroughFate+1","DeusExMachina","Wallop+1","Wireheading","Omniscience","ClearTheMind","Wish+1","Vault","TalkToTheHand+1","Decay","DeusExMachina","Vault+1","Wireheading","TalkToTheHand+1","Apotheosis+1"],"relics":["PureWater","Membership Card","InkBottle","Centennial Puzzle","Potion Belt","Oddly Smooth Stone","Kunai","Lee\u0027s Waffle","Pen Nib","HornCleat","MealTicket","Toy Ornithopter","Dead Branch","Question Card","Odd Mushroom","Black Star","Nunchaku","Ancient Tea Set","Lantern","Toxic Egg 2","Ornamental Fan","Philosopher\u0027s Stone","The Courier","Bronze Scales","Anchor","Art of War","Dream Catcher","StrikeDummy","Bottled Tornado","Shuriken","Bag of Preparation","Gremlin Horn","Blood Vial","Cauldron","Akabeko","Whetstone","Happy Flower","Pocketwatch","Bottled Lightning","Bag of Marbles"],"acts_visited":["Exordium","TheCity","TheBeyond","TheEnding"],"potions_floor_usage":[16,18,24,25,33,44,50,51,56,56,56],"damage_taken":[{"damage":0,"enemies":"Cultist","floor":1,"turns":2},{"damage":0,"enemies":"Jaw Worm","floor":2,"turns":1},{"damage":0,"enemies":"Small Slimes","floor":3,"turns":2},{"damage":1,"enemies":"Blue Slaver","floor":5,"turns":4},{"damage":6,"enemies":"Lagavulin","floor":7,"turns":8},{"damage":0,"enemies":"3 Sentries","floor":10,"turns":3},{"damage":0,"enemies":"Exordium Thugs","floor":12,"turns":2},{"damage":0,"enemies":"Lagavulin","floor":13,"turns":3},{"damage":0,"enemies":"The Mushroom Lair","floor":14,"turns":3},{"damage":13,"enemies":"Hexaghost","floor":16,"turns":6},{"damage":0,"enemies":"Spheric Guardian","floor":18,"turns":4},{"damage":3,"enemies":"Shell Parasite","floor":20,"turns":5},{"damage":13,"enemies":"Snake Plant","floor":21,"turns":5},{"damage":0,"enemies":"3 Cultists","floor":24,"turns":2},{"damage":0,"enemies":"Gremlin Leader","floor":25,"turns":6},{"damage":0,"enemies":"Slavers","floor":27,"turns":5},{"damage":0,"enemies":"Cultist and Chosen","floor":29,"turns":3},{"damage":0,"enemies":"Chosen and Byrds","floor":30,"turns":9},{"damage":21,"enemies":"Snake Plant","floor":31,"turns":4},{"damage":0,"enemies":"Champ","floor":33,"turns":6},{"damage":7,"enemies":"3 Shapes","floor":35,"turns":8},{"damage":0,"enemies":"3 Darklings","floor":38,"turns":4},{"damage":0,"enemies":"Sphere and 2 Shapes","floor":39,"turns":5},{"damage":0,"enemies":"Giant Head","floor":40,"turns":5},{"damage":0,"enemies":"Maw","floor":41,"turns":6},{"damage":29,"enemies":"4 Shapes","floor":42,"turns":3},{"damage":20,"enemies":"Nemesis","floor":44,"turns":9},{"damage":0,"enemies":"Sphere and 2 Shapes","floor":47,"turns":10},{"damage":5,"enemies":"Reptomancer","floor":48,"turns":3},{"damage":9,"enemies":"Time Eater","floor":50,"turns":10},{"damage":6,"enemies":"Awakened One","floor":51,"turns":21},{"damage":11,"enemies":"Shield and Spear","floor":55,"turns":6},{"damage":37,"enemies":"The Heart","floor":56,"turns":9}],"seed_played":"-3668294818262383933","potions_obtained":[{"floor":1,"key":"LiquidBronze"},{"floor":2,"key":"EssenceOfSteel"},{"floor":14,"key":"Energy Potion"},{"floor":16,"key":"Strength Potion"},{"floor":18,"key":"AttackPotion"},{"floor":27,"key":"SteroidPotion"},{"floor":40,"key":"SteroidPotion"},{"floor":41,"key":"Energy Potion"},{"floor":46,"key":"Strength Potion"},{"floor":47,"key":"StancePotion"},{"floor":54,"key":"FairyPotion"}],"is_trial":false,"path_per_floor":["M","M","M","?","M","R","E","R","T","E","$","M","E","?","R","B",null,"M","?","M","M","?","R","M","E","T","E","R","M","M","M","R","B",null,"M","?","?","M","M","E","M","M","T","E","?","?","M","E","R","B","B",null,"R","$","E","B",null],"character_chosen":"WATCHER","items_purchased":["Membership Card","InkBottle","Centennial Puzzle","Vault","BowlingBash","Potion Belt","Oddly Smooth Stone","Conclude","Crescendo","Kunai","Lee\u0027s Waffle","TalkToTheHand","Wallop","Pen Nib","EmptyFist","LikeWater","Block Potion","Evaluate","Wallop","Wireheading","Dead Branch","Bottled Tornado","Shuriken","Bag of Preparation","CultistPotion","DuplicationPotion","Gremlin Horn","Blood Vial","Apotheosis+1","Cauldron","Akabeko","Whetstone","Happy Flower","Pocketwatch"],"campfire_rested":1,"item_purchase_floors":[0,0,0,0,0,0,0,0,0,0,0,0,0,0,0,0,0,0,11,11,11,54,54,54,54,54,54,54,54,54,54,54,54,54],"current_hp_per_floor":[75,75,75,52,51,51,45,45,45,45,60,60,60,60,60,52,69,74,74,71,58,58,58,63,68,68,68,68,68,68,47,69,74,75,68,68,68,68,68,68,68,39,39,24,61,61,61,56,56,52,51,59,59,61,50,29],"gold":55,"neow_bonus":"","is_daily":false,"chose_seed":false,"campfire_upgraded":6,"win_rate":0.0,"timestamp":1614040606,"path_taken":["M","?","M","?","M","R","E","R","T","E","?","M","E","?","R","BOSS","M","?","M","M","?","R","M","E","T","E","R","M","M","M","R","BOSS","M","?","?","M","M","E","M","?","T","E","?","?","?","E","R","BOSS","BOSS","R","$","E","BOSS"],"items_purchased_type":["Relic","Relic","Relic","Card","Card","Relic","Relic","Card","Card","Relic","Relic","Card","Card","Relic","Card","Card","Potion","Card","Card","Card","Relic","Relic","Relic","Relic","Potion","Potion","Relic","Relic","Card","Relic","Relic","Relic","Relic","Relic"],"build_version":"2020-12-22","purchased_purges":3,"victory":true,"max_hp_per_floor":[75,75,75,75,75,75,75,75,75,75,75,75,75,75,75,75,75,75,75,75,75,75,75,75,75,75,75,75,75,75,75,75,75,75,75,75,75,75,75,75,75,75,75,75,61,61,61,61,61,61,61,61,61,61,61,61],"relic_stats":{"Lee\u0027s Waffle":56,"Gremlin Horn":[1,1],"Happy Flower":[5],"counters":[58,317],"Dead Branch":[374],"Pen Nib":[58],"Bag of Preparation":[22],"Whetstone":["CutThroughFate","Conclude","CutThroughFate","Wallop"],"Question Card":23,"Blood Vial":2,"Centennial Puzzle":[43],"Nunchaku":[24],"Dream Catcher":0,"Ornamental Fan":[340],"Shuriken":[8],"Bronze Scales":[650],"MealTicket":17,"Black Star":6,"Art of War":[20],"Kunai":[58],"obtain_stats":[{"Gremlin Horn":54,"Vajra":19,"Whetstone":44,"Bottled Tornado":54,"Blood Vial":54,"Centennial Puzzle":0,"HornCleat":7,"MealTicket":9,"Philosopher\u0027s Stone":34,"Fusion Hammer":17,"Kunai":0,"Toxic Egg 2":27,"Happy Flower":54,"Dead Branch":11,"Oddly Smooth Stone":23,"Pen Nib":9,"Question Card":13,"Akabeko":54,"Shuriken":54,"Bronze Scales":11,"Black Star":17,"StrikeDummy":34,"Pocketwatch":54,"Lantern":31,"CloakClasp":27,"Bag of Preparation":34,"Ancient Tea Set":25,"Nunchaku":25,"Dream Catcher":48,"Red Mask":25,"InkBottle":0,"Potion Belt":0,"Lee\u0027s Waffle":0,"NeowsBlessing":0,"Thread and Needle":34,"PreservedInsect":14,"The Courier":40,"Omamori":26,"Odd Mushroom":14,"Calling Bell":34,"Cauldron":54,"Anchor":48,"Ornamental Fan":7,"Art of War":41,"Bag of Marbles":55,"Membership Card":0,"Bottled Lightning":55,"PureWater":0,"Toy Ornithopter":10},{"Gremlin Horn":56,"Vajra":9,"Whetstone":21,"Bottled Tornado":56,"Blood Vial":56,"Centennial Puzzle":25,"HornCleat":30,"MealTicket":30,"Philosopher\u0027s Stone":45,"Fusion Hammer":8,"Kunai":25,"Toxic Egg 2":41,"Happy Flower":56,"Dead Branch":31,"Oddly Smooth Stone":11,"Pen Nib":3,"Question Card":33,"Akabeko":56,"Shuriken":56,"Bronze Scales":5,"Black Star":35,"StrikeDummy":16,"Pocketwatch":56,"Lantern":15,"CloakClasp":13,"Bag of Preparation":16,"Ancient Tea Set":40,"Nunchaku":40,"Dream Catcher":54,"Red Mask":12,"InkBottle":25,"Potion Belt":25,"Lee\u0027s Waffle":25,"NeowsBlessing":0,"Thread and Needle":16,"PreservedInsect":7,"The Courier":49,"Omamori":12,"Odd Mushroom":34,"Calling Bell":16,"Cauldron":56,"Anchor":23,"Ornamental Fan":3,"Art of War":20,"Bag of Marbles":57,"Membership Card":25,"Bottled Lightning":57,"PureWater":0,"Toy Ornithopter":31},{"Gremlin Horn":302,"Vajra":27,"Whetstone":84,"Bottled Tornado":302,"Blood Vial":302,"Centennial Puzzle":135,"HornCleat":152,"MealTicket":152,"Philosopher\u0027s Stone":218,"Fusion Hammer":22,"Kunai":135,"Toxic Egg 2":196,"Happy Flower":302,"Dead Branch":155,"Oddly Smooth Stone":35,"Pen Nib":3,"Question Card":160,"Akabeko":302,"Shuriken":302,"Bronze Scales":8,"Black Star":169,"StrikeDummy":62,"Pocketwatch":302,"Lantern":53,"CloakClasp":44,"Bag of Preparation":62,"Ancient Tea Set":191,"Nunchaku":191,"Dream Catcher":271,"Red Mask":41,"InkBottle":135,"Potion Belt":135,"Lee\u0027s Waffle":135,"NeowsBlessing":0,"Thread and Needle":62,"PreservedInsect":16,"The Courier":240,"Omamori":41,"Odd Mushroom":163,"Calling Bell":62,"Cauldron":302,"Anchor":91,"Ornamental Fan":3,"Art of War":81,"Bag of Marbles":308,"Membership Card":135,"Bottled Lightning":308,"PureWater":0,"Toy Ornithopter":155}],"InkBottle":[83],"Toy Ornithopter":74,"Pocketwatch":[3]},"card_choices":[{"not_picked":["Consecrate","CutThroughFate"],"picked":"WheelKick","floor":1},{"not_picked":["FlyingSleeves","Weave"],"picked":"CutThroughFate","floor":2},{"not_picked":["FlyingSleeves","LikeWater","EmptyBody"],"picked":"SKIP","floor":3},{"not_picked":["EmptyFist","Conclude","SignatureMove"],"picked":"SKIP","floor":5},{"not_picked":["JustLucky","Consecrate"],"picked":"DeusExMachina","floor":7},{"not_picked":["EmptyFist","CutThroughFate","Vengeance"],"picked":"SKIP","floor":10},{"not_picked":["Halt","FlyingSleeves","Consecrate"],"picked":"SKIP","floor":12},{"not_picked":["CrushJoints","Consecrate"],"picked":"Omniscience","floor":13},{"not_picked":["Protect","ForeignInfluence","LikeWater"],"picked":"ClearTheMind","floor":14},{"not_picked":["ConjureBlade","Alpha","Vault"],"picked":"Wish","floor":16},{"not_picked":["Protect+1","Sanctity","BowlingBash","JustLucky"],"picked":"SKIP","floor":18},{"not_picked":["PathToVictory","FlurryOfBlows","Crescendo+1"],"picked":"Vault","floor":20},{"not_picked":["Perseverance","JustLucky","CrushJoints"],"picked":"TalkToTheHand","floor":21},{"not_picked":["Consecrate","WreathOfFlame","Evaluate","FollowUp"],"picked":"SKIP","floor":24},{"not_picked":["Consecrate","Fasting2","Prostrate"],"picked":"DeusExMachina","floor":25},{"not_picked":["Prostrate+1","Halt+1","Protect+1","Weave"],"picked":"SKIP","floor":27},{"not_picked":["Indignation+1","CarveReality","Crescendo+1","FollowUp"],"picked":"SKIP","floor":29},{"not_picked":["Crescendo+1","Adaptation","Establishment","PathToVictory+1"],"picked":"SKIP","floor":30},{"not_picked":["Halt+1","FlurryOfBlows","FlyingSleeves","BowlingBash"],"picked":"SKIP","floor":31},{"not_picked":["DeusExMachina+1","Ragnarok","SpiritShield+1"],"picked":"Vault+1","floor":33},{"not_picked":["ClearTheMind+1","FlyingSleeves","ThirdEye+1"],"picked":"Wireheading","floor":35},{"not_picked":["FlyingSleeves","EmptyBody+1","JustLucky+1","Sanctity+1"],"picked":"SKIP","floor":38},{"not_picked":["FlyingSleeves","JustLucky+1","SashWhip+1","FearNoEvil"],"picked":"SKIP","floor":39},{"not_picked":["CarveReality","DeceiveReality+1","Evaluate+1","FollowUp+1"],"picked":"SKIP","floor":40},{"not_picked":["ThirdEye+1","Halt+1","FearNoEvil","PathToVictory+1"],"picked":"SKIP","floor":41},{"not_picked":["Pray+1","Halt+1","LessonLearned","DeceiveReality+1"],"picked":"SKIP","floor":42},{"not_picked":["WindmillStrike","Crescendo+1","EmptyFist"],"picked":"TalkToTheHand","floor":44},{"not_picked":["CrushJoints","Evaluate+1","FollowUp","Wireheading"],"picked":"SKIP","floor":47},{"not_picked":["Perseverance+1","BowlingBash","EmptyFist","Crescendo+1"],"picked":"SKIP","floor":48},{"not_picked":["Prostrate+1","SpiritShield+1","Sanctity+1","Consecrate+1"],"picked":"SKIP","floor":55}],"player_experience":1627438,"relics_obtained":[{"floor":7,"key":"HornCleat"},{"floor":9,"key":"MealTicket"},{"floor":10,"key":"Toy Ornithopter"},{"floor":13,"key":"Question Card"},{"floor":14,"key":"Odd Mushroom"},{"floor":25,"key":"Nunchaku"},{"floor":25,"key":"Ancient Tea Set"},{"floor":26,"key":"Lantern"},{"floor":27,"key":"Toxic Egg 2"},{"floor":27,"key":"Ornamental Fan"},{"floor":40,"key":"The Courier"},{"floor":40,"key":"Bronze Scales"},{"floor":44,"key":"Anchor"},{"floor":44,"key":"Art of War"},{"floor":48,"key":"Dream Catcher"},{"floor":48,"key":"StrikeDummy"},{"floor":55,"key":"Bottled Lightning"},{"floor":55,"key":"Bag of Marbles"}],"event_choices":[{"damage_healed":0,"gold_gain":0,"player_choice":"Entered Light","damage_taken":23,"max_hp_gain":0,"max_hp_loss":0,"event_name":"Shining Light","floor":4,"gold_loss":0,"cards_upgraded":["WheelKick","Vigilance"]},{"damage_healed":0,"gold_gain":0,"player_choice":"Fought Mushrooms","damage_taken":0,"max_hp_gain":0,"max_hp_loss":0,"event_name":"Mushrooms","floor":14,"gold_loss":0},{"damage_healed":0,"gold_gain":0,"player_choice":"Ignored","damage_taken":0,"max_hp_gain":0,"max_hp_loss":0,"event_name":"Ghosts","floor":19,"gold_loss":0},{"damage_healed":0,"gold_gain":0,"player_choice":"Cursed","damage_taken":0,"max_hp_gain":0,"max_hp_loss":0,"event_name":"Wheel of Change","floor":22,"gold_loss":0,"cards_obtained":["Decay"]},{"damage_healed":0,"gold_gain":0,"player_choice":"Ignored","damage_taken":0,"max_hp_gain":0,"max_hp_loss":0,"event_name":"Tomb of Lord Red Mask","floor":36,"gold_loss":0},{"cards_removed":["Strike_P"],"damage_healed":0,"gold_gain":0,"player_choice":"Purged","damage_taken":0,"max_hp_gain":0,"max_hp_loss":0,"event_name":"Purifier","floor":37,"gold_loss":0},{"damage_healed":61,"gold_gain":0,"player_choice":"Heal","damage_taken":0,"max_hp_gain":0,"max_hp_loss":14,"event_name":"The Moai Head","floor":45,"gold_loss":0},{"damage_healed":0,"gold_gain":0,"player_choice":"Got Potions","damage_taken":0,"max_hp_gain":0,"max_hp_loss":0,"event_name":"Lab","floor":46,"gold_loss":0}],"is_beta":false,"boss_relics":[{"not_picked":["Ectoplasm","Runic Dome"],"picked":"Black Star"},{"not_picked":["Empty Cage","Velvet Choker"],"picked":"Philosopher\u0027s Stone"}],"items_purged_floors":[0,11,54],"is_endless":false,"potions_floor_spawned":[1,2,14,16,18,21,27,40,41,47,48],"ascension_level":20}}