{"host":"t6r1isv2bex5ovch","time":1614047416,"event":{"mods":["AchievementEnabler","Act Like it!","Aspiration","BaseMod","Better Altar","Better Match","Better Note","Better Sensory Stone","Better Skull","Better Third Choice","Better Vampires","Bossed Relics","Colored Powertips","Displayed Cursed Tome","Evolution","Fox Events","Hubris","Minty Spire (QoL Compilation)","Reliquary","Ruina","StSLib"],"gold_per_floor":[113,38,38,38,57,57,83,83,138,138,165,185,215,232,232,327,327,345,345,355,355,48,76,76,108,135,162,37,37,37,62,62,158,158,168,178,28,28,378,378,407,457,457,457,457,492,95,113,113,113],"floor_reached":51,"language":"ENG","playtime":4440,"items_purged":["Strike_P","ClearTheMind","BowlingBash","Conserve Battery+1"],"score":1107,"play_id":"60c0746f-55a2-4118-8d21-e3cbd6d4c500","local_time":"20210223133016","is_ascension_mode":true,"campfire_choices":[{"data":"Eruption","floor":6.0,"key":"SMITH"},{"data":"Vigilance","floor":8.0,"key":"SMITH"},{"data":"Consecrate","floor":10.0,"key":"SMITH"},{"data":"Evaluate","floor":15.0,"key":"SMITH"},{"data":"Prostrate","floor":24.0,"key":"SMITH"},{"data":"FollowUp","floor":29.0,"key":"SMITH"},{"floor":45,"key":"REST"},{"floor":49,"key":"REST"}],"circlet_count":0,"master_deck":["Consecrate+1","FollowUp+1","Evaluate+1","Prostrate+1","CurseOfTheBell","Evaluate+1"],"relics":["PureWater","EVO:Axolotl","Strawberry","reliquary:RoseTintedGlasses","Centennial Puzzle","reliquary:Dhvaja","WingedGreaves","aspiration:DefectSkillbook","hubris:EmptyBottle","Blood Vial","reliquary:MudwinsCradle","Boot","Lantern","hubris:CuriousFeather","Thread and Needle","Calling Bell","reliquary:TuningFork","hubris:64BitClover","reliquary:FeatherDuster","Old Coin","CeramicFish","Peace Pipe","Mercury Hourglass","TungstenRod","Damaru","Pen Nib"],"acts_visited":["Exordium","TheCity","TheBeyond"],"potions_floor_usage":[39,39,50,50,50,50],"damage_taken":[{"damage":1.0,"enemies":"Jaw Worm","floor":1.0,"turns":5.0},{"damage":0.0,"enemies":"Small Slimes","floor":5.0,"turns":4.0},{"damage":3.0,"enemies":"Gremlin Nob","floor":7.0,"turns":3.0},{"damage":8.0,"enemies":"Lagavulin","floor":11.0,"turns":4.0},{"damage":0.0,"enemies":"2 Louse","floor":12.0,"turns":1.0},{"damage":3.0,"enemies":"3 Sentries","floor":13.0,"turns":4.0},{"damage":2.0,"enemies":"2 Fungi Beasts","floor":14.0,"turns":2.0},{"damage":26.0,"enemies":"The Guardian","floor":16.0,"turns":12.0},{"damage":7.0,"enemies":"Shell Parasite","floor":18.0,"turns":6.0},{"damage":3.0,"enemies":"Spheric Guardian","floor":20.0,"turns":4.0},{"damage":5.0,"enemies":"Gremlin Leader","floor":23.0,"turns":5.0},{"damage":1.0,"enemies":"Book of Stabbing","floor":25.0,"turns":6.0},{"damage":13.0,"enemies":"Gremlin Leader","floor":27.0,"turns":4.0},{"damage":4.0,"enemies":"Book of Stabbing","floor":31.0,"turns":6.0},{"damage":25.0,"enemies":"hubris:MusketHawk","floor":33.0,"turns":6.0},{"damage":0.0,"enemies":"Orb Walker","floor":35.0,"turns":4.0},{"damage":0.0,"enemies":"3 Shapes","floor":36.0,"turns":4.0},{"damage":17,"enemies":"2 Orb Walkers","floor":39,"turns":6},{"damage":0,"enemies":"Nemesis","floor":41,"turns":6},{"damage":12,"enemies":"Mind Bloom Boss Battle","floor":42,"turns":5},{"damage":9,"enemies":"Reptomancer","floor":46,"turns":5},{"damage":11,"enemies":"Writhing Mass","floor":48,"turns":4},{"damage":3,"enemies":"Donu and Deca","floor":50,"turns":4}],"seed_played":"4759044409010447014","potions_obtained":[{"floor":5.0,"key":"Energy Potion"},{"floor":7.0,"key":"SteroidPotion"},{"floor":18.0,"key":"SkillPotion"},{"floor":23.0,"key":"Energy Potion"},{"floor":31.0,"key":"Swift Potion"},{"floor":36.0,"key":"Regen Potion"},{"floor":42,"key":"CultistPotion"}],"is_trial":false,"path_per_floor":["M","$","?","?","M","R","E","R","T","R","E","M","E","M","R","B",null,"M","?","M","?","$","E","R","E","T","E","$","R","T","E","R","B",null,"M","M","$","?","?","R","E","?","T","?","R","E","$","M","R","B",null],"character_chosen":"WATCHER","items_purchased":["hubris:EmptyBottle","Prostrate","Damaru","Pen Nib","Energy Potion","PowerPotion"],"campfire_rested":2,"item_purchase_floors":[22,22,47,47,47,47],"current_hp_per_floor":[78,78,78,61,61,61,58,58,58,58,50,50,47,45,45,19,86,79,79,76,76,76,71,71,72,72,61,61,61,61,59,59,36,86,86,86,86,82,70,70,72,62,62,70,82,73,73,64,82,79],"gold":113,"neow_bonus":"TEN_PERCENT_HP_BONUS","is_daily":false,"chose_seed":false,"campfire_upgraded":6,"win_rate":0.0,"timestamp":1614047416,"path_taken":["M","$","?","?","M","R","E","R","T","R","E","M","E","M","R","BOSS","M","?","M","?","$","E","R","E","T","E","$","R","?","E","R","BOSS","M","M","$","?","?","R","E","?","T","?","R","E","$","M","R","BOSS"],"items_purchased_type":["Relic","Card","Relic","Relic","Potion","Potion"],"build_version":"2020-12-22","purchased_purges":4,"victory":true,"max_hp_per_floor":[79,79,86,86,86,86,86,86,86,86,86,86,86,86,86,86,86,86,86,86,86,86,86,86,86,86,86,86,86,86,86,86,86,86,86,86,86,82,82,82,82,82,82,82,82,82,82,82,82,82],"card_choices":[{"not_picked":["EmptyBody","JustLucky","ReachHeaven"],"picked":"SKIP","floor":1.0},{"not_picked":["Meditate","MentalFortress","PathToVictory"],"picked":"SKIP","floor":5.0},{"not_picked":["Establishment","Fasting2"],"picked":"Consecrate","floor":7.0},{"not_picked":["WreathOfFlame","Worship","CrushJoints"],"picked":"SKIP","floor":11.0},{"not_picked":["Protect","Crescendo"],"picked":"FollowUp","floor":12.0},{"not_picked":["Halt","Crescendo"],"picked":"Evaluate","floor":13.0},{"not_picked":["FlyingSleeves","ClearTheMind","Blasphemy"],"picked":"SKIP","floor":14.0},{"not_picked":["Genetic Algorithm+1","ReachHeaven","Cold Snap"],"picked":"Conserve Battery","floor":18.0},{"not_picked":["CarveReality+1","JustLucky+1","EmptyBody"],"picked":"ClearTheMind","floor":20.0},{"not_picked":["Go for the Eyes+1","Streamline","CutThroughFate","Buffer"],"picked":"SKIP","floor":23.0},{"not_picked":["Beam Cell+1","Darkness","Redo","ThirdEye+1"],"picked":"SKIP","floor":25.0},{"not_picked":["FollowUp+1","Wallop","Fasting2","JustLucky"],"picked":"SKIP","floor":27.0},{"not_picked":["ReachHeaven","LikeWater","Sunder","WindmillStrike"],"picked":"SKIP","floor":31.0},{"not_picked":["WheelKick+1","SignatureMove+1","EmptyBody+1","BootSequence"],"picked":"SKIP","floor":35.0},{"not_picked":["Halt+1","Prostrate","SashWhip+1"],"picked":"Evaluate+1","floor":36.0},{"not_picked":["Tantrum","EmptyBody+1","Recycle","FlurryOfBlows+1"],"picked":"SKIP","floor":41},{"not_picked":["Evaluate","EmptyMind+1","Protect+1","FlurryOfBlows+1"],"picked":"SKIP","floor":46},{"not_picked":["FlurryOfBlows+1","Protect+1","Scrape+1","Static Discharge+1"],"picked":"SKIP","floor":48}],"player_experience":373946,"relics_obtained":[{"floor":7.0,"key":"reliquary:RoseTintedGlasses"},{"floor":9.0,"key":"Centennial Puzzle"},{"floor":11.0,"key":"reliquary:Dhvaja"},{"floor":13.0,"key":"WingedGreaves"},{"floor":23.0,"key":"Blood Vial"},{"floor":25.0,"key":"reliquary:MudwinsCradle"},{"floor":26.0,"key":"Boot"},{"floor":27.0,"key":"Lantern"},{"floor":30.0,"key":"hubris:CuriousFeather"},{"floor":31.0,"key":"Thread and Needle"},{"floor":34.0,"key":"reliquary:TuningFork"},{"floor":34.0,"key":"hubris:64BitClover"},{"floor":34.0,"key":"reliquary:FeatherDuster"},{"floor":39,"key":"Old Coin"},{"floor":41,"key":"CeramicFish"},{"floor":42,"key":"Peace Pipe"},{"floor":43,"key":"Mercury Hourglass"},{"floor":46,"key":"TungstenRod"}],"event_choices":[{"damage_healed":0.0,"max_hp_gain":0.0,"max_hp_loss":0.0,"gold_gain":0.0,"event_name":"betterThird:BetterScrap","player_choice":"Relic ","floor":3.0,"gold_loss":0.0,"damage_taken":7.0,"cards_obtained":["Blur"]},{"damage_healed":78.0,"max_hp_gain":0.0,"max_hp_loss":86.0,"gold_gain":0.0,"event_name":"betterThird:BetterShining","player_choice":"Upgrade","floor":4.0,"gold_loss":0.0,"damage_taken":17.0,"cards_upgraded":["Defend_P","Strike_P"]},{"damage_healed":0.0,"max_hp_gain":0.0,"max_hp_loss":6.0,"gold_gain":0.0,"event_name":"betterThird:BetterWriting","player_choice":"Materialism","floor":21.0,"gold_loss":0.0,"damage_taken":0.0},{"damage_healed":0.0,"max_hp_gain":0.0,"max_hp_loss":4.0,"gold_gain":0.0,"event_name":"Winding Halls","player_choice":"Max HP","floor":38.0,"gold_loss":0.0,"damage_taken":0.0},{"damage_healed":0,"gold_gain":0,"player_choice":"Fight","damage_taken":0,"max_hp_gain":0,"max_hp_loss":0,"event_name":"Mysterious Sphere","floor":39,"gold_loss":0},{"damage_healed":0,"gold_gain":0,"player_choice":"Fight","damage_taken":0,"max_hp_gain":0,"max_hp_loss":0,"event_name":"MindBloom","floor":42,"gold_loss":0}],"is_beta":false,"boss_relics":[{"not_picked":["hubris:TerracottaHorce","reliquary:WritOfMandamus"],"picked":"aspiration:DefectSkillbook"},{"not_picked":["Velvet Choker","hubris:HollowSoul"],"picked":"Calling Bell"}],"items_purged_floors":[2,22,28,37],"is_endless":false,"potions_floor_spawned":[5,7,18,23,31,36,42,48],"ascension_level":4}}