{"host":"tr0r177cvmpvg89h","time":1614091377,"event":{"mods":["BaseMod","Colored Map","DeckTracker","Minty Spire (QoL Compilation)","StSLib","SuperFastMode"],"gold_per_floor":[112,130,148,148,39,39,62,62,142,177,196,196,196,209,209,328,328,351,351,102,102,97,97,97,97],"floor_reached":24,"language":"KOR","playtime":1396,"items_purged":["Injury","Writhe"],"score":196,"play_id":"b309b6af-85ca-472c-bbec-186c41b8a074","local_time":"20210223234257","is_ascension_mode":false,"campfire_choices":[{"data":"Self Repair","floor":6,"key":"SMITH"},{"data":"Machine Learning","floor":8,"key":"SMITH"},{"data":"Doom and Gloom","floor":12,"key":"SMITH"},{"data":"Conserve Battery","floor":15,"key":"SMITH"},{"data":"Biased Cognition","floor":23,"key":"SMITH"}],"circlet_count":0,"master_deck":["Strike_B","Defend_B","Defend_B","Defend_B+1","Defend_B","Zap","Dualcast+1","Ball Lightning","Conserve Battery+1","Coolheaded","Self Repair+1","Machine Learning+1","Loop","Doom and Gloom+1","Capacitor","Biased Cognition+1","Gash+1","Hello World+1","Multi-Cast+1","Zap","Capacitor","Hologram","Glacier+1"],"relics":["Cracked Core","Potion Belt","Golden Idol","White Beast Statue","Centennial Puzzle","Astrolabe","War Paint","HandDrill"],"acts_visited":["Exordium","TheCity"],"potions_floor_usage":[10,10,16,16,16,16,22],"damage_taken":[{"damage":6,"enemies":"Jaw Worm","floor":1,"turns":3},{"damage":0,"enemies":"2 Louse","floor":2,"turns":3},{"damage":1,"enemies":"Cultist","floor":3,"turns":3},{"damage":5,"enemies":"Blue Slaver","floor":7,"turns":3},{"damage":38,"enemies":"3 Sentries","floor":10,"turns":7},{"damage":24,"enemies":"Lots of Slimes","floor":11,"turns":4},{"damage":0,"enemies":"Large Slime","floor":14,"turns":4},{"damage":37,"enemies":"Slime Boss","floor":16,"turns":10},{"damage":15,"enemies":"Spheric Guardian","floor":18,"turns":6},{"damage":21,"enemies":"2 Thieves","floor":22,"turns":4},{"damage":66,"enemies":"Gremlin Leader","floor":24,"turns":4}],"seed_played":"-9197417667140419581","potions_obtained":[{"floor":1,"key":"Strength Potion"},{"floor":2,"key":"CultistPotion"},{"floor":3,"key":"DistilledChaos"},{"floor":10,"key":"Ancient Potion"},{"floor":11,"key":"Strength Potion"},{"floor":13,"key":"FocusPotion"},{"floor":13,"key":"EssenceOfSteel"},{"floor":13,"key":"SmokeBomb"},{"floor":16,"key":"Dexterity Potion"},{"floor":18,"key":"CultistPotion"},{"floor":22,"key":"Swift Potion"}],"is_trial":false,"path_per_floor":["M","M","M","?","$","R","M","R","T","E","M","R","?","M","R","B",null,"M","?","$","?","M","R","E"],"character_chosen":"DEFECT","items_purchased":["Self Repair","HandDrill"],"campfire_rested":0,"item_purchase_floors":[5,20],"current_hp_per_floor":[69,69,68,68,68,68,73,73,73,45,31,31,31,41,41,14,75,70,70,70,70,59,59,0,0],"gold":97,"neow_bonus":"RANDOM_COMMON_RELIC","is_daily":false,"chose_seed":false,"campfire_upgraded":5,"win_rate":0.0,"timestamp":1614091377,"path_taken":["M","M","M","?","$","R","M","R","T","E","M","R","?","M","R","BOSS","M","?","$","?","?","R","E"],"items_purchased_type":["Card","Relic"],"build_version":"2020-12-22","purchased_purges":2,"victory":false,"max_hp_per_floor":[75,75,75,75,75,75,75,75,75,75,75,75,75,75,75,75,75,75,75,75,75,75,75,75,75],"card_choices":[{"not_picked":["FTL","Leap"],"picked":"Ball Lightning","floor":1},{"not_picked":["Capacitor","Coolheaded"],"picked":"Conserve Battery","floor":2},{"not_picked":["Stack","Hologram"],"picked":"Coolheaded","floor":3},{"not_picked":["Double Energy","Conserve Battery"],"picked":"Machine Learning","floor":7},{"not_picked":["Streamline","Lockon"],"picked":"Loop","floor":10},{"not_picked":["Compile Driver","Coolheaded"],"picked":"Doom and Gloom","floor":11},{"not_picked":["Gash","Chill"],"picked":"Capacitor","floor":14},{"not_picked":["Fission","All For One"],"picked":"Biased Cognition","floor":16},{"not_picked":["Steam Power","Self Repair","Skim"],"picked":"SKIP","floor":18},{"not_picked":["Compile Driver","FTL"],"picked":"Glacier+1","floor":22}],"player_experience":130909,"relics_obtained":[{"floor":9,"key":"White Beast Statue"},{"floor":10,"key":"Centennial Puzzle"}],"event_choices":[{"damage_healed":0,"gold_gain":0,"player_choice":"Take Wound","damage_taken":0,"relics_obtained":["Golden Idol"],"max_hp_gain":0,"max_hp_loss":0,"event_name":"Golden Idol","floor":4,"gold_loss":0,"cards_obtained":["Injury"]},{"damage_healed":0,"gold_gain":0,"player_choice":"Got Potions","damage_taken":0,"max_hp_gain":0,"max_hp_loss":0,"event_name":"Lab","floor":13,"gold_loss":0},{"damage_healed":0,"gold_gain":0,"player_choice":"Opened","damage_taken":0,"relics_obtained":["War Paint"],"max_hp_gain":0,"max_hp_loss":0,"event_name":"The Mausoleum","floor":19,"gold_loss":0,"cards_obtained":["Writhe"]},{"damage_healed":0,"gold_gain":0,"player_choice":"3 cards matched","damage_taken":0,"max_hp_gain":0,"max_hp_loss":0,"event_name":"Match and Keep!","floor":21,"gold_loss":0,"cards_obtained":["Zap","Capacitor","Hologram"]}],"is_beta":false,"boss_relics":[{"not_picked":["Empty Cage","Snecko Eye"],"picked":"Astrolabe"}],"items_purged_floors":[5,20],"is_endless":false,"potions_floor_spawned":[1,2,3,10,11,14,16,18,22],"killed_by":"Gremlin Leader","ascension_level":0}}