{"host":"jgl9m63d23sfproq","time":1614078410,"event":{"mods":["Act Like it!","Aspiration","Bard","BaseMod","Bossed Relics","Colored Map","Conspire","Dark Map","DeckTracker","Downfall","Friendly Minions","Gensokyo","Jedi Mod","Marisa¡]Ãú«B¡@Å]²z¨F¡^","Minty Spire (QoL Compilation)","Reliquary","Replay The Spire","Shop Mod","Smile Girya","StSLib","The Blackbeard","The Construct","The Jungle","The Mystic","The Runesmith","The Servant 0.9.4","Wide Potions","Yuyuko"],"gold_per_floor":[119,119,56,56,74,74,87,106,106,121,121,140,157,175,175,175,175],"floor_reached":16,"language":"ZHS","playtime":608,"items_purged":[],"score":96,"play_id":"366cebce-b446-4a13-ba22-c7a2120a9ee5","local_time":"20210223190650","is_ascension_mode":false,"campfire_choices":[{"floor":6,"key":"RECALL"},{"floor":15,"key":"REST"}],"circlet_count":0,"master_deck":["Strike_G","Strike_G","Strike_G","Strike_G","Strike_G","Defend_G","Defend_G","Defend_G","Defend_G","Defend_G","Survivor","Neutralize","jedi:pocketpoison","Injury","Fluid Movement+1","Blade Dance","After Image+1","Blade Dance","Hidden Blade"],"relics":["Ring of the Snake","aspiration:DSix","Frozen Egg 2","Replay:Bottled Flurry"],"acts_visited":["Exordium"],"potions_floor_usage":[16],"damage_taken":[{"damage":0,"enemies":"Jaw Worm","floor":1,"turns":6},{"damage":6,"enemies":"Cultist","floor":5,"turns":4},{"damage":2,"enemies":"Small Slimes","floor":7,"turns":5},{"damage":8,"enemies":"Red Slaver","floor":8,"turns":4},{"damage":12,"enemies":"Exordium Wildlife","floor":10,"turns":6},{"damage":3,"enemies":"Looter","floor":12,"turns":3},{"damage":11,"enemies":"Gremlin Gang","floor":13,"turns":4},{"damage":2,"enemies":"3 Louse","floor":14,"turns":4},{"damage":66,"enemies":"Fading Forest","floor":16,"turns":11}],"seed_played":"6978034867863610884","potions_obtained":[{"floor":7,"key":"GamblersBrew"},{"floor":12,"key":"FearPotion"},{"floor":13,"key":"Reflective Coating"}],"is_trial":false,"path_per_floor":["M","?","?","$","M","R","M","M","T","M","?","M","M","M","R","B"],"character_chosen":"THE_SILENT","items_purchased":[],"campfire_rested":1,"item_purchase_floors":[],"current_hp_per_floor":[70,70,70,70,64,64,62,54,54,42,42,39,28,26,47,0,0],"gold":175,"neow_bonus":"DSIX","is_daily":false,"chose_seed":false,"campfire_upgraded":0,"win_rate":0.0,"timestamp":1614078410,"path_taken":["M","?","?","$","M","R","?","M","T","?","?","M","M","M","R","BOSS"],"items_purchased_type":[],"build_version":"2020-12-22","purchased_purges":0,"victory":false,"max_hp_per_floor":[70,70,70,70,70,70,70,70,70,70,70,70,70,70,70,70,70],"card_choices":[{"not_picked":["Sucker Punch","Prepared"],"picked":"jedi:pocketpoison","floor":1},{"not_picked":["Dodge and Roll","Hidden Blade"],"picked":"Fluid Movement+1","floor":5},{"not_picked":["Flying Knee","Distraction"],"picked":"Blade Dance","floor":7},{"not_picked":["Slice","Calculated Gamble"],"picked":"After Image+1","floor":8},{"not_picked":["PiercingWail","Prepared"],"picked":"Blade Dance","floor":10},{"not_picked":["Expertise","jedi:poisonivy+1","Quick Slash"],"picked":"SKIP","floor":12},{"not_picked":["Skewer","Prepared"],"picked":"Hidden Blade","floor":13},{"not_picked":["Flechettes","Flying Knee","All Out Attack"],"picked":"SKIP","floor":14}],"player_experience":59235,"relics_obtained":[],"event_choices":[{"damage_healed":0,"gold_gain":0,"player_choice":"Paid Gold","damage_taken":0,"relics_obtained":["Replay:Bottled Flurry"],"max_hp_gain":0,"max_hp_loss":0,"event_name":"WeMeetAgain","floor":3,"gold_loss":63},{"damage_healed":0,"gold_gain":0,"player_choice":"Bought 0 Potions","damage_taken":0,"max_hp_gain":0,"max_hp_loss":0,"event_name":"The Woman in Blue","floor":11,"gold_loss":0}],"is_beta":false,"boss_relics":[],"items_purged_floors":[],"is_endless":false,"potions_floor_spawned":[7,12,13],"killed_by":"Fading Forest","ascension_level":0}}