{"host":"insagfzijja1377g","time":1614095676,"event":{"mods":["BaseMod","Bestiary","Highlight Path","Minty Spire (QoL Compilation)","Relic Stats","Slay the Relics Exporter"],"gold_per_floor":[366,377,377,388,2,32,45,78,78,92,23,23,57,71,71,169,169,185,165,5,20,20,52,52,52,52,69,69,97,97,116,116,221,221,234,252,252,271,289,301,332,348,348,398,17,117,152,163,163,163,163,163,39,67,67],"floor_reached":56,"language":"ENG","playtime":4042,"items_purged":[],"score":1638,"play_id":"23f0c1e9-10f7-478f-bea2-7b30a134ac2a","local_time":"20210223095436","is_ascension_mode":true,"campfire_choices":[{"data":"Wireheading","floor":12,"key":"SMITH"},{"data":"MentalFortress","floor":15,"key":"SMITH"},{"data":"TalkToTheHand","floor":25,"key":"SMITH"},{"data":"CrushJoints","floor":30,"key":"SMITH"},{"data":"BowlingBash","floor":32,"key":"SMITH"},{"floor":49,"key":"RECALL"},{"data":"Devotion","floor":52,"key":"SMITH"}],"circlet_count":0,"master_deck":["Strike_P+1","Strike_P+1","Strike_P+1","Strike_P+1","Defend_P+1","Defend_P+1","Defend_P+1","Defend_P+1","Eruption+1","Vigilance+1","BowlingBash+1","CutThroughFate","FollowUp+1","Indignation+1","Meditate","Perseverance","Weave","Wireheading+1","MentalFortress+1","InnerPeace+1","Vault+1","CarveReality+1","WaveOfTheHand+1","EmptyFist","Weave+1","TalkToTheHand+1","ClearTheMind","CrushJoints+1","CutThroughFate+1","LessonLearned+1","Consecrate+1","BowlingBash+1","PathToVictory+1","CutThroughFate+1","Evaluate+1","Omniscience","Vault","JustLucky+1","EmptyBody+1","Adaptation","FearNoEvil+1","TalkToTheHand","CutThroughFate","Devotion+1","FollowUp+1"],"relics":["PureWater","Mummified Hand","HornCleat","Kunai","Sundial","Letter Opener","Mercury Hourglass","Coffee Dripper","The Courier","Nloth\u0027s Gift","Ornamental Fan","Runic Pyramid","Pen Nib","Pocketwatch","Pantograph","Blue Candle","OrangePellets","InkBottle"],"acts_visited":["Exordium","TheCity","TheBeyond","TheEnding"],"potions_floor_usage":[6,16,18,29,48,54,55,55,55],"damage_taken":[{"damage":0,"enemies":"Cultist","floor":1,"turns":2},{"damage":0,"enemies":"Jaw Worm","floor":2,"turns":2},{"damage":0,"enemies":"Small Slimes","floor":4,"turns":2},{"damage":0,"enemies":"Gremlin Nob","floor":6,"turns":3},{"damage":0,"enemies":"2 Fungi Beasts","floor":7,"turns":2},{"damage":12,"enemies":"3 Sentries","floor":8,"turns":7},{"damage":0,"enemies":"3 Louse","floor":10,"turns":1},{"damage":10,"enemies":"Lagavulin","floor":13,"turns":6},{"damage":9,"enemies":"Red Slaver","floor":14,"turns":2},{"damage":0,"enemies":"The Guardian","floor":16,"turns":8},{"damage":3,"enemies":"2 Thieves","floor":18,"turns":2},{"damage":0,"enemies":"Spheric Guardian","floor":21,"turns":2},{"damage":18,"enemies":"Slavers","floor":23,"turns":4},{"damage":0,"enemies":"Snake Plant","floor":27,"turns":5},{"damage":5,"enemies":"Book of Stabbing","floor":29,"turns":5},{"damage":0,"enemies":"3 Cultists","floor":31,"turns":4},{"damage":0,"enemies":"Collector","floor":33,"turns":7},{"damage":0,"enemies":"Orb Walker","floor":35,"turns":4},{"damage":2,"enemies":"3 Shapes","floor":36,"turns":6},{"damage":12,"enemies":"Sphere and 2 Shapes","floor":38,"turns":4},{"damage":0,"enemies":"Spire Growth","floor":39,"turns":5},{"damage":18,"enemies":"3 Darklings","floor":40,"turns":3},{"damage":1,"enemies":"Giant Head","floor":41,"turns":9},{"damage":0,"enemies":"Maw","floor":42,"turns":8},{"damage":0,"enemies":"Mind Bloom Boss Battle","floor":44,"turns":7},{"damage":0,"enemies":"Reptomancer","floor":47,"turns":5},{"damage":0,"enemies":"Jaw Worm Horde","floor":48,"turns":6},{"damage":16,"enemies":"Time Eater","floor":50,"turns":7},{"damage":14,"enemies":"Shield and Spear","floor":54,"turns":5},{"damage":36,"enemies":"The Heart","floor":55,"turns":7}],"seed_played":"8179433086043347047","potions_obtained":[{"floor":4,"key":"Strength Potion"},{"floor":8,"key":"SteroidPotion"},{"floor":10,"key":"LiquidBronze"},{"floor":16,"key":"BlessingOfTheForge"},{"floor":19,"key":"SpeedPotion"},{"floor":33,"key":"Strength Potion"},{"floor":42,"key":"LiquidMemories"},{"floor":48,"key":"Energy Potion"},{"floor":54,"key":"Energy Potion"}],"is_trial":false,"path_per_floor":["M","M","?","M","$","E","M","E","T","M","$","R","E","M","R","B",null,"M","?","$","M","?","E","?","R","T","M","?","E","R","M","R","B",null,"M","M","?","M","M","M","E","M","T","?","$","?","E","M","R","B",null,"R","$","E","B",null],"character_chosen":"WATCHER","items_purchased":["CutThroughFate","FollowUp","HornCleat","SteroidPotion","Wireheading","WaveOfTheHand","EmptyFist","Weave","Adaptation","Pantograph","FearNoEvil","TalkToTheHand","OrangePellets"],"campfire_rested":0,"item_purchase_floors":[5,5,5,5,11,20,20,20,45,45,45,45,53],"current_hp_per_floor":[65,65,65,65,65,65,65,53,53,53,53,53,43,34,34,34,65,62,62,62,62,51,33,33,33,33,33,33,28,28,28,28,28,70,70,68,68,56,56,38,37,37,37,37,37,37,37,37,37,46,70,70,70,56,34],"gold":67,"neow_bonus":"TWO_FIFTY_GOLD","is_daily":false,"chose_seed":false,"campfire_upgraded":6,"win_rate":0.0,"timestamp":1614095676,"path_taken":["M","?","?","?","?","E","M","E","T","M","$","R","E","M","R","BOSS","M","?","$","?","?","E","?","R","T","M","?","E","R","?","R","BOSS","M","M","?","?","M","M","E","M","T","?","$","?","E","M","R","BOSS","R","$","E","BOSS"],"items_purchased_type":["Card","Card","Relic","Potion","Card","Card","Card","Card","Card","Relic","Card","Card","Relic"],"build_version":"2020-12-22","purchased_purges":0,"victory":true,"max_hp_per_floor":[65,65,65,65,65,65,65,65,65,65,65,65,65,65,65,65,65,65,65,65,65,70,70,70,70,70,70,70,70,70,70,70,70,70,70,70,70,70,70,70,70,70,70,70,70,70,70,70,70,70,70,70,70,70,70],"relic_stats":{"counters":[30,140],"Blue Candle":[0],"Pen Nib":[16],"Letter Opener":[154],"Mercury Hourglass":[402],"OrangePellets":[5],"Mummified Hand":[56],"Sundial":[8],"Ornamental Fan":[288],"Pantograph":39,"Nloth\u0027s Gift":6,"Kunai":[99],"obtain_stats":[{"Blue Candle":47,"The Courier":23,"Pen Nib":41,"Letter Opener":9,"Mercury Hourglass":13,"OrangePellets":53,"Nunchaku":26,"HornCleat":5,"Mummified Hand":3,"Sundial":8,"Ornamental Fan":29,"Pantograph":45,"Coffee Dripper":17,"Nloth\u0027s Gift":28,"Kunai":6,"PureWater":0,"InkBottle":54,"Runic Pyramid":34,"Pocketwatch":44},{"Blue Candle":26,"The Courier":13,"Pen Nib":23,"Letter Opener":6,"Mercury Hourglass":8,"OrangePellets":28,"Nunchaku":13,"HornCleat":3,"Mummified Hand":2,"Sundial":6,"Ornamental Fan":15,"Pantograph":25,"Coffee Dripper":10,"Nloth\u0027s Gift":14,"Kunai":4,"PureWater":0,"InkBottle":29,"Runic Pyramid":17,"Pocketwatch":25},{"Blue Candle":115,"The Courier":43,"Pen Nib":95,"Letter Opener":18,"Mercury Hourglass":25,"OrangePellets":128,"Nunchaku":43,"HornCleat":6,"Mummified Hand":4,"Sundial":18,"Ornamental Fan":53,"Pantograph":110,"Coffee Dripper":35,"Nloth\u0027s Gift":48,"Kunai":9,"PureWater":0,"InkBottle":133,"Runic Pyramid":64,"Pocketwatch":110}],"InkBottle":[5],"Pocketwatch":[2]},"card_choices":[{"not_picked":["EmptyBody","FlyingSleeves"],"picked":"Consecrate","floor":1},{"not_picked":["Weave","Evaluate"],"picked":"BowlingBash","floor":2},{"not_picked":["Crescendo","Meditate","Prostrate"],"picked":"SKIP","floor":4},{"not_picked":["JustLucky","Protect"],"picked":"Indignation","floor":6},{"not_picked":["Swivel","EmptyMind"],"picked":"Meditate","floor":7},{"not_picked":["Ragnarok","Conclude"],"picked":"Perseverance","floor":8},{"not_picked":["SashWhip","Pray"],"picked":"Weave","floor":10},{"not_picked":["CutThroughFate","DeceiveReality"],"picked":"MentalFortress","floor":13},{"not_picked":["Fasting2","Prostrate"],"picked":"InnerPeace","floor":14},{"not_picked":["Wish","Alpha"],"picked":"Vault","floor":16},{"not_picked":["ForeignInfluence","SignatureMove+1"],"picked":"CarveReality+1","floor":18},{"not_picked":["DeceiveReality","Vengeance"],"picked":"Weave+1","floor":21},{"not_picked":["Worship","FlurryOfBlows"],"picked":"TalkToTheHand","floor":23},{"not_picked":["JustLucky","Fasting2"],"picked":"ClearTheMind","floor":27},{"not_picked":["Brilliance","SignatureMove"],"picked":"CrushJoints","floor":29},{"not_picked":["Pray","Protect"],"picked":"CutThroughFate","floor":31},{"not_picked":["Alpha","SpiritShield"],"picked":"LessonLearned","floor":33},{"not_picked":["DeceiveReality","WreathOfFlame+1"],"picked":"Consecrate+1","floor":35},{"not_picked":["Evaluate","Crescendo+1"],"picked":"BowlingBash+1","floor":36},{"not_picked":["FlurryOfBlows","SashWhip+1"],"picked":"CutThroughFate+1","floor":38},{"not_picked":["JustLucky+1","ClearTheMind"],"picked":"Evaluate+1","floor":39},{"not_picked":["ClearTheMind+1","Evaluate+1"],"picked":"Omniscience","floor":40},{"not_picked":["Pray","SpiritShield"],"picked":"Vault","floor":41},{"not_picked":["FollowUp","Evaluate+1"],"picked":"JustLucky+1","floor":42},{"not_picked":["InnerPeace","CarveReality"],"picked":"EmptyBody+1","floor":44},{"not_picked":["InnerPeace+1","Wallop"],"picked":"CutThroughFate","floor":47},{"not_picked":["FearNoEvil","Consecrate"],"picked":"Devotion","floor":48},{"not_picked":["BowlingBash+1","Vault"],"picked":"FollowUp+1","floor":54}],"player_experience":2202478,"relics_obtained":[{"floor":6,"key":"Kunai"},{"floor":8,"key":"Sundial"},{"floor":9,"key":"Letter Opener"},{"floor":13,"key":"Mercury Hourglass"},{"floor":23,"key":"The Courier"},{"floor":26,"key":"Nunchaku"},{"floor":29,"key":"Ornamental Fan"},{"floor":41,"key":"Pen Nib"},{"floor":44,"key":"Pocketwatch"},{"floor":47,"key":"Blue Candle"},{"floor":54,"key":"InkBottle"}],"event_choices":[{"cards_removed":["Consecrate"],"damage_healed":0,"gold_gain":0,"player_choice":"Gave Card","damage_taken":0,"relics_obtained":["Mummified Hand"],"max_hp_gain":0,"max_hp_loss":0,"event_name":"WeMeetAgain","floor":3,"gold_loss":0},{"damage_healed":0,"gold_gain":0,"player_choice":"Bought 1 Potion","damage_taken":0,"max_hp_gain":0,"max_hp_loss":0,"event_name":"The Woman in Blue","floor":19,"gold_loss":0},{"damage_healed":0,"gold_gain":0,"player_choice":"Shed Blood","damage_taken":16,"max_hp_gain":5,"max_hp_loss":0,"event_name":"Forgotten Altar","floor":22,"gold_loss":0},{"damage_healed":0,"gold_gain":0,"player_choice":"Simplicity","damage_taken":0,"max_hp_gain":0,"max_hp_loss":0,"event_name":"Back to Basics","floor":24,"gold_loss":0,"cards_upgraded":["Strike_P","Strike_P","Strike_P","Strike_P","Defend_P","Defend_P","Defend_P","Defend_P"]},{"damage_healed":0,"gold_gain":0,"player_choice":"Traded Relic","damage_taken":0,"relics_obtained":["Nloth\u0027s Gift"],"max_hp_gain":0,"max_hp_loss":0,"event_name":"N\u0027loth","floor":28,"relics_lost":["Nunchaku"],"gold_loss":0},{"damage_healed":0,"gold_gain":0,"cards_transformed":["Weave"],"player_choice":"Transformed","damage_taken":0,"max_hp_gain":0,"max_hp_loss":0,"event_name":"Transmorgrifier","floor":37,"gold_loss":0,"cards_obtained":["PathToVictory"]},{"damage_healed":0,"gold_gain":0,"player_choice":"Fight","damage_taken":0,"max_hp_gain":0,"max_hp_loss":0,"event_name":"MindBloom","floor":44,"gold_loss":0},{"damage_healed":0,"gold_gain":100,"player_choice":"Pray","damage_taken":0,"max_hp_gain":0,"max_hp_loss":0,"event_name":"Golden Shrine","floor":46,"gold_loss":0}],"is_beta":false,"boss_relics":[{"not_picked":["Fusion Hammer","Empty Cage"],"picked":"Coffee Dripper"},{"not_picked":["Cursed Key","Runic Dome"],"picked":"Runic Pyramid"}],"items_purged_floors":[],"is_endless":false,"potions_floor_spawned":[4,8,10,16,21,27,33,35,38,39,42,47,48,54],"ascension_level":4}}