{"host":"zxkjcgzis4pm3za5","time":1614090577,"event":{"mods":["2.2 Compatiblity","AchievementEnabler","BaseMod","Colored Map","Colored Powertips","Minty Spire (QoL Compilation)","Quick Restart","Random Character Button","Relic Filter Mod","Relic Sorter","Relic Stats","StSLib","ojb\u0027s Info Mod"],"gold_per_floor":[116,128,128,84,94,121,121,150,150,168,201,219,238,266,266,266,266],"floor_reached":16,"language":"ENG","playtime":2670,"items_purged":[],"score":264,"play_id":"ce40af5d-a441-43f3-abae-51e808f10cc9","local_time":"20210223195937","is_ascension_mode":true,"campfire_choices":[{"data":"Spot Weakness","floor":7.0,"key":"SMITH"},{"data":"Flame Barrier","floor":15,"key":"SMITH"}],"circlet_count":0,"master_deck":["AscendersBane","Strike_R","Strike_R","Strike_R","Strike_R","Strike_R","Defend_R","Defend_R","Defend_R","Defend_R","Bash","Sever Soul","Hemokinesis+1","Fire Breathing","Spot Weakness+1","Dark Embrace+1","Combust+1","True Grit","Reaper","Barricade+1","Shrug It Off","Flame Barrier+1"],"relics":["Burning Blood","Bronze Scales","Frozen Egg 2","Letter Opener","Paper Frog","Smiling Mask","Toy Ornithopter"],"acts_visited":[],"potions_floor_usage":[12],"damage_taken":[{"damage":2.0,"enemies":"Cultist","floor":1.0,"turns":4.0},{"damage":2.0,"enemies":"2 Louse","floor":2.0,"turns":3.0},{"damage":5.0,"enemies":"Small Slimes","floor":5.0,"turns":3.0},{"damage":27.0,"enemies":"3 Sentries","floor":6.0,"turns":5.0},{"damage":29.0,"enemies":"Lagavulin","floor":8.0,"turns":7.0},{"damage":6.0,"enemies":"2 Fungi Beasts","floor":10.0,"turns":3.0},{"damage":13.0,"enemies":"3 Sentries","floor":11.0,"turns":4.0},{"damage":10,"enemies":"Blue Slaver","floor":12,"turns":5},{"damage":10,"enemies":"3 Louse","floor":13,"turns":2},{"damage":13,"enemies":"Gremlin Nob","floor":14,"turns":3},{"damage":28,"enemies":"Hexaghost","floor":16,"turns":9}],"seed_played":"1195828010345665636","potions_obtained":[{"floor":1.0,"key":"AttackPotion"},{"floor":6.0,"key":"BlessingOfTheForge"},{"floor":10.0,"key":"Explosive Potion"},{"floor":11.0,"key":"BlessingOfTheForge"}],"is_trial":false,"path_per_floor":["M","M","?","$","M","E","R","E","T","M","E","M","M","E","R","B"],"character_chosen":"IRONCLAD","items_purchased":["Fire Breathing"],"campfire_rested":0,"item_purchase_floors":[4],"current_hp_per_floor":[72,75,75,75,75,54,54,31,31,31,24,26,22,15,15,0,0],"gold":266,"neow_bonus":"RANDOM_COMMON_RELIC","is_daily":false,"chose_seed":false,"campfire_upgraded":2,"win_rate":0.0,"timestamp":1614090577,"path_taken":["M","?","?","$","M","E","R","E","T","M","E","M","M","E","R","BOSS"],"items_purchased_type":["Card"],"build_version":"2020-12-22","purchased_purges":0,"victory":false,"max_hp_per_floor":[75,75,75,75,75,75,75,75,75,75,75,75,75,75,75,75,75],"relic_stats":{"counters":[11,48],"Bronze Scales":[126],"Letter Opener":[10],"Smiling Mask":0,"obtain_stats":[{"Bronze Scales":0,"Letter Opener":8,"Frozen Egg 2":6,"Smiling Mask":11,"Burning Blood":0,"Toy Ornithopter":14,"Paper Frog":9},{"Bronze Scales":0,"Letter Opener":5,"Frozen Egg 2":4,"Smiling Mask":7,"Burning Blood":0,"Toy Ornithopter":10,"Paper Frog":5},{"Bronze Scales":0,"Letter Opener":22,"Frozen Egg 2":15,"Smiling Mask":29,"Burning Blood":0,"Toy Ornithopter":39,"Paper Frog":22}],"Burning Blood":58,"Toy Ornithopter":0},"card_choices":[{"not_picked":["Shockwave","Havoc"],"picked":"Sever Soul","floor":1.0},{"not_picked":["Shrug It Off","Wild Strike"],"picked":"Hemokinesis","floor":2.0},{"not_picked":["Headbutt","Body Slam"],"picked":"Spot Weakness","floor":5.0},{"not_picked":["Clothesline","Wild Strike"],"picked":"Dark Embrace+1","floor":6.0},{"not_picked":["Offering","Sword Boomerang"],"picked":"Combust+1","floor":8.0},{"not_picked":["Pommel Strike","Flex"],"picked":"True Grit","floor":10.0},{"not_picked":["Sword Boomerang","True Grit"],"picked":"Reaper","floor":11.0},{"not_picked":["Wild Strike","Entrench"],"picked":"Barricade+1","floor":12},{"not_picked":["Iron Wave","Warcry"],"picked":"Shrug It Off","floor":13},{"not_picked":["Disarm","Perfected Strike"],"picked":"Flame Barrier","floor":14}],"player_experience":426223,"relics_obtained":[{"floor":6.0,"key":"Frozen Egg 2"},{"floor":8.0,"key":"Letter Opener"},{"floor":9.0,"key":"Paper Frog"},{"floor":11.0,"key":"Smiling Mask"},{"floor":14,"key":"Toy Ornithopter"}],"event_choices":[{"damage_healed":0.0,"max_hp_gain":0.0,"max_hp_loss":0.0,"gold_gain":0.0,"event_name":"Living Wall","player_choice":"Grow","floor":3.0,"gold_loss":0.0,"damage_taken":0.0,"cards_upgraded":["Hemokinesis"]}],"is_beta":false,"boss_relics":[],"items_purged_floors":[],"is_endless":false,"potions_floor_spawned":[1,6,10,11],"killed_by":"Hexaghost","ascension_level":20}}