{"host":"3n5xmnb54n2y5mb4","time":1614116795,"event":{"mods":["BaseMod","Colored Map","Colored Powertips","Minty Spire (QoL Compilation)","Permanent Neow","StSLib","Unceasing Turn Reminder","everything is the same but u backflip on backflip"],"gold_per_floor":[116,128,146,146,157,157,171,171,194,227,246,211,211,0,0,103,103,115,133,146,157,256,256,281,281,281,311,311,326,4,4,4,102,102,122,141,157,169,169,197,215,215,215,248,260,260,59,76,76,76],"floor_reached":51,"language":"ENG","playtime":2630,"items_purged":[],"score":1237,"play_id":"5cd70d0b-9927-451c-b8a3-7f10d80712a7","local_time":"20210223164635","is_ascension_mode":true,"campfire_choices":[{"data":"Cloak And Dagger","floor":6.0,"key":"SMITH"},{"floor":8.0,"key":"REST"},{"data":"Neutralize","floor":15.0,"key":"SMITH"},{"floor":23.0,"key":"REST"},{"floor":25.0,"key":"REST"},{"floor":32.0,"key":"REST"},{"floor":42,"key":"REST"},{"data":"Footwork","floor":49,"key":"SMITH"}],"circlet_count":0,"master_deck":["AscendersBane","Strike_G","Defend_G","Defend_G","Defend_G","Defend_G","Defend_G","Survivor","Neutralize+1","Blade Dance","PiercingWail","Caltrops","Cloak And Dagger+1","After Image","Masterful Stab","Doppelganger","Doppelganger","Footwork+1","Underhanded Strike+1","Corpse Explosion+1","Prepared","Finisher","Footwork+1","Prepared","A Thousand Cuts","Blade Dance","Skewer","Accuracy","Footwork+1","Doppelganger","Cloak And Dagger+1","Skewer","Leg Sweep","Writhe","Expertise","Bouncing Flask","Cloak And Dagger","Accuracy"],"relics":["Sozu","Bronze Scales","Art of War","WingedGreaves","Chemical X","Astrolabe","Snake Skull","FossilizedHelix","InkBottle","Mummified Hand","SlaversCollar","Eternal Feather","Ornamental Fan","Potion Belt","Ancient Tea Set"],"acts_visited":["Exordium","TheCity","TheBeyond"],"potions_floor_usage":[],"damage_taken":[{"damage":0.0,"enemies":"2 Louse","floor":1.0,"turns":3.0},{"damage":0.0,"enemies":"Jaw Worm","floor":2.0,"turns":3.0},{"damage":0.0,"enemies":"Cultist","floor":3.0,"turns":4.0},{"damage":8.0,"enemies":"3 Louse","floor":5.0,"turns":4.0},{"damage":13.0,"enemies":"Exordium Wildlife","floor":7.0,"turns":4.0},{"damage":18.0,"enemies":"Lagavulin","floor":10.0,"turns":9.0},{"damage":8.0,"enemies":"Large Slime","floor":11.0,"turns":7.0},{"damage":39.0,"enemies":"Slime Boss","floor":16.0,"turns":15.0},{"damage":0.0,"enemies":"Shell Parasite","floor":18.0,"turns":4.0},{"damage":9.0,"enemies":"3 Byrds","floor":19.0,"turns":2.0},{"damage":7.0,"enemies":"Centurion and Healer","floor":20.0,"turns":4.0},{"damage":9.0,"enemies":"Snake Plant","floor":21.0,"turns":4.0},{"damage":24.0,"enemies":"Slavers","floor":24.0,"turns":3.0},{"damage":21.0,"enemies":"Gremlin Leader","floor":27.0,"turns":5.0},{"damage":13.0,"enemies":"Colosseum Slavers","floor":28.0,"turns":3.0},{"damage":0.0,"enemies":"Chosen and Byrds","floor":29.0,"turns":4.0},{"damage":28.0,"enemies":"Collector","floor":33.0,"turns":8.0},{"damage":0.0,"enemies":"3 Shapes","floor":35.0,"turns":6.0},{"damage":11.0,"enemies":"3 Darklings","floor":36.0,"turns":3.0},{"damage":5.0,"enemies":"Transient","floor":37.0,"turns":5.0},{"damage":0.0,"enemies":"Maw","floor":38.0,"turns":5.0},{"damage":9.0,"enemies":"Reptomancer","floor":40.0,"turns":3.0},{"damage":22,"enemies":"Sphere and 2 Shapes","floor":41,"turns":5},{"damage":0,"enemies":"Nemesis","floor":44,"turns":5},{"damage":0,"enemies":"Jaw Worm Horde","floor":45,"turns":4},{"damage":0,"enemies":"3 Darklings","floor":48,"turns":2},{"damage":32,"enemies":"Awakened One","floor":50,"turns":8}],"seed_played":"2948312493665797209","potions_obtained":[],"is_trial":false,"path_per_floor":["M","M","M","?","M","R","M","R","T","E","M","?","T","$","R","B",null,"M","M","M","M","?","R","E","R","T","E","?","M","$","?","R","B",null,"M","M","M","M","?","E","M","R","T","E","M","?","$","M","R","B",null],"character_chosen":"THE_SILENT","items_purchased":["Chemical X","Doppelganger","Mummified Hand","Accuracy","Ancient Tea Set","Cloak And Dagger"],"campfire_rested":5,"item_purchase_floors":[14,14,30,30,47,47],"current_hp_per_floor":[63,63,63,56,48,48,35,56,56,38,30,47,47,47,47,8,55,55,46,39,30,30,51,27,48,48,27,14,14,14,14,35,7,54,54,43,38,38,56,47,25,67,67,67,67,67,67,67,70,38],"gold":76,"neow_bonus":"BOSS_RELIC","is_daily":false,"chose_seed":false,"campfire_upgraded":3,"win_rate":0.0,"timestamp":1614116795,"path_taken":["M","M","M","?","M","R","M","R","T","E","M","?","?","$","R","BOSS","M","M","M","?","?","R","E","R","T","E","?","M","$","?","R","BOSS","M","M","?","M","?","E","M","R","T","E","M","?","$","M","R","BOSS"],"items_purchased_type":["Relic","Card","Relic","Card","Relic","Card"],"build_version":"2020-12-22","purchased_purges":0,"victory":true,"max_hp_per_floor":[70,70,70,70,70,70,70,70,70,70,70,70,70,70,70,70,70,70,70,70,70,70,70,70,70,70,70,70,70,70,70,70,70,70,70,70,70,70,70,70,70,70,70,70,70,70,70,70,70,70],"card_choices":[{"not_picked":["Prepared","Deflect"],"picked":"Blade Dance","floor":1.0},{"not_picked":["Flying Knee","Underhanded Strike"],"picked":"PiercingWail","floor":2.0},{"not_picked":["Acrobatics","Predator"],"picked":"Caltrops","floor":3.0},{"not_picked":["Underhanded Strike","Quick Slash"],"picked":"Cloak And Dagger","floor":5.0},{"not_picked":["Flying Knee","Cloak And Dagger"],"picked":"Footwork","floor":7.0},{"not_picked":["Concentrate","PiercingWail"],"picked":"After Image","floor":10.0},{"not_picked":["Backstab","Setup"],"picked":"Masterful Stab","floor":11.0},{"not_picked":["Bullet Time","Die Die Die"],"picked":"Doppelganger","floor":16.0},{"not_picked":["Acrobatics","Setup"],"picked":"Prepared","floor":18.0},{"not_picked":["Terror","Tactician+1"],"picked":"Finisher","floor":19.0},{"not_picked":["Quick Slash","Underhanded Strike+1"],"picked":"Footwork","floor":20.0},{"not_picked":["Finisher","Catalyst"],"picked":"Prepared","floor":21.0},{"not_picked":["Predator","Concentrate"],"picked":"A Thousand Cuts","floor":24.0},{"not_picked":["Caltrops+1","Distraction"],"picked":"Blade Dance","floor":27.0},{"not_picked":["PiercingWail+1","Backstab"],"picked":"Skewer","floor":29.0},{"not_picked":["Tools of the Trade","Unload"],"picked":"Doppelganger","floor":33.0},{"not_picked":["Masterful Stab+1","Dodge and Roll"],"picked":"Cloak And Dagger+1","floor":35.0},{"not_picked":["Dagger Spray","Blur"],"picked":"Skewer","floor":36.0},{"not_picked":["Backstab","Predator"],"picked":"Leg Sweep","floor":37.0},{"not_picked":["Underhanded Strike+1","Bane","Deadly Poison"],"picked":"SKIP","floor":38.0},{"not_picked":["Tactician","Escape Plan","Eviscerate+1"],"picked":"SKIP","floor":40.0},{"not_picked":["Reflex","Outmaneuver"],"picked":"Expertise","floor":41},{"not_picked":["Predator","Blur"],"picked":"Bouncing Flask","floor":44},{"not_picked":["Tactician+1","Burst","Prepared"],"picked":"SKIP","floor":45},{"not_picked":["Flying Knee","Heel Hook"],"picked":"Accuracy","floor":48}],"player_experience":1016431,"relics_obtained":[{"floor":9.0,"key":"Bronze Scales"},{"floor":10.0,"key":"Art of War"},{"floor":13.0,"key":"WingedGreaves"},{"floor":24.0,"key":"Snake Skull"},{"floor":26.0,"key":"FossilizedHelix"},{"floor":27.0,"key":"InkBottle"},{"floor":40.0,"key":"Eternal Feather"},{"floor":43,"key":"Ornamental Fan"},{"floor":44,"key":"Potion Belt"}],"event_choices":[{"cards_removed":["Strike_G"],"damage_healed":0.0,"max_hp_gain":0.0,"max_hp_loss":0.0,"gold_gain":0.0,"event_name":"Golden Wing","player_choice":"Card Removal","floor":4.0,"gold_loss":0.0,"damage_taken":7.0},{"damage_healed":17.0,"max_hp_gain":0.0,"max_hp_loss":0.0,"gold_gain":0.0,"event_name":"The Cleric","player_choice":"Healed","floor":12.0,"gold_loss":35.0,"damage_taken":0.0},{"damage_healed":0.0,"max_hp_gain":0.0,"max_hp_loss":0.0,"gold_gain":99.0,"event_name":"Nest","player_choice":"Stole From Cult","floor":22.0,"gold_loss":0.0,"damage_taken":0.0},{"damage_healed":0.0,"max_hp_gain":0.0,"max_hp_loss":0.0,"gold_gain":0.0,"event_name":"Colosseum","player_choice":"Fight","floor":28.0,"gold_loss":0.0,"damage_taken":0.0},{"damage_healed":0.0,"max_hp_gain":0.0,"max_hp_loss":0.0,"gold_gain":0.0,"event_name":"Colosseum","player_choice":"Fled From Nobs","floor":28.0,"gold_loss":0.0,"damage_taken":0.0},{"damage_healed":0.0,"max_hp_gain":0.0,"max_hp_loss":0.0,"gold_gain":0.0,"event_name":"Duplicator","player_choice":"Copied","floor":31.0,"gold_loss":0.0,"damage_taken":0.0,"cards_obtained":["Footwork"]},{"damage_healed":18.0,"max_hp_gain":0.0,"max_hp_loss":0.0,"gold_gain":0.0,"event_name":"Winding Halls","player_choice":"Writhe","floor":39.0,"gold_loss":0.0,"damage_taken":0.0,"cards_obtained":["Writhe"]},{"cards_removed":["Footwork"],"damage_healed":0,"gold_gain":0,"player_choice":"Removed Power","damage_taken":0,"max_hp_gain":0,"max_hp_loss":0,"event_name":"Falling","floor":46,"gold_loss":0}],"is_beta":false,"boss_relics":[{"not_picked":["Velvet Choker","Tiny House"],"picked":"Astrolabe"},{"not_picked":["HoveringKite","Empty Cage"],"picked":"SlaversCollar"}],"items_purged_floors":[],"is_endless":false,"potions_floor_spawned":[2,7,20,24,27,28,29,35,37,38,48],"ascension_level":12}}