{"host":"t9zjxed0utvsfjwc","time":1614075818,"event":{"mods":["2.2 Compatiblity","A Penny For Your Troubles","Act Like it!","Aspiration","BaseMod","Bestiary","Better Altar","Better Match","Better Note","Better Sensory Stone","Better Skull","Better Synergies","Better Third Choice","Better Vampires","BetterRewards","Block Reminder","Bossed Relics","Colored Map","Colored Powertips","Conspire","Defuse TimeMaze Blight","Downfall","Energized Spire","Friendly Minions","GifTheSpireLib","Halation","Hermit","Highlight Path","Hubris","Infinite Spire","Lobotomy","LobotomyExtend","Minty Spire (QoL Compilation)","Quick Restart","Rare Cards Sparkle","Relic Sorter","Relic Stats","Reliquary","Replay The Spire","Ruina","StS++","StSLib","Stuff the Spire","The Blue Laboratory","The Cursed","The Hierophant","The Marked","The Mystic","The Runesmith","Unceasing Turn Reminder","Wandering Minibosses","everything is the same but u backflip on backflip"],"gold_per_floor":[118,118,114,39,39,39,49,49,72,61,62,72,72,87,87,152,152,218,218,106,106],"floor_reached":20,"language":"ENG","playtime":1128,"items_purged":["hierophant:Strike_Hierophant"],"score":207,"play_id":"9a3007b7-4108-492e-9f18-9a5bd7e7419f","local_time":"20210223102338","is_ascension_mode":false,"campfire_choices":[{"data":"hierophant:RepressedViolence","floor":6,"key":"SMITH"},{"data":"hierophant:Endure","floor":8,"key":"SMITH"},{"floor":15,"key":"REST"}],"circlet_count":0,"master_deck":["conspire:GhostlyStrike","conspire:GhostlyStrike","conspire:GhostlyStrike","hierophant:Punish","conspire:GhostlyDefend","conspire:GhostlyDefend","conspire:GhostlyDefend","conspire:GhostlyDefend","hierophant:ChurchCoffers","hierophant:Batter","hierophant:RepressedViolence+1","hierophant:Endure+1","hierophant:FieryStrike","hierophant:ThreeLashes","hierophant:FieryStrike","hierophant:Generosity","hierophant:Determination","hierophant:Kindle","hierophant:LocustPlague","hierophant:MintersHammer","hierophant:AuricForm","hierophant:DivineIntervention","hierophant:DeathKnell","hierophant:Cornucopia","hierophant:Batter","hierophant:Levitation","hierophant:BulkyChest","hierophant:Invocation","hierophant:Anathema","hierophant:WrathOfGod"],"relics":["hierophant:PropheticMaskRelic","Slimebound:StickyStick","hubris:DeckOfHolding","hubris:Towel","reliquary:PurpleTingedLeaf","StSpp:CrystalBall"],"acts_visited":["Exordium","TheCity"],"potions_floor_usage":[10,12],"damage_taken":[{"damage":1,"enemies":"Jaw Worm","floor":1,"turns":3},{"damage":0,"enemies":"2 Louse","floor":3,"turns":2},{"damage":0,"enemies":"Cultist","floor":7,"turns":3},{"damage":9,"enemies":"Exordium Thugs","floor":10,"turns":3},{"damage":5,"enemies":"Looter","floor":11,"turns":2},{"damage":32,"enemies":"Gremlin Nob","floor":12,"turns":4},{"damage":13,"enemies":"3 Sentries","floor":14,"turns":4},{"damage":11,"enemies":"Slime Boss","floor":16,"turns":7},{"damage":10,"enemies":"Spheric Guardian","floor":18,"turns":3},{"damage":35,"enemies":"2 Thieves","floor":20,"turns":3}],"seed_played":"-6522375183870999693","potions_obtained":[{"floor":1,"key":"blueLaboratory:HorrorPotion"},{"floor":3,"key":"blueLaboratory:AbyssPotion"},{"floor":10,"key":"GamblersBrew"},{"floor":14,"key":"SpeedPotion"}],"is_trial":false,"path_per_floor":["M","?","M","$","?","R","M","R","T","M","M","E","?","E","R","B",null,"M","?","M"],"character_chosen":"HIEROPHANT","items_purchased":[],"campfire_rested":1,"item_purchase_floors":[],"current_hp_per_floor":[74,74,74,74,74,74,74,74,74,65,60,28,28,15,37,29,75,65,65,30,30],"gold":106,"neow_bonus":"ONE_RANDOM_RARE_CARD","is_daily":false,"chose_seed":false,"campfire_upgraded":2,"win_rate":0.0,"timestamp":1614075818,"path_taken":["M","?","M","$","?","R","M","R","T","M","M","E","?","E","R","BOSS","M","?","M"],"items_purchased_type":[],"build_version":"2020-12-22","purchased_purges":1,"victory":false,"max_hp_per_floor":[75,75,75,75,75,75,75,75,75,75,75,75,75,75,75,75,75,75,75,75,75],"relic_stats":{"counters":[10,34],"obtain_stats":[{"Slimebound:StickyStick":9,"hierophant:PropheticMaskRelic":0,"hubris:DeckOfHolding":12,"hubris:Towel":13,"reliquary:PurpleTingedLeaf":14,"StSpp:CrystalBall":17},{"Slimebound:StickyStick":3,"hierophant:PropheticMaskRelic":0,"hubris:DeckOfHolding":6,"hubris:Towel":6,"reliquary:PurpleTingedLeaf":7,"StSpp:CrystalBall":8},{"Slimebound:StickyStick":8,"hierophant:PropheticMaskRelic":0,"hubris:DeckOfHolding":17,"hubris:Towel":17,"reliquary:PurpleTingedLeaf":21,"StSpp:CrystalBall":28}]},"card_choices":[{"not_picked":["hierophant:AuricBeam","hierophant:AuricShield"],"picked":"hierophant:RepressedViolence","floor":1},{"not_picked":["hierophant:Upheaval","hierophant:Encroach"],"picked":"hierophant:Endure","floor":3},{"not_picked":["hierophant:SealAway","hierophant:CursedGold"],"picked":"hierophant:FieryStrike","floor":7},{"not_picked":["hierophant:Prophecy","hierophant:Remorse","hierophant:RecallFunds"],"picked":"SKIP","floor":10},{"not_picked":["hierophant:Doubloon","hierophant:Remorse","hierophant:Sermon"],"picked":"SKIP","floor":11},{"not_picked":["hierophant:Remorse","hierophant:Shelter"],"picked":"hierophant:ThreeLashes","floor":12},{"not_picked":["hierophant:Exaltation","hierophant:CoinFling"],"picked":"hierophant:FieryStrike","floor":14},{"not_picked":["hierophant:Charity","hierophant:Zeal","hierophant:Racketeering"],"picked":"SKIP","floor":18}],"player_experience":603386,"relics_obtained":[{"floor":9,"key":"Slimebound:StickyStick"},{"floor":12,"key":"hubris:DeckOfHolding"},{"floor":14,"key":"reliquary:PurpleTingedLeaf"}],"event_choices":[{"damage_healed":0,"gold_gain":0,"player_choice":"Agree","damage_taken":0,"max_hp_gain":0,"max_hp_loss":0,"event_name":"conspire:LoneGhost","floor":5,"gold_loss":0},{"cards_removed":["hierophant:Kindle"],"damage_healed":0,"gold_gain":0,"player_choice":"Give","damage_taken":0,"max_hp_gain":0,"max_hp_loss":0,"event_name":"betterNote:BetterNote","floor":19,"gold_loss":0,"cards_obtained":["None"]}],"is_beta":false,"boss_relics":[{"not_picked":["Replay:Bronze Core","reliquary:WritOfMandamus"],"picked":"StSpp:CrystalBall"}],"items_purged_floors":[4],"is_endless":false,"potions_floor_spawned":[1,3,10,14],"killed_by":"2 Thieves","ascension_level":0}}