{"host":"kiehjq3lc4w5t4uc","time":1614082020,"event":{"mods":["AchievementEnabler","BaseMod","BetterRewards","Colored Map","Colored Powertips","DeckTracker","Good Game Mod","Keyboard Shortcuts","Minty Spire (QoL Compilation)","Permanent Neow","Quick Restart","Rare Cards Sparkle","Relic Stats","StSLib","SuperFastMode"],"gold_per_floor":[114,189,42,42,42,42,77,77,77,106,124,143,143,5,5,78,78,97,34,39,39,55,83,83,83,106,121,146,245,245,245],"floor_reached":30,"language":"KOR","playtime":1412,"items_purged":[],"score":636,"play_id":"0ab483d2-7155-4103-a06d-7194262a2f85","local_time":"20210223210700","is_ascension_mode":true,"campfire_choices":[{"data":"Devotion","floor":6.0,"key":"SMITH"},{"data":"Corruption","floor":8.0,"key":"SMITH"},{"data":"Armaments","floor":13.0,"key":"SMITH"},{"data":"Pommel Strike","floor":15.0,"key":"SMITH"},{"floor":24.0,"key":"REST"}],"circlet_count":0,"master_deck":["AscendersBane","Strike_R","Strike_R","Strike_R","Strike_R","Strike_R","Defend_R","Defend_R","Defend_R","Defend_R","Bash","Devotion+1","Seeing Red","Corruption+1","Armaments+1","Thunderclap","Finesse","Impervious","Pommel Strike+1","Flame Barrier","Shrug It Off","Feel No Pain","Intimidate","Battle Trance+1","Reaper","Battle Trance"],"relics":["Burning Blood","REME:ComplimentaryCards","Shuriken","Strange Spoon","Orrery","Bottled Tornado","ClockworkSouvenir","Smiling Mask","White Beast Statue","The Courier","Lee\u0027s Waffle","SlaversCollar","Calipers","Toy Ornithopter","Bottled Lightning"],"acts_visited":["Exordium","TheCity"],"potions_floor_usage":[27,28],"damage_taken":[{"damage":7.0,"enemies":"Jaw Worm","floor":1.0,"turns":3.0},{"damage":41.0,"enemies":"3 Sentries","floor":7.0,"turns":8.0},{"damage":5.0,"enemies":"Lagavulin","floor":10.0,"turns":5.0},{"damage":10.0,"enemies":"Small Slimes","floor":11.0,"turns":4.0},{"damage":3.0,"enemies":"2 Louse","floor":12.0,"turns":2.0},{"damage":33.0,"enemies":"Slime Boss","floor":16.0,"turns":5.0},{"damage":20.0,"enemies":"Chosen","floor":18.0,"turns":5.0},{"damage":10.0,"enemies":"2 Thieves","floor":20.0,"turns":4.0},{"damage":18.0,"enemies":"Centurion and Healer","floor":22.0,"turns":8.0},{"damage":32.0,"enemies":"Book of Stabbing","floor":23.0,"turns":5.0},{"damage":14,"enemies":"Shelled Parasite and Fungi","floor":27,"turns":5},{"damage":54,"enemies":"Gremlin Leader","floor":28,"turns":8},{"damage":17,"enemies":"Slavers","floor":30,"turns":3}],"seed_played":"-4701803764824856286","potions_obtained":[{"floor":1.0,"key":"PowerPotion"},{"floor":10.0,"key":"EssenceOfSteel"},{"floor":11.0,"key":"SkillPotion"},{"floor":16.0,"key":"EssenceOfSteel"},{"floor":18.0,"key":"CultistPotion"},{"floor":22.0,"key":"ElixirPotion"},{"floor":23.0,"key":"AttackPotion"},{"floor":27,"key":"ColorlessPotion"},{"floor":28,"key":"Strength Potion"}],"is_trial":false,"path_per_floor":["M","?","$","?","$","R","E","R","T","E","M","M","R","$","R","B",null,"M","$","M","?","M","E","R","?","T","M","E","?","E"],"character_chosen":"IRONCLAD","items_purchased":["Bottled Tornado","Shuriken","Strange Spoon","Orrery","Finesse","Impervious","ClockworkSouvenir","Lee\u0027s Waffle","Shrug It Off","Feel No Pain"],"campfire_rested":1,"item_purchase_floors":[0,0,0,0,0,0,3,14,14,19],"current_hp_per_floor":[67,56,56,56,56,56,21,21,21,22,18,21,21,82,82,55,75,61,61,57,57,45,19,43,43,43,69,26,26,9,9],"gold":245,"neow_bonus":"","is_daily":false,"chose_seed":false,"campfire_upgraded":4,"win_rate":0.0,"timestamp":1614082020,"path_taken":["M","?","?","?","$","R","E","R","T","E","M","M","R","$","R","BOSS","M","$","M","?","M","E","R","?","T","M","E","?","E"],"items_purchased_type":["Relic","Relic","Relic","Relic","Card","Card","Relic","Relic","Card","Card"],"build_version":"2020-12-22","purchased_purges":0,"victory":false,"max_hp_per_floor":[75,75,75,75,75,75,75,75,75,75,75,75,75,82,82,82,82,82,82,82,82,82,82,82,82,82,82,82,82,82,82],"relic_stats":{"Strange Spoon":[29],"Lee\u0027s Waffle":61,"counters":[41,161],"Shuriken":[13],"Smiling Mask":0,"obtain_stats":[{"Lantern":0,"Regal Pillow":6,"Calipers":23,"Mango":0,"Bag of Preparation":44,"Incense Burner":46,"Bottled Tornado":0,"Cursed Key":34,"Smiling Mask":7,"Burning Blood":0,"ClockworkSouvenir":3,"TheAbacus":0,"Strawberry":31,"Tiny Chest":26,"Paper Frog":10,"Lee\u0027s Waffle":14,"Golden Idol":3,"Circlet":0,"PreservedInsect":8,"The Courier":10,"Orichalcum":19,"War Paint":41,"Medical Kit":47,"White Beast Statue":9,"Strange Spoon":0,"SlaversCollar":17,"REME:ComplimentaryCards":0,"Shuriken":0,"Bronze Scales":12,"MutagenicStrength":24,"Orrery":0,"Art of War":9,"infinitespire:EmpoweringShard":14,"Coffee Dripper":17,"Bottled Lightning":28,"Toy Ornithopter":28,"FossilizedHelix":36},{"Lantern":0,"Regal Pillow":3,"Calipers":38,"Mango":0,"Bag of Preparation":25,"Incense Burner":27,"Bottled Tornado":28,"Cursed Key":19,"Smiling Mask":30,"Burning Blood":0,"ClockworkSouvenir":29,"TheAbacus":0,"Strawberry":18,"Tiny Chest":14,"Paper Frog":6,"Lee\u0027s Waffle":33,"Golden Idol":1,"Circlet":0,"PreservedInsect":5,"The Courier":31,"Orichalcum":10,"War Paint":23,"Medical Kit":27,"White Beast Statue":30,"Strange Spoon":28,"SlaversCollar":34,"REME:ComplimentaryCards":0,"Shuriken":28,"Bronze Scales":7,"MutagenicStrength":13,"Orrery":28,"Art of War":5,"infinitespire:EmpoweringShard":8,"Coffee Dripper":9,"Bottled Lightning":40,"Toy Ornithopter":15,"FossilizedHelix":20},{"Lantern":0,"Regal Pillow":6,"Calipers":145,"Mango":0,"Bag of Preparation":82,"Incense Burner":87,"Bottled Tornado":96,"Cursed Key":57,"Smiling Mask":107,"Burning Blood":0,"ClockworkSouvenir":99,"TheAbacus":0,"Strawberry":50,"Tiny Chest":38,"Paper Frog":14,"Lee\u0027s Waffle":118,"Golden Idol":2,"Circlet":0,"PreservedInsect":11,"The Courier":112,"Orichalcum":27,"War Paint":73,"Medical Kit":87,"White Beast Statue":107,"Strange Spoon":96,"SlaversCollar":123,"REME:ComplimentaryCards":0,"Shuriken":96,"Bronze Scales":16,"MutagenicStrength":35,"Orrery":96,"Art of War":11,"infinitespire:EmpoweringShard":19,"Coffee Dripper":25,"Bottled Lightning":158,"Toy Ornithopter":41,"FossilizedHelix":59}],"Burning Blood":205,"Toy Ornithopter":15},"card_choices":[{"not_picked":["Headbutt","Clothesline"],"picked":"Seeing Red","floor":0.0},{"not_picked":["Second Wind","Infernal Blade"],"picked":"Corruption","floor":0.0},{"not_picked":["Havoc","Perfected Strike"],"picked":"Armaments","floor":0.0},{"not_picked":["Twin Strike","Cleave"],"picked":"Thunderclap","floor":0.0},{"not_picked":["Whirlwind","Clothesline"],"picked":"Pommel Strike","floor":1.0},{"not_picked":["Combust","True Grit","Hemokinesis"],"picked":"SKIP","floor":7.0},{"not_picked":["Body Slam","Uppercut"],"picked":"Flame Barrier","floor":10.0},{"not_picked":["Searing Blow","Combust","True Grit"],"picked":"SKIP","floor":11.0},{"not_picked":["Double Tap","Rampage","Blood for Blood"],"picked":"SKIP","floor":12.0},{"not_picked":["Dual Wield","Anger","Seeing Red"],"picked":"SKIP","floor":18.0},{"not_picked":["Twin Strike","Ghostly Armor","True Grit"],"picked":"SKIP","floor":20.0},{"not_picked":["Power Through","Clash"],"picked":"Battle Trance+1","floor":22.0},{"not_picked":["Warcry","Wild Strike"],"picked":"Reaper","floor":23.0},{"not_picked":["Rage+1","Hemokinesis"],"picked":"Battle Trance","floor":27},{"not_picked":["Sword Boomerang","Pommel Strike","Flex"],"picked":"SKIP","floor":28}],"player_experience":206426,"relics_obtained":[{"floor":7.0,"key":"Smiling Mask"},{"floor":9.0,"key":"White Beast Statue"},{"floor":10.0,"key":"The Courier"},{"floor":23.0,"key":"Calipers"},{"floor":26,"key":"Toy Ornithopter"},{"floor":28,"key":"Bottled Lightning"}],"event_choices":[{"damage_healed":0.0,"max_hp_gain":0.0,"max_hp_loss":0.0,"gold_gain":75.0,"event_name":"World of Goop","player_choice":"Gather Gold","floor":2.0,"gold_loss":0.0,"damage_taken":11.0},{"damage_healed":0.0,"max_hp_gain":0.0,"max_hp_loss":0.0,"gold_gain":0.0,"event_name":"Liars Game","player_choice":"Ignored","floor":4.0,"gold_loss":0.0,"damage_taken":0.0},{"damage_healed":0.0,"max_hp_gain":0.0,"max_hp_loss":0.0,"gold_gain":0.0,"event_name":"The Library","player_choice":"Read","floor":21.0,"gold_loss":0.0,"damage_taken":0.0,"cards_obtained":["Intimidate"]},{"damage_healed":0,"gold_gain":0,"player_choice":"Ignored","damage_taken":0,"max_hp_gain":0,"max_hp_loss":0,"event_name":"The Mausoleum","floor":25,"gold_loss":0},{"damage_healed":0,"gold_gain":99,"player_choice":"Stole From Cult","damage_taken":0,"max_hp_gain":0,"max_hp_loss":0,"event_name":"Nest","floor":29,"gold_loss":0}],"is_beta":false,"boss_relics":[{"not_picked":["Snecko Eye","Fusion Hammer"],"picked":"SlaversCollar"}],"items_purged_floors":[],"is_endless":false,"potions_floor_spawned":[1,10,11,12,16,18,20,22,23,27,28],"killed_by":"Slavers","ascension_level":14}}