{"host":"0r455zfix56tawas","time":1614093786,"event":{"mods":["AlwaysNeverKeys","BaseMod","Colored Powertips","Downfall","Highlight Path","Minty Spire (QoL Compilation)","Permanent Neow","StSLib","The Necromancer","The Servant 0.9.4"],"gold_per_floor":[112,128,140,158,174,207,207,225,252,252,315,315,315,327,339,480,492,525,552,564,596,683,695,730,742,754,784,921,464,464,464,464,587,587,602,602,626,526,549,549,549,549,549,549,568,568,628,652,652,652],"floor_reached":51,"language":"ENG","playtime":2370,"items_purged":["Injury","Strike_W"],"score":672,"play_id":"91e706ec-2402-42ec-b19c-bc5c12129253","local_time":"20210223162306","is_ascension_mode":false,"campfire_choices":[{"data":"Summon_Undead","floor":7.0,"key":"SMITH"},{"data":"Finger_Of_Death","floor":10.0,"key":"SMITH"},{"floor":12.0,"key":"DIG"},{"data":"Bone_Armor","floor":15.0,"key":"SMITH"},{"data":"Life_Drain","floor":23.0,"key":"SMITH"},{"data":"Summon_Vampire_Lady","floor":25.0,"key":"SMITH"},{"data":"Bone_Armory","floor":32.0,"key":"SMITH"},{"data":"Summon_Vampire_Lady","floor":40.0,"key":"SMITH"},{"data":"Consume_Illness","floor":42.0,"key":"SMITH"},{"floor":44,"key":"DIG"},{"data":"Life_Drain","floor":46,"key":"SMITH"},{"data":"Life_Drain","floor":49,"key":"SMITH"}],"circlet_count":0,"master_deck":["Strike_W","Strike_W","Strike_W","Defend_W","Defend_W","Defend_W","Defend_W","Negative_Energy_Arrows","Bone_Wall","Summon_Undead+1","Spectral_Armor","Bone_Armor+1","Consume_Illness+1","Finger_Of_Death+1","Grasp_Heart","Negative_Energy_Shield","Summon_Vampire_Lady+1","Life_Drain+1","Negative_Energy_Shield","Summon_Undead+1","Bone_Armory+1","Summon_Vampire_Lady+1","Cloudkill+1","Life_Drain+1","Summon_Vampire_Lady+1","Shade_Step+1","Spectral_Armor+1","Life_Drain+1","Shade_Step+1","Blood_Shield+1","Summon_Undead+1"],"relics":["Vampire_Amulet","Art of War","MealTicket","Shovel","Bronze Scales","MawBank","Golden Idol","Coffee Dripper","Nilry\u0027s Codex","Toxic Egg 2","WingedGreaves","Meat on the Bone","DollysMirror","Cursed Key","FossilizedHelix","Pocketwatch"],"acts_visited":["Exordium","TheCity","TheBeyond"],"potions_floor_usage":[50,50],"damage_taken":[{"damage":1.0,"enemies":"2 Louse","floor":1.0,"turns":3.0},{"damage":5.0,"enemies":"Jaw Worm","floor":2.0,"turns":4.0},{"damage":10.0,"enemies":"Small Slimes","floor":3.0,"turns":4.0},{"damage":0.0,"enemies":"3 Louse","floor":4.0,"turns":4.0},{"damage":23.0,"enemies":"Gremlin Gang","floor":5.0,"turns":12.0},{"damage":17.0,"enemies":"Gremlin Nob","floor":6.0,"turns":6.0},{"damage":0.0,"enemies":"Large Slime","floor":8.0,"turns":4.0},{"damage":0.0,"enemies":"3 Sentries","floor":11.0,"turns":8.0},{"damage":32.0,"enemies":"Hexaghost","floor":16.0,"turns":9.0},{"damage":13.0,"enemies":"3 Byrds","floor":18.0,"turns":3.0},{"damage":11.0,"enemies":"Spheric Guardian","floor":19.0,"turns":4.0},{"damage":13.0,"enemies":"Snake Plant","floor":21.0,"turns":4.0},{"damage":13.0,"enemies":"Centurion and Healer","floor":24.0,"turns":9.0},{"damage":29.0,"enemies":"Shelled Parasite and Fungi","floor":27.0,"turns":6.0},{"damage":5.0,"enemies":"Colosseum Slavers","floor":28.0,"turns":6.0},{"damage":15.0,"enemies":"Colosseum Nobs","floor":28.0,"turns":4.0},{"damage":37.0,"enemies":"Collector","floor":33.0,"turns":8.0},{"damage":23.0,"enemies":"3 Darklings","floor":35.0,"turns":5.0},{"damage":1.0,"enemies":"3 Shapes","floor":37.0,"turns":5.0},{"damage":16.0,"enemies":"Transient","floor":39.0,"turns":5.0},{"damage":4,"enemies":"Maw","floor":45,"turns":7},{"damage":48,"enemies":"2 Orb Walkers","floor":47,"turns":5},{"damage":14,"enemies":"Spire Growth","floor":48,"turns":6},{"damage":33,"enemies":"Time Eater","floor":50,"turns":11}],"seed_played":"-3852751565875484377","potions_obtained":[{"floor":1.0,"key":"Ancient Potion"},{"floor":4.0,"key":"bronze:BurnAndBuffPotion"},{"floor":11.0,"key":"AttackPotion"},{"floor":33.0,"key":"Fire Potion"}],"is_trial":false,"path_per_floor":["M","M","M","M","M","E","R","M","T","R","?","R","?","?","R","B",null,"M","M","?","M","?","R","M","R","T","M","?","$","?","?","R","B",null,"M","?","M","$","M","R","?","R","T","R","M","R","?","M","R","B",null],"character_chosen":"NECROMANCER","items_purchased":["Bone_Armory","DollysMirror","Cloudkill+1"],"campfire_rested":0,"item_purchase_floors":[29,29,29],"current_hp_per_floor":[75,75,72,75,70,58,58,65,65,65,71,71,59,59,59,50,75,69,63,47,45,38,38,66,66,66,56,73,75,75,75,75,73,75,75,71,71,71,69,69,81,81,81,81,81,81,72,76,76,81],"gold":652,"neow_bonus":"ONE_RANDOM_RARE_CARD","is_daily":false,"chose_seed":false,"campfire_upgraded":10,"win_rate":0.0,"timestamp":1614093786,"path_taken":["M","M","M","M","M","E","R","M","T","R","?","R","?","?","R","BOSS","M","M","?","M","?","R","?","R","T","M","?","$","?","?","R","BOSS","M","?","M","$","M","R","?","R","T","R","?","R","?","M","R","BOSS"],"items_purchased_type":["Card","Relic","Card"],"build_version":"2020-12-22","purchased_purges":2,"victory":true,"max_hp_per_floor":[75,75,75,75,75,75,75,75,75,75,75,75,75,75,75,75,75,75,75,75,75,75,75,75,75,75,75,75,75,75,75,75,75,75,75,71,71,71,71,71,81,81,81,81,81,81,81,81,81,81],"card_choices":[{"not_picked":["Shade_Step","Finger_Of_Death"],"picked":"Summon_Undead","floor":1.0},{"not_picked":["Blood_Curse","Epidemic"],"picked":"Spectral_Armor","floor":2.0},{"not_picked":["Negative_Energy_Burst","Bone_Shift"],"picked":"Bone_Armor","floor":3.0},{"not_picked":["Negative_Energy_Sphere","Death_March_Dance"],"picked":"Consume_Illness","floor":4.0},{"not_picked":["Death_Coil","Consume_Illness"],"picked":"Finger_Of_Death","floor":5.0},{"not_picked":["Strike_from_Beyond","Uncharnel"],"picked":"Grasp_Heart","floor":6.0},{"not_picked":["Life_Tap","Plague_Bolt"],"picked":"Negative_Energy_Shield","floor":8.0},{"not_picked":["Cloudkill","Skeleton_Dragon"],"picked":"Summon_Vampire_Lady","floor":16.0},{"not_picked":["Bone_Shift","Bone_Prison","Whirlwind_of_Bones"],"picked":"SKIP","floor":18.0},{"not_picked":["Chill_Blood","Death_March_Dance+1","Scare+1"],"picked":"SKIP","floor":19.0},{"not_picked":["Blood_Curse+1","Vampiric_Strike"],"picked":"Life_Drain","floor":21.0},{"not_picked":["Death_March_Dance+1","Death_Coil"],"picked":"Negative_Energy_Shield","floor":24.0},{"not_picked":["Toxic_Smoke_Screen+1","Blood_Whip+1","Spectral_Walk+1"],"picked":"SKIP","floor":27.0},{"not_picked":["Death_Coil","Strike_from_Beyond+1"],"picked":"Summon_Undead+1","floor":28.0},{"not_picked":["Hellfire","Reap_The_Weak"],"picked":"Summon_Vampire_Lady","floor":33.0},{"not_picked":["Blood_Whip+1","Violent_Necrosis+1"],"picked":"Shade_Step+1","floor":35.0},{"not_picked":["Pandemic+1","Blood_Curse"],"picked":"Spectral_Armor+1","floor":37.0},{"not_picked":["Negative_Energy_Sphere","Strike_from_Beyond+1"],"picked":"Life_Drain","floor":39.0},{"not_picked":["Death_Coil","Chill_Blood+1"],"picked":"Shade_Step+1","floor":45},{"not_picked":["Death_March_Dance","Negative_Energy_Javelin+1"],"picked":"Blood_Shield+1","floor":47},{"not_picked":["Life_Drain+1","Negative_Energy_Burst"],"picked":"Summon_Undead+1","floor":48}],"player_experience":1015292,"relics_obtained":[{"floor":6.0,"key":"Art of War"},{"floor":9.0,"key":"MealTicket"},{"floor":12.0,"key":"Bronze Scales"},{"floor":20.0,"key":"Nilry\u0027s Codex"},{"floor":26.0,"key":"Toxic Egg 2"},{"floor":28.0,"key":"WingedGreaves"},{"floor":28.0,"key":"Meat on the Bone"},{"floor":44,"key":"FossilizedHelix"},{"floor":47,"key":"Pocketwatch"}],"event_choices":[{"damage_healed":0.0,"max_hp_gain":0.0,"max_hp_loss":0.0,"gold_gain":0.0,"event_name":"Dead Adventurer","player_choice":"Searched \u00272\u0027 times","floor":11.0,"gold_loss":0.0,"damage_taken":0.0,"relics_obtained":["Shovel"]},{"damage_healed":0.0,"max_hp_gain":0.0,"max_hp_loss":0.0,"gold_gain":0.0,"event_name":"Scrap Ooze","player_choice":"Success","floor":13.0,"gold_loss":0.0,"damage_taken":12.0,"relics_obtained":["MawBank"]},{"damage_healed":0.0,"max_hp_gain":0.0,"max_hp_loss":0.0,"gold_gain":0.0,"event_name":"Golden Idol","player_choice":"Take Wound","floor":14.0,"gold_loss":0.0,"damage_taken":0.0,"relics_obtained":["Golden Idol"],"cards_obtained":["Injury"]},{"damage_healed":0.0,"max_hp_gain":0.0,"max_hp_loss":0.0,"gold_gain":0.0,"event_name":"Cursed Tome","player_choice":"Obtained Book","floor":20.0,"gold_loss":0.0,"damage_taken":16.0},{"damage_healed":0.0,"max_hp_gain":0.0,"max_hp_loss":0.0,"gold_gain":75.0,"event_name":"FaceTrader","player_choice":"Touch","floor":22.0,"gold_loss":0.0,"damage_taken":7.0},{"damage_healed":0.0,"max_hp_gain":0.0,"max_hp_loss":0.0,"gold_gain":0.0,"event_name":"Colosseum","player_choice":"Fight","floor":28.0,"gold_loss":0.0,"damage_taken":0.0},{"damage_healed":0.0,"max_hp_gain":0.0,"max_hp_loss":0.0,"gold_gain":0.0,"event_name":"Colosseum","player_choice":"Fought Nobs","floor":28.0,"gold_loss":0.0,"damage_taken":0.0},{"damage_healed":0.0,"max_hp_gain":0.0,"max_hp_loss":0.0,"gold_gain":0.0,"event_name":"The Library","player_choice":"Read","floor":30.0,"gold_loss":0.0,"damage_taken":0.0,"cards_obtained":["Life_Drain"]},{"damage_healed":0.0,"max_hp_gain":0.0,"max_hp_loss":4.0,"gold_gain":0.0,"event_name":"Winding Halls","player_choice":"Max HP","floor":36.0,"gold_loss":0.0,"damage_taken":0.0},{"cards_removed":["Detonate_Bones"],"damage_healed":2.0,"max_hp_gain":10.0,"max_hp_loss":0.0,"gold_gain":0.0,"event_name":"Bonfire Elementals","player_choice":"Offered Rare","floor":41.0,"gold_loss":0.0,"damage_taken":0.0},{"damage_healed":0,"gold_gain":0,"player_choice":"Fight","damage_taken":0,"max_hp_gain":0,"max_hp_loss":0,"event_name":"Mysterious Sphere","floor":47,"gold_loss":0}],"is_beta":false,"boss_relics":[{"not_picked":["Pandora\u0027s Box","Ectoplasm"],"picked":"Coffee Dripper"},{"not_picked":["Snecko Eye","SacredBark"],"picked":"Cursed Key"}],"items_purged_floors":[29,38],"is_endless":false,"potions_floor_spawned":[1,4,11,19,28,33,35,37,48],"ascension_level":0}}