{"host":"z439itq93uucuvou","time":1614123228,"event":{"mods":["BaseMod","Colored Powertips","Downfall","Jorbs\u0027s Wanderer Trilogy","Minty Spire (QoL Compilation)","StSLib"],"gold_per_floor":[99,109,124,138,152,180,180,90,90,110,139,139,139,154,167,271,271,271,284,384,584,584,601,601,601,613,625,650,650,650,650],"floor_reached":29,"language":"ENG","playtime":1805,"items_purged":["bronze:Strike"],"score":295,"play_id":"b8e02ac0-bfd9-4589-9e01-3ad83aedfdc4","local_time":"20210223153348","is_ascension_mode":true,"campfire_choices":[{"data":"bronze:SpaghettiCode","floor":1.0,"key":"SMITH"},{"data":"bronze:Flail","floor":9.0,"key":"SMITH"},{"floor":12.0,"key":"REST"},{"data":"bronze:Mutator","floor":18.0,"key":"SMITH"},{"data":"bronze:Terminator","floor":25,"key":"SMITH"}],"circlet_count":0,"master_deck":["bronze:Replicate","bronze:Goto","bronze:SpaghettiCode+1","bronze:Repulsor","bronze:Refactor","bronze:Verify","bronze:Flail+1","bronze:ForLoop","bronze:BitShift","bronze:Fortify","bronze:Mutator+1","bronze:HardenedForm","bronze:DarkDash","bronze:ForceShield","bronze:Allocate","bronze:DigitalCarnage","bronze:RecursiveStrike","bronze:WildBeam+1","bronze:Terminator+1","bronze:FollowUp","downfall:Haunted","Necronomicurse","bronze:Flail+1","bronze:Iterate"],"relics":["bronze:BronzeCore","Boot","HornCleat","Singing Bowl","Pandora\u0027s Box","MutagenicStrength","Necronomicon","Pear","Potion Belt"],"acts_visited":["Exordium","TheCity"],"potions_floor_usage":[20,28,29],"damage_taken":[{"damage":0.0,"enemies":"Small Slimes","floor":2.0,"turns":4.0},{"damage":0.0,"enemies":"2 Louse","floor":3.0,"turns":3.0},{"damage":1.0,"enemies":"Jaw Worm","floor":4.0,"turns":2.0},{"damage":5.0,"enemies":"Blue Slaver","floor":5.0,"turns":2.0},{"damage":27.0,"enemies":"3 Sentries","floor":6.0,"turns":5.0},{"damage":0.0,"enemies":"downfall:FleeingMerchant","floor":8.0,"turns":4.0},{"damage":15.0,"enemies":"Exordium Thugs","floor":10.0,"turns":5.0},{"damage":11.0,"enemies":"Lagavulin","floor":11.0,"turns":5.0},{"damage":0.0,"enemies":"downfall:LooterAlt","floor":14.0,"turns":2.0},{"damage":7.0,"enemies":"Blue Slaver","floor":15.0,"turns":3.0},{"damage":12.0,"enemies":"SI_SHIV_ARCHETYPE","floor":16.0,"turns":5.0},{"damage":0,"enemies":"3 Byrds","floor":19,"turns":4},{"damage":40,"enemies":"downfall:Augmenter","floor":20,"turns":5},{"damage":0,"enemies":"Spheric Guardian","floor":23,"turns":2},{"damage":19,"enemies":"Shelled Parasite and Fungi","floor":26,"turns":4},{"damage":0,"enemies":"Snecko","floor":27,"turns":3},{"damage":12,"enemies":"Book of Stabbing","floor":28,"turns":2},{"damage":7,"enemies":"Snake Plant","floor":29,"turns":2}],"seed_played":"4377307245343323190","potions_obtained":[{"floor":4.0,"key":"BlessingOfTheForge"},{"floor":5.0,"key":"Fire Potion"},{"floor":11.0,"key":"FearPotion"},{"floor":15.0,"key":"BlessingOfTheForge"},{"floor":26,"key":"Energy Potion"},{"floor":27,"key":"champ:CounterPotion"},{"floor":28,"key":"SteroidPotion"}],"is_trial":false,"path_per_floor":["R","M","M","M","M","E","T","$","R","M","E","R","?","M","M","B",null,"R","M","?","?","?","M","T","R","M","M","E","M"],"character_chosen":"THE_AUTOMATON","items_purchased":[],"campfire_rested":1,"item_purchase_floors":[],"current_hp_per_floor":[70,70,70,69,64,37,37,37,37,22,13,34,34,34,27,15,72,72,72,36,36,20,20,30,30,13,13,3,0,0,0],"gold":650,"neow_bonus":"ONE_RANDOM_RARE_CARD","is_daily":false,"chose_seed":false,"campfire_upgraded":4,"win_rate":0.0,"timestamp":1614123228,"path_taken":["R","M","M","M","M","E","T","$","R","M","E","R","?","M","M","BOSS","R","M","?","?","?","M","T","R","?","M","E","M"],"items_purchased_type":[],"build_version":"2020-12-22","purchased_purges":1,"victory":false,"max_hp_per_floor":[70,70,70,70,70,70,70,70,70,70,72,72,72,72,72,72,72,72,72,76,76,76,76,86,86,88,88,90,90,90,90],"card_choices":[{"not_picked":["bronze:Branch","bronze:Refactor"],"picked":"bronze:Repulsor","floor":2.0},{"not_picked":["bronze:MaxOutput","bronze:OilSpill"],"picked":"bronze:Refactor","floor":3.0},{"not_picked":["bronze:Allocate","bronze:InfiniteBeams"],"picked":"bronze:BugBarrage","floor":4.0},{"not_picked":["bronze:WhirlingStrike","bronze:Frontload"],"picked":"bronze:Verify","floor":5.0},{"not_picked":["bronze:Constructor","bronze:Overheat"],"picked":"bronze:Flail","floor":6.0},{"not_picked":["bronze:NullPointer","bronze:WhirlingStrike"],"picked":"bronze:ForLoop","floor":8.0},{"not_picked":["bronze:DelayedSlice","bronze:Constructor"],"picked":"bronze:BitShift","floor":10.0},{"not_picked":["bronze:Overheat","bronze:DelayedSlice","bronze:Constructor"],"picked":"Singing Bowl","floor":11.0},{"not_picked":["bronze:BugBarrage","bronze:Turbo"],"picked":"bronze:Fortify","floor":14.0},{"not_picked":["bronze:Repulsor","bronze:ForceShield"],"picked":"bronze:Overheat","floor":15.0},{"not_picked":["bronze:Virus","bronze:CleanCode"],"picked":"bronze:Mutator","floor":16.0},{"not_picked":["bronze:BronzeOrb","bronze:ForceShield+1"],"picked":"bronze:WildBeam+1","floor":19},{"not_picked":["J.A.X."],"picked":"Singing Bowl","floor":20},{"not_picked":["bronze:WhirlingStrike+1","bronze:BuggyMess","bronze:Separator"],"picked":"Singing Bowl","floor":20},{"not_picked":["bronze:Overheat","bronze:Branch"],"picked":"bronze:Flail+1","floor":23},{"not_picked":["bronze:BronzeArmor","bronze:Overheat","bronze:Shell"],"picked":"Singing Bowl","floor":26},{"not_picked":["bronze:Philosophize+1","bronze:Terminator"],"picked":"bronze:Iterate","floor":27},{"not_picked":["bronze:Overheat","bronze:BurnOut","bronze:Constructor+1"],"picked":"Singing Bowl","floor":28}],"player_experience":1747754,"relics_obtained":[{"floor":6.0,"key":"Boot"},{"floor":7.0,"key":"HornCleat"},{"floor":11.0,"key":"Singing Bowl"},{"floor":20,"key":"MutagenicStrength"},{"floor":22,"key":"Necronomicon"},{"floor":24,"key":"Pear"},{"floor":28,"key":"Potion Belt"}],"event_choices":[{"cards_removed":["bronze:Strike"],"damage_healed":0.0,"max_hp_gain":0.0,"max_hp_loss":0.0,"gold_gain":0.0,"event_name":"The Cleric","player_choice":"Card Removal","floor":13.0,"gold_loss":0.0,"damage_taken":0.0}],"is_beta":false,"boss_relics":[{"not_picked":["Tiny House","Empty Cage"],"picked":"Pandora\u0027s Box"}],"items_purged_floors":[8],"is_endless":false,"potions_floor_spawned":[4,5,11,15,26,27,28],"killed_by":"Snake Plant","ascension_level":1}}