{"host":"rm0ctv8qd8mnbkg1","time":1614096517,"event":{"mods":["Act Like it!","Aspiration","BaseMod","Beaked The Cultist","BetterRewards","Colored Map","DNKmod","Dark Map","Defuse TimeMaze Blight","Friendly Minions","Gensokyo","Hubris","Marisa????????","Minty Spire (QoL Compilation)","MostiFishMod","Permanent Neow","Rare Cards Sparkle","Relic Sorter","Reliquary","Replay The Spire","Ruina","RumiaBox-????????","Shade Mod","Shop Mod","Spicy Shops","Spire Arcade","StSLib","The Animator","The Construct","The Servant 0.9.4","TheVacant","Wandering Minibosses","??????REMEMod"],"gold_per_floor":[10016,10016,10029,9567,9567,9567,9567,9567,9567,9601,9601,9614,9614,9629,9629,9725,9725,9741,9741,9758,9778,9611,9611,8354,8381,8381,7393,7393,7404,7404],"floor_reached":29,"language":"ENG","playtime":711,"items_purged":[],"score":391,"play_id":"8a7408e5-0c75-4ff6-a4e9-7c62adcd6e55","local_time":"20210223160837","is_ascension_mode":false,"campfire_choices":[{"data":"MostiFishMod:NightSea","floor":6.0,"key":"SMITH"},{"data":"MostiFishMod:Neptune","floor":8.0,"key":"SMITH"},{"data":"animator:Emilia","floor":11.0,"key":"SMITH"},{"data":"Seeing Red","floor":15.0,"key":"SMITH"},{"data":"Limit Break","floor":23.0,"key":"SMITH"},{"data":"Gensokyo:CrescentMoonSlash","floor":28.0,"key":"SMITH"}],"circlet_count":0,"master_deck":["Strike_R+1","Strike_R+1","Strike_R+1","Strike_R+1","Defend_R","Defend_R","Defend_R","Defend_R","Bash","animator:Emilia+1","MostiFishMod:Neptune+1","MostiFishMod:TheEndOfMoonlight","MostiFishMod:SparklingWater","MostiFishMod:FantasySummer","MostiFishMod:NightSea+1","FlyingSleeves","Twin Strike","REME_Cut","Tantrum","Clumsy","Bludgeon","Seeing Red+1","Gensokyo:CrescentMoonSlash+1","Limit Break+1","Spot Weakness+1","ruina:Harvest+1","Twin Strike","ruina:Thirst+1","Evolve","Sword Boomerang","ruina:LoveAndHate","ReplayTheSpireMod:Corrosion Curse","Twin Strike"],"relics":["Burning Blood","REME_ComplimentaryCards","DaveBox","MoonlightInvasionPlan","aspiration:Nostalgia","Replay:M_SmolderingBlood","Champion Belt","Gensokyo:NagashiBinaDoll","Replay:Bottled Eggs","reliquary:MedicineBall","REME_LimitBreaker","hubris:GlazedTorus","GodSword3","Guide Book","hubris:Potato","reliquary:Crutches","aspiration:HatOfInfinitePower","wanderingMiniBosses:AbyssPearl"],"acts_visited":["Exordium","Gensokyo:Gensokyo"],"potions_floor_usage":[29],"damage_taken":[{"damage":0.0,"enemies":"Gensokyo:Python","floor":1.0,"turns":1.0},{"damage":0.0,"enemies":"Gensokyo:2_Kodama","floor":3.0,"turns":2.0},{"damage":0.0,"enemies":"Gensokyo:Aya","floor":10.0,"turns":2.0},{"damage":5.0,"enemies":"Gensokyo:Gryphon","floor":12.0,"turns":2.0},{"damage":0.0,"enemies":"Gensokyo:5_Fairies","floor":14.0,"turns":3.0},{"damage":5.0,"enemies":"Gensokyo:Reimu","floor":16.0,"turns":3.0},{"damage":0.0,"enemies":"ruina:2_Scarecrows","floor":18.0,"turns":2.0},{"damage":7.0,"enemies":"ruina:3_Bats","floor":20.0,"turns":3.0},{"damage":0.0,"enemies":"ruina:KingOfGreed","floor":21.0,"turns":2.0},{"damage":12.0,"enemies":"ruina:ServantOfWrath","floor":25.0,"turns":2.0},{"damage":22,"enemies":"ruina:3_Scarecrows","floor":29,"turns":6}],"seed_played":"-6050296799674998464","potions_obtained":[{"floor":1.0,"key":"Explosive Potion"},{"floor":20.0,"key":"Energy Potion"},{"floor":29,"key":"Regen Potion"}],"is_trial":false,"path_per_floor":["M","?","M","$","?","R","?","R","T","E","R","M","?","M","R","B",null,"M","?","M","M","$","R","$","E","T","$","R","M"],"character_chosen":"IRONCLAD","items_purchased":["Champion Belt","REME_Cut","Tantrum","ruina:Harvest","REME_LimitBreaker","hubris:GlazedTorus","Twin Strike","ruina:Thirst","GodSword3","Guide Book","Evolve","ruina:LoveAndHate","reliquary:Crutches","aspiration:HatOfInfinitePower","ReplayTheSpireMod:Corrosion Curse","Fruit Juice","EssenceOfSteel"],"campfire_rested":0,"item_purchase_floors":[4,4,4,22,24,24,24,24,24,24,24,27,27,27,27,27,27],"current_hp_per_floor":[1000,1000,1000,1000,1000,1000,1000,1000,1000,1000,1000,1000,850,856,856,857,1000,1000,1000,999,1000,1000,1000,1000,994,994,999,999,983,983],"gold":7404,"neow_bonus":"NOSTALGIA","is_daily":false,"chose_seed":false,"campfire_upgraded":6,"win_rate":0.0,"timestamp":1614096517,"path_taken":["M","?","M","$","?","R","?","R","T","E","R","M","?","M","R","BOSS","M","?","M","M","$","R","$","E","T","?","R","M"],"items_purchased_type":["Relic","Card","Card","Card","Relic","Relic","Card","Card","Relic","Relic","Card","Card","Relic","Relic","Card","Potion","Potion"],"build_version":"2020-12-22","purchased_purges":0,"victory":false,"max_hp_per_floor":[1000,1000,1000,1000,1000,1000,1000,1000,1000,1000,1000,1000,1000,1000,1000,1000,1000,1000,1000,1000,1000,1000,1000,1000,1000,1000,1005,1005,1005,1005],"card_choices":[{"not_picked":["Flex","Perfected Strike"],"picked":"FlyingSleeves","floor":1.0},{"not_picked":["Cleave","Replay:Many Hands"],"picked":"Twin Strike","floor":3.0},{"not_picked":["Cleave","Uppercut"],"picked":"Bludgeon","floor":10.0},{"not_picked":["Warcry","True Grit"],"picked":"Seeing Red","floor":12.0},{"not_picked":["ReplayReversal","Pommel Strike","Heavy Blade"],"picked":"SKIP","floor":14.0},{"not_picked":["MostiFishMod:ChineseTea","Corruption"],"picked":"Limit Break","floor":16.0},{"not_picked":["Heavy Blade","ReplayTheSpireMod:Strike From Hell","Sever Soul+1"],"picked":"SKIP","floor":18.0},{"not_picked":["Wild Strike","Pommel Strike"],"picked":"Spot Weakness+1","floor":20.0},{"not_picked":["Armaments","Battle Trance","Warcry+1"],"picked":"SKIP","floor":21.0},{"not_picked":["Havoc","Shockwave"],"picked":"Sword Boomerang","floor":25.0},{"not_picked":["MostiFishMod:Mania","Havoc+1"],"picked":"Twin Strike","floor":29}],"player_experience":287752,"relics_obtained":[{"floor":9.0,"key":"Replay:Bottled Eggs"},{"floor":10.0,"key":"reliquary:MedicineBall"},{"floor":25.0,"key":"hubris:Potato"},{"floor":29,"key":"wanderingMiniBosses:AbyssPearl"}],"event_choices":[],"is_beta":false,"boss_relics":[{"not_picked":["hubris:HollowSoul","Transparent","beaked:MawFillet"]}],"items_purged_floors":[],"is_endless":false,"potions_floor_spawned":[1,14,20,29],"killed_by":"ruina:3_Scarecrows","ascension_level":0}}