{"host":"ekyl8r8j8fco3zlk","time":1614107306,"event":{"mods":["Act Like it!","Arknights","BaseMod","CapriCore","Dota2Spire","Friendly Minions","Gensokyo","GifTheSpireLib","Library of Ruina","Marisa（霧雨　魔理沙）","Minty Spire (QoL Compilation)","READ ME - Guardian Mod","Reimu（博???）","StSLib","The Alterego","The Animator","The Immortal","TheWitcher","Waifu the Spire","WarShipGirlsR/??少女R mod","Yakumo Yukari mod","【?物卡牌】REMEMod"],"gold_per_floor":[113,113,130,146,321,321,381,17,17,33,63,63,79,98,98,201,201,219,238,257,273,188,188,252,222,245,245,274,274,308,329,329,432,432,456,472,490,132,132,166,186,226,251,251,273,273,298,318,318,324,324,324,30,55,76],"floor_reached":56,"language":"ZHS","playtime":2474,"items_purged":["Doubt","LightDefense"],"score":1513,"play_id":"8062bb14-c8d6-47b6-a5e0-b117226354ef","local_time":"20210224030826","is_ascension_mode":false,"campfire_choices":[{"data":"FocusedStrikes","floor":6,"key":"SMITH"},{"data":"BladeWhirl","floor":12,"key":"SMITH"},{"data":"Zzzzzap","floor":15,"key":"SMITH"},{"data":"IdentifyWeakpoint","floor":23,"key":"SMITH"},{"data":"Deflect_lor","floor":27,"key":"SMITH"},{"data":"EmotionalTurbulence","floor":29,"key":"SMITH"},{"data":"FrontalAssault","floor":32,"key":"SMITH"},{"data":"ChargeUp","floor":44,"key":"SMITH"},{"data":"UnforgettableMelody","floor":46,"key":"SMITH"},{"floor":49,"key":"RECALL"},{"data":"PreemptiveStrike","floor":52,"key":"SMITH"}],"circlet_count":0,"master_deck":["Dodge+1","LightAttack","LightAttack","LightAttack","LightDefense","LightDefense","LightDefense","ChargeAndCover+1","FocusedStrikes+1","REME_TheLastStrike","YoureAHindrance","UnforgettableMelody+1","Zzzzzap+1","BladeWhirl+1","PreemptiveStrike+1","EmotionalTurbulence+1","SerpentineBarrier+1","IdentifyWeakpoint+1","Deflect_lor+1","FrontalAssault+1","ChargeUp+1","GuidanceOfTheGears+1","Thrust+1","Parasite","VioletBlade+1","DarkCloud+1","Rewind+1"],"relics":["PageOfLibrarian","REME_ComplimentaryCards","Dota2Spire:MonkeyKingBar","Ginger","Pen Nib","Dota2Spire:Bloodstone","REME_ArchaeologicalTools","Pocketwatch","Dota2Spire:ArmletOfMordiggian","PageOfScarecrow","PageOfBlackSwan","PageOfMercenary","Dota2Spire:MagicBottle","PageOfBloodbath","ClockworkSouvenir","Dota2Spire:UrnOfShadows","Dota2Spire:EtherealBlade"],"acts_visited":["Exordium","TheCity","TheBeyond","TheEnding"],"potions_floor_usage":[7,11,13,30,42,50,50,55,55,55],"damage_taken":[{"damage":5,"enemies":"2 Louse","floor":1,"turns":3},{"damage":0,"enemies":"Small Slimes","floor":3,"turns":3},{"damage":0,"enemies":"Jaw Worm","floor":4,"turns":2},{"damage":2,"enemies":"Gremlin Nob","floor":7,"turns":5},{"damage":9,"enemies":"3 Louse","floor":10,"turns":3},{"damage":9,"enemies":"3 Sentries","floor":11,"turns":4},{"damage":0,"enemies":"Exordium Thugs","floor":13,"turns":4},{"damage":0,"enemies":"Looter","floor":14,"turns":2},{"damage":0,"enemies":"The Guardian","floor":16,"turns":11},{"damage":2,"enemies":"Shell Parasite","floor":18,"turns":4},{"damage":0,"enemies":"Spheric Guardian","floor":19,"turns":1},{"damage":0,"enemies":"Cultist and Chosen","floor":20,"turns":3},{"damage":0,"enemies":"Snake Plant","floor":21,"turns":3},{"damage":0,"enemies":"Gremlin Leader","floor":24,"turns":2},{"damage":0,"enemies":"Centurion and Healer","floor":28,"turns":3},{"damage":8,"enemies":"REME_1_Revenger","floor":30,"turns":3},{"damage":0,"enemies":"3 Cultists","floor":31,"turns":5},{"damage":22,"enemies":"Champ","floor":33,"turns":7},{"damage":0,"enemies":"Orb Walker","floor":35,"turns":3},{"damage":2,"enemies":"3 Shapes","floor":36,"turns":3},{"damage":0,"enemies":"Maw","floor":37,"turns":4},{"damage":23,"enemies":"Reptomancer","floor":40,"turns":5},{"damage":6,"enemies":"Writhing Mass","floor":41,"turns":3},{"damage":10,"enemies":"Nemesis","floor":42,"turns":5},{"damage":9,"enemies":"3 Darklings","floor":45,"turns":3},{"damage":4,"enemies":"Maw","floor":47,"turns":3},{"damage":16,"enemies":"Spire Growth","floor":48,"turns":3},{"damage":27,"enemies":"Donu and Deca","floor":50,"turns":6},{"damage":26,"enemies":"Shield and Spear","floor":54,"turns":3},{"damage":21,"enemies":"The Heart","floor":55,"turns":6}],"seed_played":"-138799156928458479","potions_obtained":[{"floor":3,"key":"REME_GoldPotion"},{"floor":10,"key":"AttackPotion"},{"floor":11,"key":"Dota2Spire:HealingSalve"},{"floor":13,"key":"Ancient Potion"},{"floor":16,"key":"Fire Potion"},{"floor":21,"key":"AttackPotion"},{"floor":24,"key":"Dexterity Potion"},{"floor":28,"key":"Dota2Spire:Clarity"},{"floor":35,"key":"LiquidMemories"},{"floor":45,"key":"EntropicBrew"},{"floor":47,"key":"Dota2Spire:Clarity"},{"floor":54,"key":"Block Potion"}],"is_trial":false,"path_per_floor":["M","?","M","M","?","R","E","$","T","M","E","R","M","M","R","B",null,"M","M","M","M","?","R","E","?","T","R","M","R","E","M","R","B",null,"M","M","M","$","?","E","M","E","T","R","M","R","M","M","R","B",null,"R","$","E","B",null],"character_chosen":"Librarian","items_purchased":["Ginger","PageOfMercenary","ClockworkSouvenir","Dota2Spire:UrnOfShadows"],"campfire_rested":0,"item_purchase_floors":[8,38,53,53],"current_hp_per_floor":[55,55,55,55,55,55,53,53,53,44,35,35,44,44,44,44,71,69,69,69,69,69,69,69,69,69,69,69,69,61,61,61,53,76,76,74,76,76,76,59,66,67,67,67,76,76,78,62,62,57,78,78,78,57,64],"gold":76,"neow_bonus":"UPGRADE_CARD","is_daily":false,"chose_seed":false,"campfire_upgraded":10,"win_rate":0.0,"timestamp":1614107306,"path_taken":["M","?","M","M","?","R","E","$","T","M","E","R","M","M","R","BOSS","M","M","M","M","?","R","E","?","T","R","M","R","E","M","R","BOSS","M","M","M","$","?","E","M","E","T","R","M","R","M","M","R","BOSS","R","$","E","BOSS"],"items_purchased_type":["Relic","Relic","Relic","Relic"],"build_version":"2020-12-22","purchased_purges":2,"victory":true,"max_hp_per_floor":[70,70,70,70,70,70,63,63,63,63,63,71,71,71,71,71,71,71,71,71,71,71,71,71,71,71,71,71,71,76,76,76,76,76,76,76,76,76,76,76,76,76,76,76,78,78,78,78,78,78,78,78,78,78,78],"card_choices":[{"not_picked":["EnergyBeam","AssaultOrder","FierceCharge","EnergyShield"],"picked":"SKIP","floor":1},{"not_picked":["EnergyShield","Parry2","FeatherShield","FlashOfSunup"],"picked":"SKIP","floor":3},{"not_picked":["ViolentFlame","Leap_lor","AbsorbImpact"],"picked":"YoureAHindrance","floor":4},{"not_picked":["AbsorbImpact","Leap_lor","DefenseOrder"],"picked":"UnforgettableMelody","floor":7},{"not_picked":["AbsorbImpact","HighKick","GreatSerpentsImpact"],"picked":"Zzzzzap","floor":10},{"not_picked":["EnergyCycle","SnakeSlit","HighKick"],"picked":"BladeWhirl","floor":11},{"not_picked":["GuardingStance","DefenseOrder","Quickness"],"picked":"PreemptiveStrike","floor":13},{"not_picked":["WrathOfTorment","ViolentFlame","StrikeDown","Leap_lor"],"picked":"SKIP","floor":14},{"not_picked":["LeRegole","UnforgettableMelody"],"picked":"EmotionalTurbulence","floor":16},{"not_picked":["Bvapour","Reload","PreemptiveStrike","SummaryJudgment"],"picked":"SKIP","floor":18},{"not_picked":["Parry2+1","DefenseOrder","Reload"],"picked":"SerpentineBarrier+1","floor":19},{"not_picked":["Wallop_lor","Bvapour","Retaliate"],"picked":"IdentifyWeakpoint","floor":20},{"not_picked":["StrikeDown","ViolentFlame","PreemptiveStrike","GreatSerpentsImpact"],"picked":"SKIP","floor":21},{"not_picked":["TieShanKao","Deflect_lor","GreatSerpentsImpact","Wallop_lor"],"picked":"SKIP","floor":24},{"not_picked":[],"picked":"Deflect_lor","floor":25},{"not_picked":["SnakesPrey","Rewind","DarkCloud","GreatSerpentsImpact+1"],"picked":"SKIP","floor":28},{"not_picked":["DarkCloud","EnergyCycle","FeatherShield"],"picked":"FrontalAssault","floor":30},{"not_picked":["StrikeDown","ClassAndRespect","FierceCharge","DefenseOrder"],"picked":"SKIP","floor":31},{"not_picked":["LeRegole","EmotionalTurbulence"],"picked":"ChargeUp","floor":33},{"not_picked":["DefenseOrder+1","SunsetBlade","StrikeDown"],"picked":"GuidanceOfTheGears+1","floor":35},{"not_picked":["SnakesPrey+1","RipSpace","Rewind+1"],"picked":"Thrust+1","floor":36},{"not_picked":["BayonetCombat","StrikeDown+1","Quickness","SnakesPrey+1"],"picked":"SKIP","floor":37},{"not_picked":["BackstreetsDash","Overcharge","Thrust","GreatSerpentsImpact+1"],"picked":"SKIP","floor":40},{"not_picked":["SturdyDefense","PreemptiveStrike","UnavoidableGaze+1"],"picked":"VioletBlade+1","floor":41},{"not_picked":["UnavoidableGaze","EnergyBeam","EnergyShield","GuardingStance"],"picked":"SKIP","floor":42},{"not_picked":["FlashOfSunup","Retaliate","Rewind+1"],"picked":"DarkCloud+1","floor":45},{"not_picked":["DirtyBlow+1","HighKick+1","SuppressingShot+1"],"picked":"Rewind+1","floor":47},{"not_picked":["Eject","Zzzzzap","DarkCloud+1","GuidanceOfTheGears+1"],"picked":"SKIP","floor":48},{"not_picked":["GuidanceOfTheGears","Ripple+1","Thrust","DarkCloud"],"picked":"SKIP","floor":54}],"player_experience":716487,"relics_obtained":[{"floor":7,"key":"Dota2Spire:MonkeyKingBar"},{"floor":11,"key":"Pen Nib"},{"floor":24,"key":"Pocketwatch"},{"floor":26,"key":"Dota2Spire:ArmletOfMordiggian"},{"floor":30,"key":"PageOfScarecrow"},{"floor":40,"key":"Dota2Spire:MagicBottle"},{"floor":43,"key":"PageOfBloodbath"},{"floor":54,"key":"Dota2Spire:EtherealBlade"}],"event_choices":[{"damage_healed":0,"gold_gain":0,"player_choice":"Grow","damage_taken":0,"max_hp_gain":0,"max_hp_loss":0,"event_name":"Living Wall","floor":2,"gold_loss":0,"cards_upgraded":["ChargeAndCover"]},{"damage_healed":0,"gold_gain":175,"player_choice":"AGREE","damage_taken":0,"max_hp_gain":0,"max_hp_loss":0,"event_name":"Liars Game","floor":5,"gold_loss":0,"cards_obtained":["Doubt"]},{"damage_healed":0,"gold_gain":0,"player_choice":"Obtained Relic","damage_taken":0,"relics_obtained":["REME_ArchaeologicalTools"],"max_hp_gain":0,"max_hp_loss":0,"event_name":"Addict","floor":22,"gold_loss":85},{"damage_healed":0,"gold_gain":0,"player_choice":"Got Potions","damage_taken":0,"max_hp_gain":0,"max_hp_loss":0,"event_name":"Lab","floor":39,"gold_loss":0}],"is_beta":false,"boss_relics":[{"not_picked":["Sozu","Empty Cage"],"picked":"Dota2Spire:Bloodstone"},{"not_picked":["Velvet Choker","Coffee Dripper"],"picked":"PageOfBlackSwan"}],"items_purged_floors":[8,38],"is_endless":false,"potions_floor_spawned":[3,10,11,13,16,21,24,28,35,37,45,47,54],"ascension_level":0}}