{"host":"8vqkh0x3c7vpgzzm","time":1614038596,"event":{"mods":["AchievementEnabler","BaseMod","Colored Map","Colored Powertips","Curses Come First","DeckTracker","Highlight Path","Minty Spire (QoL Compilation)","Permanent Neow","Quick Restart","Random Character Mod","Rare Cards Sparkle","Relic Sorter","Relic Stats","StSLib","SuperFastMode","Unceasing Turn Reminder","egg","everything is the same but u backflip on backflip"],"gold_per_floor":[117,117,23,33,47,47,65,65,65,65,79,33,66,80,80,180,180,196,196,121,139,139,167,180,180,203,233,79,92,92,92,92,194,194,211,228,75,75,3,16,16,16,39,54,82,82,82,32,32,32],"floor_reached":51,"language":"ENG","playtime":3172,"items_purged":["Defend_B","Strike_B"],"score":1031,"play_id":"2a390840-267e-45e3-8693-439d25c7316d","local_time":"20210223010316","is_ascension_mode":true,"campfire_choices":[{"data":"Zap","floor":6,"key":"SMITH"},{"data":"Dualcast","floor":8,"key":"SMITH"},{"data":"Redo","floor":10,"key":"SMITH"},{"data":"Fusion","floor":15,"key":"SMITH"},{"data":"Coolheaded","floor":25,"key":"SMITH"},{"data":"Coolheaded","floor":30,"key":"SMITH"},{"data":"Skim","floor":32,"key":"SMITH"},{"data":"Fusion","floor":41,"key":"SMITH"},{"data":"Fission","floor":49,"key":"SMITH"}],"circlet_count":0,"master_deck":["Strike_B","Strike_B","Defend_B","Defend_B","Zap+1","Dualcast+1","Ball Lightning","Barrage","Defragment","Redo+1","Go for the Eyes","Conserve Battery","Coolheaded+1","Coolheaded+1","Fusion+1","Biased Cognition","Fusion+1","Ghostly","Ghostly","Ghostly","Ghostly","Ghostly","Sweeping Beam","Rebound+1","Loop+1","Glacier","Skim+1","Echo Form","Skim","Double Energy","Capacitor","Hologram+1","Apotheosis","Secret Technique","Capacitor","Fission+1"],"relics":["Cracked Core","Oddly Smooth Stone","Omamori","Bottled Flame","Runic Pyramid","Blue Candle","Toy Ornithopter","MealTicket","ClockworkSouvenir","Philosopher\u0027s Stone","Smiling Mask","PreservedInsect"],"acts_visited":["Exordium","TheCity","TheBeyond"],"potions_floor_usage":[11,16,23,27,33,47,50],"damage_taken":[{"damage":0,"enemies":"Jaw Worm","floor":1,"turns":3},{"damage":0,"enemies":"Cultist","floor":4,"turns":3},{"damage":0,"enemies":"Small Slimes","floor":5,"turns":3},{"damage":9,"enemies":"2 Fungi Beasts","floor":7,"turns":3},{"damage":29,"enemies":"Gremlin Gang","floor":11,"turns":4},{"damage":6,"enemies":"Gremlin Nob","floor":13,"turns":4},{"damage":6,"enemies":"3 Louse","floor":14,"turns":2},{"damage":0,"enemies":"The Guardian","floor":16,"turns":12},{"damage":3,"enemies":"Shell Parasite","floor":18,"turns":5},{"damage":11,"enemies":"3 Byrds","floor":21,"turns":7},{"damage":6,"enemies":"Book of Stabbing","floor":23,"turns":7},{"damage":0,"enemies":"3 Cultists","floor":24,"turns":6},{"damage":5,"enemies":"Slavers","floor":27,"turns":8},{"damage":9,"enemies":"Centurion and Healer","floor":29,"turns":10},{"damage":4,"enemies":"Automaton","floor":33,"turns":10},{"damage":1,"enemies":"3 Darklings","floor":35,"turns":6},{"damage":2,"enemies":"Orb Walker","floor":36,"turns":3},{"damage":8,"enemies":"Sphere and 2 Shapes","floor":40,"turns":7},{"damage":4,"enemies":"4 Shapes","floor":44,"turns":7},{"damage":0,"enemies":"Giant Head","floor":45,"turns":8},{"damage":0,"enemies":"Maw","floor":47,"turns":1},{"damage":7,"enemies":"Donu and Deca","floor":50,"turns":7}],"seed_played":"5313093362646751247","potions_obtained":[{"floor":4,"key":"SteroidPotion"},{"floor":7,"key":"PowerPotion"},{"floor":14,"key":"DuplicationPotion"},{"floor":23,"key":"SneckoOil"},{"floor":24,"key":"SpeedPotion"},{"floor":33,"key":"DistilledChaos"},{"floor":44,"key":"FocusPotion"}],"is_trial":false,"path_per_floor":["M","?","$","M","M","R","M","R","T","R","M","$","E","M","R","B",null,"M","?","$","M","?","E","M","R","T","E","$","M","R","?","R","B",null,"M","M","$","?","$","M","R","?","T","M","E","?","M","$","R","B",null],"character_chosen":"DEFECT","items_purchased":["Defragment","Redo","Coolheaded","ClockworkSouvenir","Skim","Double Energy","Capacitor"],"campfire_rested":0,"item_purchase_floors":[3,3,12,28,37,37,39],"current_hp_per_floor":[75,75,75,75,75,75,66,66,66,66,37,37,31,25,25,25,63,60,37,37,26,26,20,20,20,20,20,35,26,26,7,7,8,30,29,27,37,35,35,27,27,17,17,13,13,13,18,33,33,30],"gold":32,"neow_bonus":"RANDOM_COMMON_RELIC","is_daily":false,"chose_seed":false,"campfire_upgraded":9,"win_rate":0.0,"timestamp":1614038596,"path_taken":["M","?","$","M","?","R","M","R","T","R","?","?","E","M","R","BOSS","M","?","$","M","?","E","M","R","T","E","$","M","R","?","R","BOSS","M","?","$","?","$","M","R","?","T","M","E","?","M","$","R","BOSS"],"items_purchased_type":["Card","Card","Card","Relic","Card","Card","Card"],"build_version":"2020-12-22","purchased_purges":2,"victory":true,"max_hp_per_floor":[75,75,75,75,75,75,75,75,75,75,75,75,75,75,75,75,75,75,37,37,37,37,37,37,37,37,37,37,37,37,37,37,37,37,37,37,37,35,35,35,35,35,35,35,35,35,35,35,35,35],"relic_stats":{"counters":[22,126],"Blue Candle":[0],"MealTicket":40,"PreservedInsect":0,"Smiling Mask":50,"obtain_stats":[{"Bottled Flame":13,"Blue Candle":23,"Oddly Smooth Stone":0,"MealTicket":27,"Philosopher\u0027s Stone":34,"PreservedInsect":45,"Omamori":9,"Cracked Core":0,"Smiling Mask":43,"Toy Ornithopter":26,"Runic Pyramid":17,"ClockworkSouvenir":28},{"Bottled Flame":6,"Blue Candle":11,"Oddly Smooth Stone":0,"MealTicket":13,"Philosopher\u0027s Stone":15,"PreservedInsect":20,"Omamori":4,"Cracked Core":0,"Smiling Mask":18,"Toy Ornithopter":12,"Runic Pyramid":8,"ClockworkSouvenir":13},{"Bottled Flame":20,"Blue Candle":53,"Oddly Smooth Stone":0,"MealTicket":67,"Philosopher\u0027s Stone":87,"PreservedInsect":118,"Omamori":12,"Cracked Core":0,"Smiling Mask":103,"Toy Ornithopter":59,"Runic Pyramid":34,"ClockworkSouvenir":67}],"Toy Ornithopter":19},"card_choices":[{"not_picked":["Redo","Rebound"],"picked":"Ball Lightning","floor":1},{"not_picked":["Leap","Compile Driver"],"picked":"Go for the Eyes","floor":4},{"not_picked":["Barrage","Go for the Eyes","Gash"],"picked":"SKIP","floor":5},{"not_picked":["Double Energy","Redo","Static Discharge"],"picked":"SKIP","floor":7},{"not_picked":["Double Energy","Redo","Static Discharge"],"picked":"SKIP","floor":7},{"not_picked":["Tempest","Rebound"],"picked":"Conserve Battery","floor":11},{"not_picked":["White Noise","Scrape"],"picked":"Coolheaded","floor":13},{"not_picked":["Loop","FTL"],"picked":"Fusion","floor":14},{"not_picked":["Multi-Cast","Creative AI"],"picked":"Biased Cognition","floor":16},{"not_picked":["Coolheaded","Turbo+1"],"picked":"Fusion","floor":18},{"not_picked":["Gash","Barrage","Turbo"],"picked":"SKIP","floor":21},{"not_picked":["Double Energy","Steam"],"picked":"Rebound+1","floor":23},{"not_picked":["Undo+1","Melter"],"picked":"Loop+1","floor":24},{"not_picked":["Scrape","Rip and Tear"],"picked":"Glacier","floor":27},{"not_picked":["BootSequence","Storm"],"picked":"Skim","floor":29},{"not_picked":["Multi-Cast","Hyperbeam"],"picked":"Echo Form","floor":33},{"not_picked":["Cold Snap","Sweeping Beam","Heatsinks+1"],"picked":"SKIP","floor":35},{"not_picked":["Streamline","Conserve Battery","Steam"],"picked":"SKIP","floor":36},{"not_picked":["Leap+1","Stack+1"],"picked":"Hologram+1","floor":40},{"not_picked":["Magnetism","Sadistic Nature"],"picked":"Apotheosis","floor":42},{"not_picked":["Good Instincts","Purity"],"picked":"Secret Technique","floor":42},{"not_picked":["Aggregate","Stack+1"],"picked":"Capacitor","floor":44},{"not_picked":["Hologram+1","Barrage+1"],"picked":"Fission","floor":45}],"player_experience":605072,"relics_obtained":[{"floor":9,"key":"Omamori"},{"floor":13,"key":"Bottled Flame"},{"floor":23,"key":"Blue Candle"},{"floor":26,"key":"Toy Ornithopter"},{"floor":27,"key":"MealTicket"},{"floor":43,"key":"Smiling Mask"},{"floor":45,"key":"PreservedInsect"}],"event_choices":[{"damage_healed":0,"gold_gain":0,"cards_transformed":["Strike_B"],"player_choice":"Transformed","damage_taken":0,"max_hp_gain":0,"max_hp_loss":0,"event_name":"Transmorgrifier","floor":2,"gold_loss":0,"cards_obtained":["Barrage"]},{"damage_healed":0,"gold_gain":0,"player_choice":"Became a Ghost","damage_taken":0,"max_hp_gain":0,"max_hp_loss":38,"event_name":"Ghosts","floor":19,"gold_loss":0,"cards_obtained":["Ghostly","Ghostly","Ghostly","Ghostly","Ghostly"]},{"damage_healed":0,"gold_gain":0,"player_choice":"Read","damage_taken":0,"max_hp_gain":0,"max_hp_loss":0,"event_name":"The Library","floor":22,"gold_loss":0,"cards_obtained":["Sweeping Beam"]},{"damage_healed":0,"gold_gain":0,"player_choice":"POTION POTION ","damage_taken":19,"max_hp_gain":0,"max_hp_loss":0,"event_name":"Knowing Skull","floor":31,"potions_obtained":["Explosive Potion","SmokeBomb"],"gold_loss":0,"cards_obtained":[]},{"damage_healed":0,"gold_gain":0,"player_choice":"Max HP","damage_taken":0,"max_hp_gain":0,"max_hp_loss":2,"event_name":"Winding Halls","floor":38,"gold_loss":0},{"damage_healed":0,"gold_gain":0,"player_choice":"Memory 3","damage_taken":10,"max_hp_gain":0,"max_hp_loss":0,"event_name":"SensoryStone","floor":42,"gold_loss":0},{"cards_removed":["Defend_B"],"damage_healed":0,"gold_gain":0,"player_choice":"Removed Skill","damage_taken":0,"max_hp_gain":0,"max_hp_loss":0,"event_name":"Falling","floor":46,"gold_loss":0}],"is_beta":false,"boss_relics":[{"not_picked":["SlaversCollar","Fusion Hammer"],"picked":"Runic Pyramid"},{"not_picked":["Empty Cage","Runic Dome"],"picked":"Philosopher\u0027s Stone"}],"items_purged_floors":[20,48],"is_endless":false,"potions_floor_spawned":[4,7,14,23,24,33,36,44,45,47],"ascension_level":5}}