{"host":"wpxe4vcm7d9hc2g8","time":1614058290,"event":{"mods":["2.2 Compatiblity","Act Like it!","Aspiration","BaseMod","Better Match","Better Note","Better Sensory Stone","Better Third Choice","Better Vampires","Conspire","Custom Start","Energized Spire","GifTheSpireLib","Gremlin Mod","Hallownest","Hermit","Hubris","Infinite Spire","JesterMod","Koishi","Magitek Elite","Minty Spire (QoL Compilation)","Pale of the Ancients","Permanent Neow","Railgun Mod","Replay The Spire","Shade Mod","Shop Mod","Spicy Shops","StSLib","Stuff the Spire","Td1madao Mod","The Bug Knight","The Jungle","The Runesmith","The Servant 0.9.4","The Wild Card","TheFirefly","TheVacant","Wandering Minibosses"],"gold_per_floor":[116,116,116,116,41,41,71,87,114,114,125,158,14,31,31,129,129,139,139,139,339,339,368,368,381,381,411,411,442,461,478,478,578,578,596,596,596,596,596,630,630,646,646,673,673,690,690,717,717,717,717],"floor_reached":50,"language":"ENG","playtime":9311,"items_purged":["Strike_B","Strike_B"],"score":1052,"play_id":"1e04f546-9bcc-4e2b-8576-dfc69025d238","local_time":"20210222233130","is_ascension_mode":true,"campfire_choices":[{"data":"Zap","floor":6.0,"key":"SMITH"},{"data":"Dualcast","floor":10.0,"key":"SMITH"},{"data":"Leap","floor":15.0,"key":"SMITH"},{"data":"ReplayGash","floor":24.0,"key":"SMITH"},{"data":"Gash","floor":28.0,"key":"SMITH"},{"data":"Defend_B","floor":32.0,"key":"SMITH"},{"data":"Skim","floor":41,"key":"SMITH"},{"floor":47,"key":"REST"},{"data":"StuffTheSpire:Ambrosia","floor":49,"key":"SMITH"}],"circlet_count":0,"master_deck":["AscendersBane","TheRailgun:Stun_Shock+1","Defend_B","Defend_B","Defend_B+1","Zap+1","Dualcast+1","Gash+1","ReplayGash+1","Leap+1","Echo Form","Electrodynamics+1","Madness+1","StuffTheSpire:Ambrosia+1","Skim+1"],"relics":["Cracked Core","hubris:Icosahedron","StuffTheSpire:Experiment12","infinitespire:PuzzleCube","Darkstone Periapt","ClockworkSouvenir","energizedSpire:OgreHead","hubris:Towel","HollowMod:JonisBlessing","hubris:TenFootPole","Garlic","Golden Egg","hubris:Backtick","conspire:InfiniteJournal","StrikeDummy","hubris:TinFlute","Replay:Baseball","StuffTheSpire:Rhapsscallions"],"acts_visited":["Exordium","TheCity","TheBeyond"],"potions_floor_usage":[40,40,46,46,48],"damage_taken":[{"damage":0.0,"enemies":"2 Louse","floor":1.0,"turns":2.0},{"damage":19.0,"enemies":"Gremlin Nob","floor":7.0,"turns":4.0},{"damage":0.0,"enemies":"Small Slimes","floor":8.0,"turns":3.0},{"damage":2.0,"enemies":"Jaw Worm","floor":11.0,"turns":2.0},{"damage":11.0,"enemies":"Lagavulin","floor":12.0,"turns":5.0},{"damage":0.0,"enemies":"Looter","floor":14.0,"turns":2.0},{"damage":9.0,"enemies":"The Guardian","floor":16.0,"turns":10.0},{"damage":0.0,"enemies":"Spheric Guardian","floor":18.0,"turns":2.0},{"damage":0.0,"enemies":"HollowMod:Nosk","floor":23.0,"turns":6.0},{"damage":0.0,"enemies":"conspire:HollyBat","floor":25.0,"turns":6.0},{"damage":2.0,"enemies":"Book of Stabbing","floor":27.0,"turns":6.0},{"damage":0.0,"enemies":"Replay:Snechameleon","floor":29.0,"turns":4.0},{"damage":0.0,"enemies":"Snake Plant","floor":30.0,"turns":3.0},{"damage":0.0,"enemies":"Cultist and Chosen","floor":31.0,"turns":4.0},{"damage":1.0,"enemies":"conspire:MysteriousRune","floor":33.0,"turns":6.0},{"damage":0.0,"enemies":"3 Darklings","floor":35.0,"turns":3.0},{"damage":43,"enemies":"Reptomancer","floor":40,"turns":8},{"damage":0,"enemies":"Orb Walker","floor":42,"turns":3},{"damage":13,"enemies":"Nightmare","floor":44,"turns":9},{"damage":0,"enemies":"Sphere and 2 Shapes","floor":46,"turns":2},{"damage":9,"enemies":"R_Hoarder","floor":48,"turns":7},{"damage":35,"enemies":"infinitespire:MassOfShapes","floor":50,"turns":7}],"seed_played":"-5659184016157688992","potions_obtained":[{"floor":8.0,"key":"SpeedPotion"},{"floor":11.0,"key":"ColorlessPotion"},{"floor":14.0,"key":"Block Potion"},{"floor":16.0,"key":"conspire:TimeTravelPotion"},{"floor":30.0,"key":"FocusPotion"},{"floor":40,"key":"FocusPotion"},{"floor":44,"key":"Reflective Coating"},{"floor":46,"key":"Fruit Juice"},{"floor":48,"key":"Ancient Potion"}],"is_trial":false,"path_per_floor":["M","?","?","?","$","R","E","M","T","R","M","E","$","M","R","B",null,"M","?","?","?","AVR","E","R","M","T","E","R","E","M","M","R","B",null,"M","?","?","?","?","E","R","M","T","NM","?","M","R","E","R","B"],"character_chosen":"DEFECT","items_purchased":["ClockworkSouvenir"],"campfire_rested":1,"item_purchase_floors":[13],"current_hp_per_floor":[68,73,73,73,73,73,54,54,54,54,52,62,62,62,62,53,68,68,68,68,68,68,68,68,68,68,66,66,66,66,66,66,65,71,71,71,67,67,67,24,24,24,24,11,7,12,38,33,33,0,0],"gold":717,"neow_bonus":"REMOVE_TWO","is_daily":false,"chose_seed":false,"campfire_upgraded":8,"win_rate":0.0,"timestamp":1614058290,"path_taken":["M","?","?","?","$","R","E","M","T","R","M","E","?","M","R","BOSS","M","?","?","?","AVR","E","R","M","T","E","R","E","?","M","R","BOSS","M","?","?","?","?","E","R","M","T","NM","?","M","R","E","R","BOSS"],"items_purchased_type":["Relic"],"build_version":"2020-12-22","purchased_purges":2,"victory":false,"max_hp_per_floor":[68,73,73,73,73,73,73,73,73,73,73,73,73,73,73,73,73,73,73,73,73,73,73,73,73,73,73,73,73,73,73,73,73,73,73,73,73,73,73,74,74,75,75,76,81,87,87,92,92,94,94],"card_choices":[{"not_picked":["StuffTheSpire:LoadUp","Chill"],"picked":"Gash","floor":1.0},{"not_picked":["Beam Cell","StuffTheSpire:LoadUp","ReplayTheSpireMod:Reroute Power"],"picked":"SKIP","floor":7.0},{"not_picked":["Rebound","Chaos"],"picked":"ReplayGash","floor":8.0},{"not_picked":["hubris:DoWhile","Steam","Conserve Battery"],"picked":"SKIP","floor":11.0},{"not_picked":["Turbo","StuffTheSpire:NuclearReactor","Beam Cell"],"picked":"SKIP","floor":12.0},{"not_picked":["Turbo","Panic Button"],"picked":"Leap","floor":14.0},{"not_picked":["Machine Learning","Meteor Strike"],"picked":"Echo Form","floor":16.0},{"not_picked":["Chaos","conspire:SharedLibrary","Turbo"],"picked":"SKIP","floor":18.0},{"not_picked":["Ball Lightning","StuffTheSpire:ShieldGenerator","Meteor Strike"],"picked":"SKIP","floor":23.0},{"not_picked":["Stack","Turbo","Streamline"],"picked":"SKIP","floor":25.0},{"not_picked":["Conserve Battery","StuffTheSpire:Synthwave","White Noise"],"picked":"SKIP","floor":27.0},{"not_picked":["Barrage","Beam Cell","Glacier+1"],"picked":"SKIP","floor":29.0},{"not_picked":["conspire:SharedLibrary","Coolheaded","Doom and Gloom"],"picked":"SKIP","floor":30.0},{"not_picked":["Panic Button+1","Turbo","Coolheaded"],"picked":"SKIP","floor":31.0},{"not_picked":["Rainbow","hubris:SpecializedCircuitry"],"picked":"Electrodynamics","floor":33.0},{"not_picked":["Cold Snap","Coolheaded","Auto Shields"],"picked":"SKIP","floor":35.0},{"not_picked":["StuffTheSpire:Innocence","StuffTheSpire:Rapture"],"picked":"StuffTheSpire:Ambrosia","floor":39.0},{"not_picked":["StuffTheSpire:Plugnplay+1","hubris:PowerSurge+1"],"picked":"Skim","floor":40},{"not_picked":["Sweeping Beam","Turbo","Cold Snap"],"picked":"SKIP","floor":42},{"not_picked":["StuffTheSpire:EventHorizon","Aggregate+1","Consume"],"picked":"SKIP","floor":44},{"not_picked":["StuffTheSpire:EventHorizon","Aggregate+1","Consume"],"picked":"SKIP","floor":44},{"not_picked":["StuffTheSpire:EventHorizon","Aggregate+1","Consume"],"picked":"SKIP","floor":44},{"not_picked":["Heatsinks","Stack","StuffTheSpire:Plugnplay"],"picked":"SKIP","floor":46},{"not_picked":["Meteor Strike","ReplayTheSpireMod:Reroute Power","Tempest+1"],"picked":"SKIP","floor":48}],"player_experience":2812021,"relics_obtained":[{"floor":7.0,"key":"StuffTheSpire:Experiment12"},{"floor":9.0,"key":"infinitespire:PuzzleCube"},{"floor":12.0,"key":"Darkstone Periapt"},{"floor":23.0,"key":"hubris:TenFootPole"},{"floor":26.0,"key":"Garlic"},{"floor":27.0,"key":"Golden Egg"},{"floor":29.0,"key":"aspiration:EnhancedActuators"},{"floor":40,"key":"StrikeDummy"},{"floor":43,"key":"hubris:TinFlute"},{"floor":44,"key":"Replay:Baseball"},{"floor":48,"key":"StuffTheSpire:Rhapsscallions"}],"event_choices":[{"damage_healed":0.0,"max_hp_gain":5.0,"max_hp_loss":0.0,"gold_gain":0.0,"event_name":"Big Fish","player_choice":"Donut","floor":2.0,"gold_loss":0.0,"damage_taken":0.0},{"cards_removed":["Strike_B"],"damage_healed":0.0,"max_hp_gain":0.0,"max_hp_loss":0.0,"gold_gain":0.0,"event_name":"Living Wall","player_choice":"Forget","floor":3.0,"gold_loss":0.0,"damage_taken":0.0},{"damage_healed":0.0,"max_hp_gain":0.0,"max_hp_loss":0.0,"gold_gain":0.0,"event_name":"conspire:Investor","player_choice":"Leave","floor":20.0,"gold_loss":0.0,"damage_taken":0.0},{"damage_healed":0.0,"max_hp_gain":0.0,"max_hp_loss":0.0,"gold_gain":200.0,"event_name":"Wheel of Change","player_choice":"Gold","floor":21.0,"gold_loss":0.0,"damage_taken":0.0},{"damage_healed":0.0,"max_hp_gain":0.0,"max_hp_loss":0.0,"gold_gain":0.0,"event_name":"Tomb of Lord Red Mask","player_choice":"Ignored","floor":36.0,"gold_loss":0.0,"damage_taken":0.0},{"damage_healed":0.0,"max_hp_gain":0.0,"max_hp_loss":0.0,"gold_gain":0.0,"event_name":"Winding Halls","player_choice":"Embrace Madness","floor":37.0,"gold_loss":0.0,"damage_taken":9.0,"cards_obtained":["Madness","Madness"]},{"damage_healed":0,"gold_gain":0,"player_choice":"Random: Violet","damage_taken":0,"max_hp_gain":0,"max_hp_loss":0,"event_name":"betterThird:BetterPortal","floor":45,"gold_loss":0},{"damage_healed":0,"gold_gain":0,"player_choice":"Shed Blood","damage_taken":19,"max_hp_gain":5,"max_hp_loss":0,"event_name":"Forgotten Altar","floor":45,"gold_loss":0}],"is_beta":false,"boss_relics":[{"not_picked":["Replay:Fungal Core","StuffTheSpire:Kangaroo"],"picked":"energizedSpire:OgreHead"},{"not_picked":["Inserter","StuffTheSpire:RunicConfusion"],"picked":"hubris:Backtick"}],"items_purged_floors":[5,22],"is_endless":true,"potions_floor_spawned":[8,11,14,16,23,30,33,40,44,46,48],"killed_by":"infinitespire:MassOfShapes","ascension_level":12}}