{"host":"jzhosqkmc1ht3q4y","time":1614064521,"event":{"mods":["100% Spire Juice","2.2 Compatiblity","Act Like it!","Arknights","BaseMod","Better Third Choice","Colored Map","Marisa£¨Ùöéë¡¡Øª×âÞÞ£©","Minty Spire (QoL Compilation)","Rare Cards Sparkle","StSLib","SuperFastMode"],"gold_per_floor":[109,124,134,146,71,103,103,113,164,164,191,191,149,2,2,75,75,105,117,145,82,113,125,137,149,149],"floor_reached":25,"language":"ENG","playtime":932,"items_purged":[],"score":369,"play_id":"9b1debc5-01f9-4f75-ba64-1e73f03a1040","local_time":"20210223161521","is_ascension_mode":true,"campfire_choices":[{"floor":7.0,"key":"REST"},{"floor":12,"key":"REST"},{"floor":15,"key":"REST"},{"floor":23,"key":"REST"}],"circlet_count":0,"master_deck":["AscendersBane","Strike_MRS","Defend_MRS","Defend_MRS","Defend_MRS","Defend_MRS","MasterSpark","UpSweep","DragonMeteor","MeteoricShower","SprinkleStarSeal","AsteroidBelt","EscapeVelocity","CurseOfTheBell","GalacticHalo","IllusionStar"],"relics":["MiniHakkero","Juzu Bracelet","Toy Ornithopter","Sundial","betterThird:SlimedRelic","Boot","Calling Bell","MawBank","Kunai","Ginger"],"acts_visited":["Exordium","TheCity"],"potions_floor_usage":[16,18,25],"damage_taken":[{"damage":1.0,"enemies":"Cultist","floor":1.0,"turns":3.0},{"damage":9.0,"enemies":"2 Louse","floor":2.0,"turns":2.0},{"damage":9.0,"enemies":"Small Slimes","floor":3.0,"turns":3.0},{"damage":0.0,"enemies":"2 Fungi Beasts","floor":4.0,"turns":2.0},{"damage":30.0,"enemies":"3 Sentries","floor":6.0,"turns":6.0},{"damage":7.0,"enemies":"Looter","floor":8.0,"turns":3.0},{"damage":26,"enemies":"Gremlin Nob","floor":11,"turns":4},{"damage":35,"enemies":"Slime Boss","floor":16,"turns":9},{"damage":21,"enemies":"2 Thieves","floor":18,"turns":5},{"damage":16,"enemies":"Shell Parasite","floor":20,"turns":5},{"damage":13,"enemies":"Centurion and Healer","floor":22,"turns":6},{"damage":53,"enemies":"Slavers","floor":25,"turns":2}],"seed_played":"664251057296044850","potions_obtained":[{"floor":2.0,"key":"SteroidPotion"},{"floor":3.0,"key":"Block Potion"},{"floor":22,"key":"Swift Potion"}],"is_trial":false,"path_per_floor":["M","M","M","M","?","E","R","M","T","?","E","R","?","$","R","B",null,"M","?","M","?","M","R","?","E"],"character_chosen":"MARISA","items_purchased":["Boot"],"campfire_rested":4,"item_purchase_floors":[14],"current_hp_per_floor":[62,53,44,44,44,14,35,28,28,28,2,23,12,12,33,3,53,37,37,21,21,8,29,43,0,0],"gold":149,"neow_bonus":"TRANSFORM_CARD","is_daily":false,"chose_seed":false,"campfire_upgraded":0,"win_rate":0.0,"timestamp":1614064521,"path_taken":["M","M","?","M","?","E","R","M","T","?","E","R","?","?","R","BOSS","M","?","M","?","M","R","?","E"],"items_purchased_type":["Relic"],"build_version":"2020-12-22","purchased_purges":0,"victory":false,"max_hp_per_floor":[70,70,70,70,70,70,70,70,70,70,70,70,70,70,70,70,70,70,70,70,70,70,70,70,70,70],"card_choices":[{"not_picked":["SporeBomb","GasGiant"],"picked":"MeteoricShower","floor":1.0},{"not_picked":["ShootTheMoon","GrandCross"],"picked":"SprinkleStarSeal","floor":2.0},{"not_picked":["MysteriousBeam","AlicesGift","LuminesStrike"],"picked":"SKIP","floor":3.0},{"not_picked":["MysteriousBeam","WitchOfGreed","MilkyWay"],"picked":"SKIP","floor":4.0},{"not_picked":["MagicChant","MachineGunSpark","SporeBomb"],"picked":"SKIP","floor":6.0},{"not_picked":["6A","MaximisePower"],"picked":"AsteroidBelt","floor":8.0},{"not_picked":["ShootingEcho","PropBag","SuperPerseids"],"picked":"SKIP","floor":11},{"not_picked":["JA","BigCrunch"],"picked":"EscapeVelocity","floor":16},{"not_picked":["GravityBeat","DC+1"],"picked":"GalacticHalo","floor":18},{"not_picked":["SuperPerseids","NonDirectionalLaser+1"],"picked":"IllusionStar","floor":20},{"not_picked":["PowerUp","ShootTheMoon","GravityBeat"],"picked":"SKIP","floor":22}],"player_experience":934609,"relics_obtained":[{"floor":6.0,"key":"Juzu Bracelet"},{"floor":9.0,"key":"Toy Ornithopter"},{"floor":11,"key":"Sundial"},{"floor":17,"key":"MawBank"},{"floor":17,"key":"Kunai"},{"floor":17,"key":"Ginger"}],"event_choices":[{"cards_removed":["Strike_MRS"],"damage_healed":0.0,"max_hp_gain":0.0,"max_hp_loss":0.0,"gold_gain":0.0,"event_name":"The Cleric","player_choice":"Card Removal","floor":5.0,"gold_loss":75.0,"damage_taken":0.0},{"damage_healed":28,"gold_gain":0,"player_choice":"Leave","damage_taken":0,"max_hp_gain":0,"max_hp_loss":70,"event_name":"betterThird:BetterShining","floor":10,"gold_loss":0},{"damage_healed":0,"gold_gain":0,"player_choice":"Slimed","damage_taken":11,"max_hp_gain":0,"max_hp_loss":0,"event_name":"betterThird:BetterGoop","floor":13,"gold_loss":42},{"damage_healed":0,"gold_gain":0,"player_choice":"Ignored","damage_taken":0,"max_hp_gain":0,"max_hp_loss":0,"event_name":"N\u0027loth","floor":19,"gold_loss":0},{"cards_removed":["Strike_MRS"],"damage_healed":0,"gold_gain":0,"player_choice":"Gave Gold","damage_taken":0,"max_hp_gain":0,"max_hp_loss":0,"event_name":"Beggar","floor":21,"gold_loss":75},{"damage_healed":14,"gold_gain":0,"player_choice":"Heal","damage_taken":0,"max_hp_gain":0,"max_hp_loss":0,"event_name":"The Library","floor":24,"gold_loss":0}],"is_beta":false,"boss_relics":[{"not_picked":["Fusion Hammer","SacredBark"],"picked":"Calling Bell"}],"items_purged_floors":[],"is_endless":false,"potions_floor_spawned":[2,3,4,8,22],"killed_by":"Slavers","ascension_level":15}}