{"host":"uceopoba4zvqsgiy","time":1614062801,"event":{"mods":["2.2 Compatiblity","Act Like it!","BaseMod","Better Skull","Better Third Choice","Elementarium","Evolution","GifTheSpireLib","Hermit","Humility","Infinite Spire","Jorbs\u0027s Wanderer Trilogy","Marked Mod","Minty Spire (QoL Compilation)","Potionbrewer","Reliquary","Replay The Spire","Robot Space Explorer","Shade Mod","Spicy Shops","StS++","StSLib","Stuff the Spire","The Blue Laboratory","The Caster","The Cursed","The Dragon Tamer","The Dragonkin","The Hierophant","The Judge","The Jungle","TheSurvivalist","Wandering Minibosses"],"gold_per_floor":[113,39,39,55,55,88,88,123,123,123,138,138,138,159,159,278,278,298,126,126,126,140,140,140],"floor_reached":23,"language":"ENG","playtime":1260,"items_purged":[],"score":378,"play_id":"5d618155-047d-474d-93d6-fdb45ff9fb32","local_time":"20210223171641","is_ascension_mode":true,"campfire_choices":[{"data":"WordoMod:BloodThinning","floor":7.0,"key":"SMITH"},{"floor":10.0,"key":"REST"},{"data":"WordoMod:EndOfTheWorld","floor":15.0,"key":"SMITH"}],"circlet_count":0,"master_deck":["WordoMod:StrikeCard","WordoMod:StrikeCard","WordoMod:StrikeCard","WordoMod:StrikeCard","WordoMod:DefendCard","WordoMod:DefendCard","WordoMod:DefendCard","WordoMod:DefendCard","WordoMod:Accursed","WordoMod:IllWill","WordoMod:Pestilence","Regret","WordoMod:Cataclysm+1","WordoMod:Accursed","WordoMod:BloodThinning+1","WordoMod:EndOfTheWorld+1","Injury","stsjorbsmod:Withering","WordoMod:HighwayToHell","WordoMod:EndOfTheWorld","WordoMod:ThornedFist","WordoMod:Exorcism","WordoMod:Exorcism","stsjorbsmod:Withering"],"relics":["WordoMod:Obsidian","WordoMod:Effigy","EVO:Axolotl","NeowsBlessing","Bird Faced Urn","infinitespire:Satchel","Bronze Scales","Golden Idol","Replay:PocketPolymizer","StSpp:FireArrow","infinitespire:Joker Card","Nloth\u0027s Gift"],"acts_visited":["Exordium","TheCity"],"potions_floor_usage":[22,23],"damage_taken":[{"damage":0.0,"enemies":"2 Louse","floor":1.0,"turns":1.0},{"damage":0.0,"enemies":"Small Slimes","floor":4.0,"turns":1.0},{"damage":0.0,"enemies":"Gremlin Nob","floor":6.0,"turns":1.0},{"damage":27.0,"enemies":"Lagavulin","floor":8.0,"turns":4.0},{"damage":11.0,"enemies":"Cultist","floor":11.0,"turns":3.0},{"damage":0.0,"enemies":"Exordium Wildlife","floor":14.0,"turns":1.0},{"damage":39.0,"enemies":"Slime Boss","floor":16.0,"turns":8.0},{"damage":39.0,"enemies":"2 Thieves","floor":18.0,"turns":4.0},{"damage":5,"enemies":"3 Byrds","floor":22,"turns":2},{"damage":27,"enemies":"Nightmare","floor":23,"turns":3}],"seed_played":"-8118497725654761362","potions_obtained":[{"floor":4.0,"key":"BlessingOfTheForge"},{"floor":6.0,"key":"infinitespire:BlackPotion"},{"floor":8.0,"key":"blueLaboratory:AbyssPotion"},{"floor":11.0,"key":"Elixir"},{"floor":18.0,"key":"Block Potion"},{"floor":22,"key":"Explosive Potion"}],"is_trial":false,"path_per_floor":["M","$","?","M","?","E","R","E","T","R","M","?","?","M","R","B",null,"M","$","?","$","M","NM"],"character_chosen":"JUDGE_CLASS","items_purchased":["WordoMod:Pestilence","WordoMod:ThornedFist","WordoMod:Exorcism","infinitespire:Joker Card"],"campfire_rested":1,"item_purchase_floors":[2,19,19,19],"current_hp_per_floor":[75,75,75,75,75,75,75,48,48,70,63,63,63,63,63,28,63,24,24,24,24,19,0,0],"gold":140,"neow_bonus":"THREE_ENEMY_KILL","is_daily":false,"chose_seed":false,"campfire_upgraded":2,"win_rate":0.0,"timestamp":1614062801,"path_taken":["M","$","?","M","?","E","R","E","T","R","?","?","?","M","R","BOSS","M","$","?","?","M","NM"],"items_purchased_type":["Card","Card","Card","Relic"],"build_version":"2020-12-22","purchased_purges":0,"victory":false,"max_hp_per_floor":[75,75,75,75,75,75,75,75,75,75,75,75,75,75,75,75,75,75,75,75,75,75,75,75],"card_choices":[{"not_picked":["WordoMod:SoulSpear","WordoMod:InduceTrauma","WordoMod:CloudOfDust"],"picked":"SKIP","floor":1.0},{"not_picked":["WordoMod:CloudOfDust","WordoMod:Exorcism"],"picked":"WordoMod:Cataclysm","floor":4.0},{"not_picked":["ReplayTheSpireMod:Doomed","Decay"],"picked":"WordoMod:Accursed","floor":6.0},{"not_picked":["WordoMod:Repent","WordoMod:Vulgarity"],"picked":"WordoMod:BloodThinning","floor":6.0},{"not_picked":["WordoMod:Spite","WordoMod:CloudOfDust","WordoMod:ScatterAshes"],"picked":"SKIP","floor":8.0},{"not_picked":["WordoMod:Exorcism","WordoMod:Resurrection"],"picked":"WordoMod:EndOfTheWorld","floor":11.0},{"not_picked":["Delirium","stsjorbsmod:Procrastination"],"picked":"stsjorbsmod:Withering","floor":14.0},{"not_picked":["WordoMod:GivesYouHell","WordoMod:Repent"],"picked":"WordoMod:HighwayToHell","floor":14.0},{"not_picked":["WordoMod:ConjureTheDamned","WordoMod:UltimateSacrifice"],"picked":"WordoMod:EndOfTheWorld","floor":16.0},{"not_picked":["WordoMod:Hysteria","WordoMod:Rise","WordoMod:ScatterAshes"],"picked":"SKIP","floor":18.0},{"not_picked":["Delirium","Writhe"],"picked":"stsjorbsmod:Withering","floor":22},{"not_picked":["WordoMod:Spite","WordoMod:ShackleGuard","WordoMod:BadMemories"],"picked":"SKIP","floor":22}],"player_experience":1862003,"relics_obtained":[{"floor":6.0,"key":"infinitespire:Satchel"},{"floor":8.0,"key":"Bronze Scales"},{"floor":9.0,"key":"Onion Ring"},{"floor":13.0,"key":"Replay:PocketPolymizer"}],"event_choices":[{"damage_healed":0.0,"max_hp_gain":0.0,"max_hp_loss":0.0,"gold_gain":0.0,"event_name":"Big Fish","player_choice":"Box","floor":3.0,"gold_loss":0.0,"damage_taken":0.0,"relics_obtained":["Bird Faced Urn"],"cards_obtained":["Regret"]},{"damage_healed":0.0,"max_hp_gain":0.0,"max_hp_loss":0.0,"gold_gain":0.0,"event_name":"Upgrade Shrine","player_choice":"Upgraded","floor":5.0,"gold_loss":0.0,"damage_taken":0.0,"cards_upgraded":["WordoMod:Cataclysm"]},{"damage_healed":0.0,"max_hp_gain":0.0,"max_hp_loss":0.0,"gold_gain":0.0,"event_name":"Golden Idol","player_choice":"Take Wound","floor":12.0,"gold_loss":0.0,"damage_taken":0.0,"relics_obtained":["Golden Idol"],"cards_obtained":["Injury"]},{"damage_healed":0.0,"max_hp_gain":0.0,"max_hp_loss":0.0,"gold_gain":0.0,"event_name":"N\u0027loth","player_choice":"Traded Relic","floor":20.0,"relics_lost":["Onion Ring"],"gold_loss":0.0,"damage_taken":0.0,"relics_obtained":["Nloth\u0027s Gift"]}],"is_beta":false,"boss_relics":[{"not_picked":["Snecko Heart","StSpp:Balance"],"picked":"StSpp:FireArrow"}],"items_purged_floors":[],"is_endless":false,"potions_floor_spawned":[4,6,8,11,18,22],"killed_by":"Nightmare","ascension_level":5,"is_humility":true}}