{"host":"r4fh4z5myensb3zv","time":1614076648,"event":{"mods":["BaseMod","Colored Map","DeckTracker","Minty Spire (QoL Compilation)","Rare Cards Sparkle","Relic Stats","StSLib"],"gold_per_floor":[116,128,83,93,112,141,161,181,181,192,211,222,232,202,202,299,299,311,327,63,77,77,77,77,90,164,178,178,195,56,74,74,179,179,198,248,266,166,183,183,218,218,218,232,53,53,53,68,68,68],"floor_reached":51,"language":"ENG","playtime":4086,"items_purged":["Crippling Poison","Strike_G","Strike_G","Strike_G"],"score":664,"play_id":"c7bfc906-021a-4ee5-8ba0-472ba2441672","local_time":"20210223113728","is_ascension_mode":false,"campfire_choices":[{"floor":15.0,"key":"REST"},{"floor":23,"key":"REST"},{"floor":28,"key":"REST"},{"data":"Storm of Steel","floor":32,"key":"SMITH"},{"floor":40,"key":"REST"},{"floor":42,"key":"REST"},{"data":"Accuracy","floor":47,"key":"SMITH"},{"floor":49,"key":"REST"}],"circlet_count":0,"master_deck":["Strike_G","Strike_G","Defend_G","Defend_G","Defend_G","Defend_G","Defend_G","Survivor","Neutralize","Sucker Punch","Noxious Fumes","PiercingWail","PiercingWail","A Thousand Cuts","Heel Hook","Footwork","Blade Dance","Accuracy+1","Dodge and Roll","Cloak And Dagger","Storm of Steel+1","Infinite Blades+1","Infinite Blades","Choke","Storm of Steel","Slice+1","Accuracy"],"relics":["Ring of the Snake","NeowsBlessing","Kunai","Shuriken","WristBlade","Vajra","FossilizedHelix","Torii","The Courier","Philosopher\u0027s Stone","Dead Branch","Du-Vu Doll","Sundial"],"acts_visited":["Exordium","TheCity","TheBeyond"],"potions_floor_usage":[16,16,33,50,50,50],"damage_taken":[{"damage":0.0,"enemies":"Cultist","floor":1.0,"turns":1.0},{"damage":0.0,"enemies":"Small Slimes","floor":2.0,"turns":1.0},{"damage":0.0,"enemies":"Jaw Worm","floor":4.0,"turns":1.0},{"damage":7.0,"enemies":"Exordium Wildlife","floor":5.0,"turns":9.0},{"damage":23.0,"enemies":"Lagavulin","floor":6.0,"turns":8.0},{"damage":10.0,"enemies":"Large Slime","floor":7.0,"turns":7.0},{"damage":0.0,"enemies":"2 Fungi Beasts","floor":8.0,"turns":3.0},{"damage":1.0,"enemies":"Blue Slaver","floor":10.0,"turns":5.0},{"damage":2.0,"enemies":"Looter","floor":11.0,"turns":4.0},{"damage":4.0,"enemies":"Exordium Wildlife","floor":12.0,"turns":3.0},{"damage":6.0,"enemies":"Blue Slaver","floor":13.0,"turns":4.0},{"damage":0.0,"enemies":"Looter","floor":14.0,"turns":4.0},{"damage":18,"enemies":"Slime Boss","floor":16,"turns":13},{"damage":16,"enemies":"Chosen","floor":18,"turns":6},{"damage":2,"enemies":"3 Byrds","floor":19,"turns":5},{"damage":17,"enemies":"Snecko","floor":21,"turns":4},{"damage":8,"enemies":"Centurion and Healer","floor":25,"turns":5},{"damage":14,"enemies":"Snake Plant","floor":27,"turns":4},{"damage":0,"enemies":"Chosen and Byrds","floor":29,"turns":6},{"damage":0,"enemies":"Centurion and Healer","floor":31,"turns":5},{"damage":11,"enemies":"Automaton","floor":33,"turns":6},{"damage":11,"enemies":"3 Darklings","floor":35,"turns":6},{"damage":0,"enemies":"Mind Bloom Boss Battle","floor":36,"turns":4},{"damage":21,"enemies":"3 Shapes","floor":37,"turns":2},{"damage":21,"enemies":"Sphere and 2 Shapes","floor":39,"turns":4},{"damage":0,"enemies":"Giant Head","floor":41,"turns":5},{"damage":4,"enemies":"4 Shapes","floor":44,"turns":3},{"damage":0,"enemies":"Jaw Worm Horde","floor":48,"turns":3},{"damage":60,"enemies":"Awakened One","floor":50,"turns":6}],"seed_played":"-8724139308965328991","potions_obtained":[{"floor":1.0,"key":"ColorlessPotion"},{"floor":5.0,"key":"Fire Potion"},{"floor":8.0,"key":"LiquidBronze"},{"floor":11.0,"key":"Dexterity Potion"},{"floor":16,"key":"ColorlessPotion"},{"floor":18,"key":"BlessingOfTheForge"},{"floor":19,"key":"SkillPotion"},{"floor":29,"key":"GamblersBrew"},{"floor":31,"key":"DistilledChaos"},{"floor":36,"key":"ColorlessPotion"},{"floor":41,"key":"FearPotion"}],"is_trial":false,"path_per_floor":["M","M","$","M","M","E","M","M","T","M","M","M","M","M","R","B",null,"M","M","$","M","T","R","?","M","T","M","R","M","$","M","R","B",null,"M","?","M","$","M","R","E","R","T","M","$","?","R","M","R","B",null],"character_chosen":"THE_SILENT","items_purchased":["PiercingWail","Infinite Blades","Vajra","Choke","Accuracy"],"campfire_rested":6,"item_purchase_floors":[3,20,20,30,45],"current_hp_per_floor":[70,70,70,70,63,40,30,30,30,29,27,23,17,17,38,20,70,54,52,52,35,35,56,56,48,48,34,55,55,55,55,55,44,70,59,59,38,38,17,38,38,59,59,55,55,55,55,55,70,10],"gold":68,"neow_bonus":"THREE_ENEMY_KILL","is_daily":false,"chose_seed":false,"campfire_upgraded":2,"win_rate":0.0,"timestamp":1614076648,"path_taken":["M","?","?","M","M","E","?","M","T","M","M","M","M","?","R","BOSS","M","M","$","M","?","R","?","M","T","M","R","M","?","M","R","BOSS","M","?","M","$","M","R","E","R","T","M","$","?","R","M","R","BOSS"],"items_purchased_type":["Card","Card","Relic","Card","Card"],"build_version":"2020-12-22","purchased_purges":4,"victory":true,"max_hp_per_floor":[70,70,70,70,70,70,70,70,70,70,70,70,70,70,70,70,70,70,70,70,70,70,70,70,70,70,70,70,70,70,70,70,70,70,70,70,70,70,70,70,70,70,70,70,70,70,70,70,70,70],"relic_stats":{"Torii":4,"counters":[29,137],"Shuriken":[62],"Sundial":[0],"Dead Branch":[69],"Kunai":[63],"obtain_stats":[{"NeowsBlessing":0,"Torii":24,"Dead Branch":36,"Vajra":20,"The Courier":26,"Du-Vu Doll":41,"WristBlade":17,"Shuriken":9,"Sundial":43,"Philosopher\u0027s Stone":34,"Kunai":6,"FossilizedHelix":22,"Ring of the Snake":0},{"NeowsBlessing":0,"Torii":16,"Dead Branch":23,"Vajra":15,"The Courier":17,"Du-Vu Doll":26,"WristBlade":13,"Shuriken":7,"Sundial":26,"Philosopher\u0027s Stone":21,"Kunai":5,"FossilizedHelix":16,"Ring of the Snake":0},{"NeowsBlessing":0,"Torii":78,"Dead Branch":114,"Vajra":74,"The Courier":83,"Du-Vu Doll":125,"WristBlade":63,"Shuriken":30,"Sundial":125,"Philosopher\u0027s Stone":104,"Kunai":20,"FossilizedHelix":78,"Ring of the Snake":0}],"Ring of the Snake":[58]},"card_choices":[{"not_picked":["Expertise","Riddle With Holes","Sucker Punch"],"picked":"SKIP","floor":1.0},{"not_picked":["Expertise","Riddle With Holes"],"picked":"Sucker Punch","floor":1.0},{"not_picked":["Poisoned Stab","Backflip"],"picked":"Noxious Fumes","floor":2.0},{"not_picked":["Blade Dance","Flechettes"],"picked":"PiercingWail","floor":4.0},{"not_picked":["Escape Plan","Deflect"],"picked":"Crippling Poison","floor":5.0},{"not_picked":["Flying Knee","Predator"],"picked":"A Thousand Cuts","floor":6.0},{"not_picked":["Dagger Throw","Dodge and Roll"],"picked":"Heel Hook","floor":7.0},{"not_picked":["Quick Slash","PiercingWail"],"picked":"Footwork","floor":8.0},{"not_picked":["Quick Slash","Cloak And Dagger"],"picked":"Blade Dance","floor":10.0},{"not_picked":["Cloak And Dagger","Sucker Punch"],"picked":"Accuracy","floor":11.0},{"not_picked":["Acrobatics","Sucker Punch","Poisoned Stab"],"picked":"SKIP","floor":12.0},{"not_picked":["Underhanded Strike","Prepared"],"picked":"Dodge and Roll","floor":13.0},{"not_picked":["Dash","Dodge and Roll"],"picked":"Cloak And Dagger","floor":14.0},{"not_picked":["Wraith Form v2","Adrenaline"],"picked":"Storm of Steel","floor":16},{"not_picked":["Bane","Choke"],"picked":"Infinite Blades+1","floor":18},{"not_picked":["Noxious Fumes","Prepared","Dodge and Roll"],"picked":"SKIP","floor":19},{"not_picked":["Crippling Poison","Predator","Outmaneuver"],"picked":"SKIP","floor":21},{"not_picked":["Tactician","Sucker Punch+1","Acrobatics"],"picked":"SKIP","floor":25},{"not_picked":["Expertise+1","Dagger Throw"],"picked":"Terror+1","floor":27},{"not_picked":["Accuracy","Dodge and Roll","Deadly Poison"],"picked":"SKIP","floor":29},{"not_picked":["Dash","Prepared","Well Laid Plans"],"picked":"SKIP","floor":31},{"not_picked":["Unload","Bullet Time"],"picked":"Storm of Steel","floor":33},{"not_picked":["Eviscerate+1","Dodge and Roll","Predator"],"picked":"SKIP","floor":35},{"not_picked":["Backflip","Flying Knee"],"picked":"Slice+1","floor":37},{"not_picked":["Skewer","Dagger Spray","Quick Slash+1"],"picked":"SKIP","floor":39},{"not_picked":["Backflip+1","Outmaneuver","Tools of the Trade"],"picked":"SKIP","floor":41},{"not_picked":["Flechettes+1","Backflip+1","Poisoned Stab"],"picked":"SKIP","floor":44},{"not_picked":["Riddle With Holes","Underhanded Strike+1","Flying Knee"],"picked":"SKIP","floor":48}],"player_experience":140701,"relics_obtained":[{"floor":6.0,"key":"Kunai"},{"floor":9.0,"key":"Shuriken"},{"floor":22,"key":"FossilizedHelix"},{"floor":26,"key":"The Courier"},{"floor":36,"key":"Dead Branch"},{"floor":41,"key":"Du-Vu Doll"},{"floor":43,"key":"Sundial"}],"event_choices":[{"damage_healed":0,"gold_gain":0,"player_choice":"Opened","damage_taken":0,"relics_obtained":["Torii"],"max_hp_gain":0,"max_hp_loss":0,"event_name":"The Mausoleum","floor":24,"gold_loss":0},{"damage_healed":0,"gold_gain":0,"player_choice":"Fight","damage_taken":0,"max_hp_gain":0,"max_hp_loss":0,"event_name":"MindBloom","floor":36,"gold_loss":0},{"cards_removed":["Terror"],"damage_healed":0,"gold_gain":0,"player_choice":"Removed Skill","damage_taken":0,"max_hp_gain":0,"max_hp_loss":0,"event_name":"Falling","floor":46,"gold_loss":0}],"is_beta":false,"boss_relics":[{"not_picked":["Fusion Hammer","HoveringKite"],"picked":"WristBlade"},{"not_picked":["Velvet Choker","Snecko Eye"],"picked":"Philosopher\u0027s Stone"}],"items_purged_floors":[20,30,38,45],"is_endless":false,"potions_floor_spawned":[1,5,8,11,16,18,19,29,31,36,37,41,44,48],"ascension_level":0}}