{"host":"jgl9m63d23sfproq","time":1614077785,"event":{"mods":["Act Like it!","Aspiration","Bard","BaseMod","Bossed Relics","Colored Map","Conspire","Dark Map","DeckTracker","Downfall","Friendly Minions","Gensokyo","Jedi Mod","Marisa¡]Ãú«B¡@Å]²z¨F¡^","Minty Spire (QoL Compilation)","Reliquary","Replay The Spire","Shop Mod","Smile Girya","StSLib","The Blackbeard","The Construct","The Jungle","The Mystic","The Runesmith","The Servant 0.9.4","Wide Potions","Yuyuko"],"gold_per_floor":[109,109,120,137,212,212,242,317,317,331,331,343,356,376,376,478,478,492,492,502,252,252,252,287,287,287],"floor_reached":25,"language":"ZHS","playtime":905,"items_purged":[],"score":273,"play_id":"ff52313c-4618-42c7-afd0-a80a20ba19fe","local_time":"20210223185625","is_ascension_mode":false,"campfire_choices":[{"data":"Footwork","floor":6,"key":"SMITH"},{"floor":11,"key":"REST"},{"floor":15,"key":"REST"},{"floor":23,"key":"REST"}],"circlet_count":0,"master_deck":["Strike_G","Strike_G","Strike_G","Defend_G","Defend_G","Defend_G","Defend_G","Defend_G","Survivor","Neutralize","Poisoned Stab","jedi:poisonivy","Footwork+1","Envenom","Prepared","Deflect","Noxious Fumes","Poisoned Stab","jedi:studyshivs","Hidden Blade","Streamline","GremboGang"],"relics":["Ring of the Snake","NeowsBlessing","reliquary:Pushpin","aspiration:DefectSkillbook","MutagenicStrength","Torii"],"acts_visited":["Exordium","TheCity"],"potions_floor_usage":[12,20],"damage_taken":[{"damage":0,"enemies":"Cultist","floor":1,"turns":1},{"damage":0,"enemies":"conspire:RoseBush","floor":3,"turns":1},{"damage":0,"enemies":"2 Louse","floor":4,"turns":1},{"damage":32,"enemies":"Gremlin Nob","floor":7,"turns":5},{"damage":8,"enemies":"Large Slime","floor":10,"turns":7},{"damage":9,"enemies":"Lots of Slimes","floor":12,"turns":6},{"damage":0,"enemies":"Red Slaver","floor":13,"turns":5},{"damage":11,"enemies":"2 Fungi Beasts","floor":14,"turns":3},{"damage":0,"enemies":"Hexaghost","floor":16,"turns":9},{"damage":24,"enemies":"Shell Parasite","floor":18,"turns":4},{"damage":0,"enemies":"conspire:FuzzyDice","floor":20,"turns":3},{"damage":43,"enemies":"Gremlin Leader","floor":24,"turns":9},{"damage":25,"enemies":"Sentry and Sphere","floor":25,"turns":3}],"seed_played":"-6987137714420525644","potions_obtained":[{"floor":4,"key":"CunningPotion"},{"floor":13,"key":"Fire Potion"},{"floor":16,"key":"AttackPotion"},{"floor":18,"key":"Fire Potion"},{"floor":20,"key":"LiquidBronze"}],"is_trial":false,"path_per_floor":["M","?","M","M","?","R","E","?","T","M","R","M","M","M","R","B",null,"M","?","M","?","?","R","E","M"],"character_chosen":"THE_SILENT","items_purchased":[],"campfire_rested":3,"item_purchase_floors":[],"current_hp_per_floor":[70,70,70,70,59,59,27,20,20,12,33,24,24,13,34,34,70,46,46,46,46,46,67,24,0,0],"gold":287,"neow_bonus":"THREE_ENEMY_KILL","is_daily":false,"chose_seed":false,"campfire_upgraded":1,"win_rate":0.0,"timestamp":1614077785,"path_taken":["M","?","?","M","?","R","E","?","T","?","R","M","M","M","R","BOSS","M","?","?","?","?","R","E","M"],"items_purchased_type":[],"build_version":"2020-12-22","purchased_purges":0,"victory":false,"max_hp_per_floor":[70,70,70,70,70,70,70,70,70,70,70,70,70,70,70,70,70,70,70,70,70,70,70,70,70,70],"card_choices":[{"not_picked":["Bane","Bouncing Flask"],"picked":"Poisoned Stab","floor":1},{"not_picked":["Flying Knee","Dodge and Roll"],"picked":"jedi:poisonivy","floor":3},{"not_picked":["Dash","Masterful Stab"],"picked":"Footwork","floor":4},{"not_picked":["Deadly Poison","Sucker Punch"],"picked":"Envenom","floor":7},{"not_picked":["Flying Knee","Dagger Throw"],"picked":"Prepared","floor":10},{"not_picked":["Crippling Poison","Dagger Spray"],"picked":"Deflect","floor":12},{"not_picked":["Dodge and Roll","Sucker Punch"],"picked":"Noxious Fumes","floor":13},{"not_picked":["Underhanded Strike","Flying Knee"],"picked":"Poisoned Stab","floor":14},{"not_picked":["Phantasmal Killer","aspiration:Lunge"],"picked":"jedi:studyshivs","floor":16},{"not_picked":["Doom and Gloom+1","Rebound","ReplaySort"],"picked":"Hidden Blade","floor":18},{"not_picked":["Sweeping Beam","Dagger Spray","Backflip","Steam"],"picked":"SKIP","floor":20},{"not_picked":["Consume+1","jedi:darknesscall","BasicCrystalCard","Leg Sweep"],"picked":"SKIP","floor":24}],"player_experience":58330,"relics_obtained":[{"floor":7,"key":"reliquary:Pushpin"},{"floor":24,"key":"Torii"}],"event_choices":[{"cards_removed":["Strike_G"],"damage_healed":0,"gold_gain":0,"player_choice":"Purged","damage_taken":0,"max_hp_gain":0,"max_hp_loss":0,"event_name":"Purifier","floor":2,"gold_loss":0},{"damage_healed":0,"gold_gain":75,"player_choice":"Gather Gold","damage_taken":11,"max_hp_gain":0,"max_hp_loss":0,"event_name":"World of Goop","floor":5,"gold_loss":0},{"damage_healed":0,"gold_gain":75,"player_choice":"Touch","damage_taken":7,"max_hp_gain":0,"max_hp_loss":0,"event_name":"FaceTrader","floor":8,"gold_loss":0},{"damage_healed":0,"gold_gain":0,"cards_transformed":["Strike_G"],"player_choice":"Transformed","damage_taken":0,"max_hp_gain":0,"max_hp_loss":0,"event_name":"Transmorgrifier","floor":19,"gold_loss":0,"cards_obtained":["Streamline"]},{"damage_healed":0,"gold_gain":0,"player_choice":"Inject Mutagens","damage_taken":0,"relics_obtained":["MutagenicStrength"],"max_hp_gain":0,"max_hp_loss":0,"event_name":"Drug Dealer","floor":22,"gold_loss":0}],"is_beta":false,"boss_relics":[{"not_picked":["aspiration:SecretTechniqueScroll","jedi:battlestandard"],"picked":"aspiration:DefectSkillbook"}],"items_purged_floors":[],"is_endless":false,"potions_floor_spawned":[4,13,16,18,20],"killed_by":"Sentry and Sphere","ascension_level":0}}