{"host":"yy1cu9q9bsxhflzi","time":1614078873,"event":{"mods":["BaseMod","DeckTracker","Minty Spire (QoL Compilation)","Quick Restart","StSLib","SuperFastMode","everything is the same but u backflip on backflip"],"gold_per_floor":[115,131,131,149,149,183,183,209,235,235,247,247,247,276,276,348,348,364,381,393,411,425,450,469,469,469,501,501,516,534,565,565,644,644,661,675,1674,1684,1129,1158,1158,1158,1158,1192,1211,1211,1211,977,977,977,977,977,977,445,477,477],"floor_reached":57,"language":"KOR","playtime":1499,"items_purged":[],"score":3109,"play_id":"56463038-89cf-4456-8501-8ed68b5f8531","local_time":"20210223201433","is_ascension_mode":true,"campfire_choices":[{"data":"Defragment","floor":7.0,"key":"SMITH"},{"data":"Juggernaut","floor":10.0,"key":"SMITH"},{"data":"Dualcast","floor":15.0,"key":"SMITH"},{"floor":25.0,"key":"REST"},{"floor":28.0,"key":"RECALL"},{"floor":32.0,"key":"REST"},{"floor":46.0,"key":"REST"},{"floor":49,"key":"REST"},{"floor":53,"key":"REST"}],"circlet_count":0,"master_deck":["AscendersBane","Dualcast+1","Coolheaded","Coolheaded","Glacier","Glacier","Glacier","Juggernaut+1","Defragment+1","Loop+1","Amplify","Turbo","Self Repair","Turbo+1","Hologram+1","Madness+1","Master of Strategy+1","Panache","Force Field+1","Defragment","Echo Form"],"relics":["FrozenCore","Nunchaku","Strawberry","Omamori","Gremlin Horn","Bottled Lightning","Fusion Hammer","Oddly Smooth Stone","Toxic Egg 2","Question Card","Du-Vu Doll","Runic Pyramid","Matryoshka","StrikeDummy","Blue Candle","Pen Nib","Boot","Happy Flower","Pear","Cables","Whetstone"],"acts_visited":["Exordium","TheCity","TheBeyond","TheEnding"],"potions_floor_usage":[55,56],"damage_taken":[{"damage":3.0,"enemies":"2 Louse","floor":1.0,"turns":3.0},{"damage":0.0,"enemies":"Small Slimes","floor":2.0,"turns":3.0},{"damage":0.0,"enemies":"Cultist","floor":4.0,"turns":4.0},{"damage":0.0,"enemies":"Lagavulin","floor":6.0,"turns":5.0},{"damage":2.0,"enemies":"3 Sentries","floor":8.0,"turns":5.0},{"damage":0.0,"enemies":"Exordium Wildlife","floor":11.0,"turns":4.0},{"damage":0.0,"enemies":"Gremlin Nob","floor":14.0,"turns":3.0},{"damage":0.0,"enemies":"Hexaghost","floor":16.0,"turns":6.0},{"damage":0.0,"enemies":"Spheric Guardian","floor":18.0,"turns":3.0},{"damage":4.0,"enemies":"2 Thieves","floor":19.0,"turns":4.0},{"damage":11.0,"enemies":"Snake Plant","floor":20.0,"turns":3.0},{"damage":0.0,"enemies":"3 Cultists","floor":21.0,"turns":4.0},{"damage":0.0,"enemies":"Cultist and Chosen","floor":22.0,"turns":3.0},{"damage":12.0,"enemies":"Book of Stabbing","floor":23.0,"turns":4.0},{"damage":0.0,"enemies":"Snecko","floor":24.0,"turns":4.0},{"damage":1.0,"enemies":"Gremlin Leader","floor":27.0,"turns":6.0},{"damage":0.0,"enemies":"Centurion and Healer","floor":29.0,"turns":4.0},{"damage":17.0,"enemies":"Cultist and Chosen","floor":30.0,"turns":5.0},{"damage":24.0,"enemies":"Slavers","floor":31.0,"turns":6.0},{"damage":0.0,"enemies":"Collector","floor":33.0,"turns":8.0},{"damage":0.0,"enemies":"3 Darklings","floor":35.0,"turns":5.0},{"damage":8.0,"enemies":"3 Shapes","floor":36.0,"turns":4.0},{"damage":0.0,"enemies":"Maw","floor":38.0,"turns":4.0},{"damage":0.0,"enemies":"Giant Head","floor":40.0,"turns":6.0},{"damage":19.0,"enemies":"Reptomancer","floor":44.0,"turns":5.0},{"damage":0.0,"enemies":"Writhing Mass","floor":45.0,"turns":4.0},{"damage":1,"enemies":"Time Eater","floor":50,"turns":5},{"damage":16,"enemies":"Awakened One","floor":51,"turns":11},{"damage":13,"enemies":"Shield and Spear","floor":55,"turns":7},{"damage":2,"enemies":"The Heart","floor":56,"turns":10}],"seed_played":"9142372831128737516","potions_obtained":[{"floor":1.0,"key":"Dexterity Potion"},{"floor":2.0,"key":"DuplicationPotion"},{"floor":6.0,"key":"PowerPotion"},{"floor":18.0,"key":"LiquidBronze"},{"floor":29.0,"key":"Swift Potion"}],"is_trial":true,"path_per_floor":["M","M","?","M","?","E","R","E","T","R","M","?","?","E","R","B",null,"M","M","M","M","M","E","M","R","T","E","R","M","M","E","R","B",null,"M","M","?","M","$","E","?","?","T","E","M","R","?","$","R","B","B",null,"R","$","E","B",null],"character_chosen":"DEFECT","items_purchased":["Matryoshka","StrikeDummy","Defragment","Happy Flower","Pear","Cables"],"campfire_rested":5,"item_purchase_floors":[39,39,48,48,54,54],"current_hp_per_floor":[61,61,54,54,59,59,59,64,64,64,64,64,64,64,64,64,75,75,71,60,60,60,48,48,71,71,70,70,70,67,50,73,78,78,78,77,77,78,78,78,78,68,68,56,63,78,74,74,74,74,72,74,74,84,78,83],"gold":477,"neow_bonus":"","is_daily":false,"chose_seed":false,"campfire_upgraded":3,"win_rate":0.0,"timestamp":1614078873,"path_taken":["M","M","?","M","?","E","R","E","T","R","?","?","?","E","R","BOSS","M","M","M","?","M","E","M","R","T","E","R","M","M","E","R","BOSS","M","M","?","M","$","E","?","?","T","E","M","R","?","$","R","BOSS","BOSS","R","$","E","BOSS"],"items_purchased_type":["Relic","Relic","Card","Relic","Relic","Relic"],"build_version":"2020-12-22","purchased_purges":0,"victory":true,"max_hp_per_floor":[71,71,71,71,71,71,71,78,78,78,78,78,78,78,78,78,78,78,78,78,78,78,78,78,78,78,78,78,78,78,78,78,78,78,78,78,78,78,78,78,78,78,78,78,78,78,74,74,74,74,74,74,74,84,84,84],"card_choices":[{"not_picked":["BootSequence","Fusion"],"picked":"Defragment","floor":1.0},{"not_picked":["Blizzard","Leap","Go for the Eyes"],"picked":"SKIP","floor":2.0},{"not_picked":["Go for the Eyes","Skim"],"picked":"Loop","floor":4.0},{"not_picked":["Rebound","Conserve Battery","Steam"],"picked":"SKIP","floor":6.0},{"not_picked":["Static Discharge","Doom and Gloom","Stack"],"picked":"SKIP","floor":8.0},{"not_picked":["Barrage","Ball Lightning","Sunder"],"picked":"SKIP","floor":11.0},{"not_picked":["Streamline","Thunder Strike","Fission"],"picked":"SKIP","floor":14.0},{"not_picked":["Rainbow","All For One"],"picked":"Amplify","floor":16.0},{"not_picked":["Coolheaded","Go for the Eyes","Blizzard+1"],"picked":"SKIP","floor":18.0},{"not_picked":["Storm","Steam","Ball Lightning"],"picked":"SKIP","floor":19.0},{"not_picked":["Sweeping Beam","Gash+1","Compile Driver"],"picked":"SKIP","floor":20.0},{"not_picked":["Beam Cell","Undo"],"picked":"Turbo","floor":21.0},{"not_picked":["Ball Lightning+1","Cold Snap","Stack"],"picked":"SKIP","floor":22.0},{"not_picked":["Blizzard","Barrage","Biased Cognition"],"picked":"SKIP","floor":23.0},{"not_picked":["Beam Cell","Go for the Eyes","Streamline+1"],"picked":"SKIP","floor":24.0},{"not_picked":["Conserve Battery+1","Electrodynamics","Redo+1"],"picked":"SKIP","floor":27.0},{"not_picked":["Sweeping Beam","Gash","Compile Driver"],"picked":"Self Repair","floor":29.0},{"not_picked":["Compile Driver+1","Cold Snap+1","Glacier+1"],"picked":"Turbo+1","floor":30.0},{"not_picked":["Hyperbeam","Go for the Eyes","Auto Shields+1","Redo+1"],"picked":"SKIP","floor":31.0},{"not_picked":["FTL","Self Repair","Beam Cell+1","Gash"],"picked":"SKIP","floor":35.0},{"not_picked":["Ball Lightning+1","Beam Cell+1","Turbo+1","Rebound"],"picked":"SKIP","floor":36.0},{"not_picked":["Redo+1","Barrage","Glacier+1"],"picked":"BootSequence+1","floor":38.0},{"not_picked":["Cold Snap","Meteor Strike","Double Energy+1"],"picked":"Hologram+1","floor":40.0},{"not_picked":["Thinking Ahead+1","PanicButton+1","Purity+1"],"picked":"Madness+1","floor":42.0},{"not_picked":["Transmutation+1","Madness+1","Purity+1"],"picked":"Master of Strategy+1","floor":42.0},{"not_picked":["Impatience+1","Sadistic Nature","Good Instincts+1"],"picked":"Panache","floor":42.0},{"not_picked":["Double Energy+1","Hologram+1","Compile Driver+1"],"picked":"Force Field+1","floor":44.0},{"not_picked":["Beam Cell","Sweeping Beam+1","Ball Lightning","Stack+1"],"picked":"SKIP","floor":45.0},{"not_picked":["Compile Driver+1","Leap+1","Force Field+1"],"picked":"Echo Form","floor":55}],"player_experience":3937478,"relics_obtained":[{"floor":6.0,"key":"Nunchaku"},{"floor":8.0,"key":"Strawberry"},{"floor":9.0,"key":"Omamori"},{"floor":14.0,"key":"Bottled Lightning"},{"floor":23.0,"key":"Oddly Smooth Stone"},{"floor":26.0,"key":"Toxic Egg 2"},{"floor":27.0,"key":"Question Card"},{"floor":31.0,"key":"Du-Vu Doll"},{"floor":40.0,"key":"Blue Candle"},{"floor":43.0,"key":"Pen Nib"},{"floor":44.0,"key":"Boot"},{"floor":55,"key":"Whetstone"}],"event_choices":[{"cards_removed":["Glacier"],"damage_healed":0.0,"max_hp_gain":0.0,"max_hp_loss":0.0,"gold_gain":0.0,"event_name":"Golden Wing","player_choice":"Card Removal","floor":3.0,"gold_loss":0.0,"damage_taken":7.0},{"cards_removed":["Coolheaded"],"damage_healed":5.0,"max_hp_gain":0.0,"max_hp_loss":0.0,"gold_gain":0.0,"event_name":"Bonfire Elementals","player_choice":"Offered Common","floor":5.0,"gold_loss":0.0,"damage_taken":0.0},{"cards_removed":["Coolheaded"],"damage_healed":5.0,"max_hp_gain":0.0,"max_hp_loss":0.0,"gold_gain":0.0,"event_name":"Bonfire Elementals","player_choice":"Offered Special","floor":5.0,"gold_loss":0.0,"damage_taken":0.0},{"damage_healed":0.0,"max_hp_gain":0.0,"max_hp_loss":0.0,"gold_gain":0.0,"event_name":"Living Wall","player_choice":"Grow","floor":12.0,"gold_loss":0.0,"damage_taken":0.0,"cards_upgraded":["Loop"]},{"cards_removed":["Coolheaded"],"damage_healed":0.0,"max_hp_gain":0.0,"max_hp_loss":0.0,"gold_gain":0.0,"event_name":"WeMeetAgain","player_choice":"Gave Card","floor":13.0,"gold_loss":0.0,"damage_taken":0.0,"relics_obtained":["Gremlin Horn"]},{"damage_healed":0.0,"max_hp_gain":0.0,"max_hp_loss":0.0,"gold_gain":999.0,"event_name":"MindBloom","player_choice":"Gold","floor":37.0,"gold_loss":0.0,"damage_taken":0.0,"cards_obtained":["Normality","Normality"]},{"cards_removed":["BootSequence"],"damage_healed":0.0,"max_hp_gain":0.0,"max_hp_loss":0.0,"gold_gain":0.0,"event_name":"Falling","player_choice":"Removed Skill","floor":41.0,"gold_loss":0.0,"damage_taken":0.0},{"damage_healed":0.0,"max_hp_gain":0.0,"max_hp_loss":0.0,"gold_gain":0.0,"event_name":"SensoryStone","player_choice":"Memory 3","floor":42.0,"gold_loss":0.0,"damage_taken":10.0},{"damage_healed":0.0,"max_hp_gain":0.0,"max_hp_loss":4.0,"gold_gain":0.0,"event_name":"Winding Halls","player_choice":"Max HP","floor":47.0,"gold_loss":0.0,"damage_taken":0.0}],"is_beta":false,"boss_relics":[{"not_picked":["Pandora\u0027s Box","Velvet Choker"],"picked":"Fusion Hammer"},{"not_picked":["Empty Cage","Tiny House"],"picked":"Runic Pyramid"}],"items_purged_floors":[],"is_endless":false,"potions_floor_spawned":[1,2,6,14,18,20,22,27,29,31,36,40,45],"ascension_level":20}}