{"host":"o3n4et6u1y1w2h5j","time":1614075631,"event":{"mods":["AchievementEnabler","BaseMod","Block Reminder","Colored Powertips","Minty Spire (QoL Compilation)","Rare Cards Sparkle","Relic Stats","Replay The Spire","StSLib"],"gold_per_floor":[115,290,240,15,28,28,56,56,79,93,103,103,103,103,103,118,118,219,219,232,73,73,85,85,85,111,122,122,122,6,6,19,33,33,128,128,146,1,1,1,1,19,39,51,51,67,138,173,173,173,24,49,49,49,49,49,98,127,127],"floor_reached":60,"language":"ENG","playtime":6067,"items_purged":["Strike_R"],"score":1459,"play_id":"6118507e-8d6f-406f-985d-b4f73eacc613","local_time":"20210223022031","is_ascension_mode":true,"campfire_choices":[{"data":"True Grit","floor":6,"key":"SMITH"},{"floor":8,"key":"REST"},{"data":"Midas Touch","floor":14,"key":"SMITH"},{"data":"Dark Embrace","floor":17,"key":"SMITH"},{"data":"True Grit","floor":25,"key":"SMITH"},{"data":"Feel No Pain","floor":34,"key":"SMITH"},{"data":"Impervious","floor":45,"key":"SMITH"},{"floor":53,"key":"RECALL"},{"data":"Demon Form","floor":56,"key":"SMITH"}],"circlet_count":0,"master_deck":["Defend_R","Defend_R","Defend_R","Defend_R","Bash","Iron Wave","ReplayTheSpireMod:Corrosion Curse","True Grit+1","Midas Touch+1","ReplayTheSpireMod:Private Reserves","PanicButton","Reaper","Dark Embrace+1","Run Through","Carnage","True Grit+1","Shrug It Off","Impervious+1","Immolate","Ghostly+1","Ghostly+1","Ghostly+1","Ghostly+1","Ghostly+1","Feel No Pain+1","ReplayTheSpireMod:IOU","ReplayTheSpireMod:IOU","ReplayTheSpireMod:IOU","Purity+1","Midas Touch+1","Headbutt","Feed","Demon Form+1","Disarm+1","Seeing Red+1","Doubt","Sentinel+1","ReplayTheSpireMod:IOU","ReplayTheSpireMod:IOU","Sentinel+1"],"relics":["Burning Blood","Replay:Wax Seal","ReplayTheSpireMod:ShopPack","Anchor","Philosopher\u0027s Stone","Nloth\u0027s Gift","ReplayTheSpireMod:Lightbulb","Toxic Egg 2","Shuriken","Replay:Grab Bag","Cursed Key","Coffee Dripper","Runic Pyramid","Blood Vial","Toolbox","Art of War","Medical Kit","Bronze Scales"],"acts_visited":["Exordium","TheCity","TheBeyond","TheEnding"],"potions_floor_usage":[18,20,27,35,59],"damage_taken":[{"damage":8,"enemies":"Jaw Worm","floor":1,"turns":4},{"damage":10,"enemies":"Small Slimes","floor":5,"turns":4},{"damage":55,"enemies":"3 Sentries","floor":7,"turns":10},{"damage":15,"enemies":"Cultist","floor":10,"turns":5},{"damage":0,"enemies":"Gremlin Gang","floor":11,"turns":2},{"damage":6,"enemies":"Blue Slaver","floor":16,"turns":1},{"damage":47,"enemies":"Hexaghost","floor":18,"turns":9},{"damage":12,"enemies":"Shell Parasite","floor":20,"turns":2},{"damage":23,"enemies":"2 Thieves","floor":23,"turns":4},{"damage":55,"enemies":"Book of Stabbing","floor":26,"turns":5},{"damage":21,"enemies":"Cultist and Chosen","floor":27,"turns":7},{"damage":2,"enemies":"Shelled Parasite and Fungi","floor":32,"turns":8},{"damage":0,"enemies":"Snake Plant","floor":33,"turns":8},{"damage":0,"enemies":"Champ","floor":35,"turns":9},{"damage":0,"enemies":"Orb Walker","floor":37,"turns":3},{"damage":0,"enemies":"3 Darklings","floor":42,"turns":5},{"damage":5,"enemies":"4 Shapes","floor":43,"turns":3},{"damage":4,"enemies":"Sphere and 2 Shapes","floor":44,"turns":6},{"damage":17,"enemies":"Transient","floor":46,"turns":5},{"damage":0,"enemies":"Reptomancer","floor":48,"turns":8},{"damage":11,"enemies":"Nemesis","floor":52,"turns":7},{"damage":14,"enemies":"Replay:Hell Engine","floor":54,"turns":12},{"damage":43,"enemies":"Shield and Spear","floor":58,"turns":5},{"damage":18,"enemies":"The Heart","floor":59,"turns":9}],"seed_played":"-150456166642036786","potions_obtained":[{"floor":1,"key":"SpeedPotion"},{"floor":10,"key":"Fire Potion"},{"floor":11,"key":"Death Potion"},{"floor":23,"key":"SpeedPotion"},{"floor":26,"key":"Elixir"},{"floor":32,"key":"LiquidMemories"},{"floor":35,"key":"Reflective Coating"},{"floor":37,"key":"LiquidMemories"}],"is_trial":false,"path_per_floor":["M","?","?","$","M","R","E","R","T","M","M","PTL","PTL","R","?","M","R","B",null,"M","$","?","M","?","R","E","M","T","?","$","?","M","M","R","B",null,"M","$","?","PTL","PTL","M","M","M","R","M","T","E","?","?","$","E","R","B",null,"R","$","E","B",null],"character_chosen":"IRONCLAD","items_purchased":["Replay:Wax Seal","True Grit","ReplayTheSpireMod:ShopPack","Carnage","True Grit","Feel No Pain","Shuriken","Purity+1","Demon Form","Toolbox","Medical Kit"],"campfire_rested":1,"item_purchase_floors":[4,4,4,21,21,30,30,30,38,51,57],"current_hp_per_floor":[78,78,78,78,74,74,29,53,53,48,54,54,54,54,54,54,54,13,80,74,74,74,63,63,63,14,9,9,9,9,9,19,28,28,40,40,43,43,43,43,43,46,46,49,49,38,38,49,49,59,59,59,59,59,59,59,59,22,59],"gold":127,"neow_bonus":"RANDOM_EVENT","is_daily":false,"chose_seed":false,"campfire_upgraded":7,"win_rate":0.0,"timestamp":1614075631,"path_taken":["M","?","?","?","?","R","E","R","T","M","M","PTL","PTL","R","?","M","R","BOSS","M","$","?","?","?","R","E","M","T","?","$","?","?","M","R","BOSS","M","$","?","PTL","PTL","?","M","M","R","M","T","E","?","?","$","E","R","BOSS","R","$","E","BOSS"],"items_purchased_type":["Relic","Card","Relic","Card","Card","Card","Relic","Card","Card","Relic","Relic"],"build_version":"2020-12-22","purchased_purges":1,"victory":true,"max_hp_per_floor":[80,80,80,80,80,80,80,80,80,80,80,80,80,80,80,80,80,80,80,80,80,80,80,80,80,80,80,80,40,40,40,40,40,40,40,40,43,43,43,43,43,46,46,49,49,49,49,49,49,59,59,59,59,59,59,59,59,59,59],"relic_stats":{"Blood Vial":2,"counters":[24,141],"Shuriken":[14],"Bronze Scales":[99],"Nloth\u0027s Gift":4,"Art of War":[9],"Cursed Key":1,"Medical Kit":[1],"obtain_stats":[{"Replay:Grab Bag":36,"King of Hearts":7,"Cursed Key":36,"Medical Kit":57,"Burning Blood":0,"Blood Vial":48,"Anchor":9,"Shuriken":30,"Bronze Scales":58,"Toolbox":51,"Philosopher\u0027s Stone":19,"Nloth\u0027s Gift":22,"Coffee Dripper":36,"Art of War":52,"Replay:Wax Seal":4,"Toxic Egg 2":28,"ReplayTheSpireMod:Lightbulb":26,"ReplayTheSpireMod:ShopPack":4,"Runic Pyramid":36},{"Replay:Grab Bag":14,"King of Hearts":3,"Cursed Key":14,"Medical Kit":22,"Burning Blood":0,"Blood Vial":20,"Anchor":3,"Shuriken":11,"Bronze Scales":23,"Toolbox":20,"Philosopher\u0027s Stone":7,"Nloth\u0027s Gift":8,"Coffee Dripper":14,"Art of War":21,"Replay:Wax Seal":1,"Toxic Egg 2":11,"ReplayTheSpireMod:Lightbulb":10,"ReplayTheSpireMod:ShopPack":1,"Runic Pyramid":14},{"Replay:Grab Bag":78,"King of Hearts":18,"Cursed Key":78,"Medical Kit":127,"Burning Blood":0,"Blood Vial":108,"Anchor":18,"Shuriken":53,"Bronze Scales":132,"Toolbox":108,"Philosopher\u0027s Stone":35,"Nloth\u0027s Gift":37,"Coffee Dripper":78,"Art of War":115,"Replay:Wax Seal":4,"Toxic Egg 2":53,"ReplayTheSpireMod:Lightbulb":46,"ReplayTheSpireMod:ShopPack":4,"Runic Pyramid":78}],"Burning Blood":100},"card_choices":[{"not_picked":["Sword Boomerang","Reckless Charge"],"picked":"ReplayTheSpireMod:Corrosion Curse","floor":1},{"not_picked":["Secret Weapon","Sadistic Nature"],"picked":"Midas Touch","floor":4},{"not_picked":["Flash of Steel","Secret Weapon"],"picked":"ReplayTheSpireMod:Private Reserves","floor":4},{"not_picked":["Specialist","Purity"],"picked":"PanicButton","floor":4},{"not_picked":["Twin Strike","True Grit"],"picked":"Reaper","floor":5},{"not_picked":["Shrug It Off","Wild Strike"],"picked":"Dark Embrace","floor":7},{"not_picked":["Ghostly Armor","Havoc","Shrug It Off"],"picked":"SKIP","floor":10},{"not_picked":["Body Slam","Ghostly Armor"],"picked":"Run Through","floor":11},{"not_picked":["Body Slam","Wild Strike","Combust"],"picked":"SKIP","floor":16},{"not_picked":["Corruption","Demonic Infusion"],"picked":"Reaper","floor":18},{"not_picked":["Body Slam","Heavy Blade","Anger"],"picked":"SKIP","floor":20},{"not_picked":["Hemokinesis","Run Through"],"picked":"Shrug It Off","floor":23},{"not_picked":["Perfected Strike","Twin Strike"],"picked":"Impervious","floor":26},{"not_picked":["Flex","Clothesline+1"],"picked":"Immolate","floor":27},{"not_picked":["Heavy Blade","Warcry+1"],"picked":"Headbutt","floor":32},{"not_picked":["Clothesline","Sword Boomerang","Havoc+1"],"picked":"SKIP","floor":33},{"not_picked":["Corruption","Juggernaut"],"picked":"Feed","floor":35},{"not_picked":["ReplayTheSpireMod:Limb From Limb","Heavy Blade","Anger+1"],"picked":"SKIP","floor":37},{"not_picked":["ReplayTheSpireMod:Stacked+1","Reckless Charge+1","Massacre+1"],"picked":"SKIP","floor":42},{"not_picked":["Uppercut","Bludgeon"],"picked":"Seeing Red+1","floor":43},{"not_picked":["Dark Embrace+1","Replay:Undeath\u0027s Touch+1","Inflame+1"],"picked":"SKIP","floor":44},{"not_picked":["Flex+1","ReplayTheSpireMod:Strike From Hell","Hemokinesis+1"],"picked":"SKIP","floor":46},{"not_picked":["Demon Form","Body Slam"],"picked":"Sentinel+1","floor":48},{"not_picked":["ReplayTheSpireMod:Limb From Limb","Immolate","Pommel Strike+1"],"picked":"SKIP","floor":52},{"not_picked":["Replay:Undeath\u0027s Touch","Offering+1"],"picked":"Sentinel+1","floor":58}],"player_experience":104913,"relics_obtained":[{"floor":7,"key":"King of Hearts"},{"floor":9,"key":"Anchor"},{"floor":26,"key":"ReplayTheSpireMod:Lightbulb"},{"floor":28,"key":"Toxic Egg 2"},{"floor":48,"key":"Blood Vial"},{"floor":52,"key":"Art of War"},{"floor":58,"key":"Bronze Scales"}],"event_choices":[{"damage_healed":0,"gold_gain":0,"cards_transformed":["Strike_R"],"player_choice":"Change","damage_taken":0,"max_hp_gain":0,"max_hp_loss":0,"event_name":"Living Wall","floor":0,"gold_loss":0,"cards_obtained":["Iron Wave"]},{"damage_healed":0,"gold_gain":175,"player_choice":"AGREE","damage_taken":0,"max_hp_gain":0,"max_hp_loss":0,"event_name":"Liars Game","floor":2,"gold_loss":0,"cards_obtained":["Doubt"]},{"cards_removed":["Doubt"],"damage_healed":0,"gold_gain":0,"player_choice":"Card Removal","damage_taken":0,"max_hp_gain":0,"max_hp_loss":0,"event_name":"The Cleric","floor":3,"gold_loss":50},{"cards_removed":["Strike_R"],"damage_healed":0,"gold_gain":0,"player_choice":"Purged","damage_taken":0,"max_hp_gain":0,"max_hp_loss":0,"event_name":"Purifier","floor":15,"gold_loss":0},{"damage_healed":0,"gold_gain":0,"player_choice":"Traded Relic","damage_taken":0,"relics_obtained":["Nloth\u0027s Gift"],"max_hp_gain":0,"max_hp_loss":0,"event_name":"N\u0027loth","floor":22,"relics_lost":["King of Hearts"],"gold_loss":0},{"cards_removed":["Strike_R"],"damage_healed":0,"gold_gain":0,"player_choice":"Elegance","damage_taken":0,"max_hp_gain":0,"max_hp_loss":0,"event_name":"Back to Basics","floor":24,"gold_loss":0},{"damage_healed":0,"gold_gain":0,"player_choice":"Became a Ghost","damage_taken":0,"max_hp_gain":0,"max_hp_loss":40,"event_name":"Ghosts","floor":29,"gold_loss":0,"cards_obtained":["Ghostly","Ghostly","Ghostly","Ghostly","Ghostly"]},{"damage_healed":0,"gold_gain":0,"player_choice":"Copied","damage_taken":0,"max_hp_gain":0,"max_hp_loss":0,"event_name":"Duplicator","floor":31,"gold_loss":0,"cards_obtained":["Midas Touch"]},{"damage_healed":0,"gold_gain":0,"cards_transformed":["Strike_R"],"player_choice":"Transformed","damage_taken":0,"max_hp_gain":0,"max_hp_loss":0,"event_name":"Transmorgrifier","floor":39,"gold_loss":0,"cards_obtained":["Disarm"]},{"damage_healed":0,"gold_gain":0,"player_choice":"Ignored","damage_taken":0,"max_hp_gain":0,"max_hp_loss":0,"event_name":"Tomb of Lord Red Mask","floor":49,"gold_loss":0},{"cards_removed":["Reaper"],"damage_healed":0,"gold_gain":0,"player_choice":"Offered Rare","damage_taken":0,"max_hp_gain":10,"max_hp_loss":0,"event_name":"Bonfire Elementals","floor":50,"gold_loss":0}],"is_beta":false,"boss_relics":[{"not_picked":["Fusion Hammer","ReplayTheSpireMod:DimensionalGlitch"],"picked":"Philosopher\u0027s Stone"},{"not_picked":["Black Blood","Snecko Eye"],"picked":"Replay:Grab Bag"},{"not_picked":["ChewingGum","Mark of Pain"],"picked":"Cursed Key"},{"not_picked":["Velvet Choker","Painkiller Herb"],"picked":"Coffee Dripper"},{"not_picked":["Replay:Drink Me","Runic Cube"],"picked":"Runic Pyramid"}],"items_purged_floors":[21],"is_endless":false,"potions_floor_spawned":[1,10,11,23,26,32,35,37,48,52],"ascension_level":4}}