{"host":"snggrqcauaf0m8fe","time":1614095558,"event":{"mods":["BaseMod","Minty Spire (QoL Compilation)","Quick Restart"],"gold_per_floor":[114,114,129,304,321,321,321,321,321,349,120,131,206,219,219,219,219],"floor_reached":16,"language":"ENG","playtime":349,"items_purged":["Strike_G"],"score":150,"play_id":"73bca451-77fc-4d9c-9da2-fe0941cd7380","local_time":"20210223165238","is_ascension_mode":true,"campfire_choices":[{"floor":6,"key":"REST"},{"data":"Cloak And Dagger","floor":8,"key":"SMITH"},{"floor":15,"key":"REST"}],"circlet_count":0,"master_deck":["AscendersBane","Strike_G","Strike_G","Strike_G+1","Strike_G","Defend_G","Defend_G","Defend_G","Defend_G","Defend_G+1","Survivor","Neutralize","Cloak And Dagger+1","Infinite Blades","Finisher","Outmaneuver"],"relics":["Ring of the Snake","NeowsBlessing","Lantern","Mercury Hourglass"],"acts_visited":["Exordium"],"potions_floor_usage":[10,16],"damage_taken":[{"damage":0,"enemies":"2 Louse","floor":1,"turns":1},{"damage":0,"enemies":"Jaw Worm","floor":3,"turns":1},{"damage":0,"enemies":"Cultist","floor":5,"turns":1},{"damage":29,"enemies":"Lagavulin","floor":10,"turns":8},{"damage":0,"enemies":"2 Fungi Beasts","floor":12,"turns":2},{"damage":0,"enemies":"Large Slime","floor":14,"turns":5},{"damage":51,"enemies":"The Guardian","floor":16,"turns":13}],"seed_played":"-6336442186360403517","potions_obtained":[{"floor":1,"key":"EssenceOfSteel"},{"floor":12,"key":"SmokeBomb"},{"floor":14,"key":"Energy Potion"}],"is_trial":false,"path_per_floor":["M","?","M","?","M","R","?","R","T","E","$","M","?","M","R","B"],"character_chosen":"THE_SILENT","items_purchased":["Infinite Blades","Finisher"],"campfire_rested":2,"item_purchase_floors":[11,11],"current_hp_per_floor":[63,49,49,49,49,70,70,70,70,41,41,41,30,30,51,0,0],"gold":219,"neow_bonus":"THREE_ENEMY_KILL","is_daily":false,"chose_seed":false,"campfire_upgraded":1,"win_rate":0.0,"timestamp":1614095558,"path_taken":["M","?","M","?","M","R","?","R","T","E","$","?","?","M","R","BOSS"],"items_purchased_type":["Card","Card"],"build_version":"2020-12-22","purchased_purges":1,"victory":false,"max_hp_per_floor":[70,70,70,70,70,70,70,70,70,70,70,70,70,70,70,70,70],"card_choices":[{"not_picked":["Masterful Stab","Deadly Poison","Dagger Spray"],"picked":"SKIP","floor":1},{"not_picked":["Flying Knee","Quick Slash","Dash"],"picked":"SKIP","floor":3},{"not_picked":["Prepared","Acrobatics"],"picked":"Cloak And Dagger","floor":5},{"not_picked":["Quick Slash","Unload","Choke"],"picked":"SKIP","floor":10},{"not_picked":["PiercingWail","Calculated Gamble","Bouncing Flask"],"picked":"SKIP","floor":12},{"not_picked":["Crippling Poison","Expertise"],"picked":"Outmaneuver","floor":14}],"player_experience":807211,"relics_obtained":[{"floor":9,"key":"Lantern"},{"floor":10,"key":"Mercury Hourglass"}],"event_choices":[{"damage_healed":0,"gold_gain":0,"player_choice":"Entered Light","damage_taken":14,"max_hp_gain":0,"max_hp_loss":0,"event_name":"Shining Light","floor":2,"gold_loss":0,"cards_upgraded":["Strike_G","Defend_G"]},{"damage_healed":0,"gold_gain":175,"player_choice":"AGREE","damage_taken":0,"max_hp_gain":0,"max_hp_loss":0,"event_name":"Liars Game","floor":4,"gold_loss":0,"cards_obtained":["Doubt"]},{"cards_removed":["Doubt"],"damage_healed":0,"gold_gain":0,"player_choice":"Removed Curses","damage_taken":0,"max_hp_gain":0,"max_hp_loss":0,"event_name":"Fountain of Cleansing","floor":7,"gold_loss":0},{"damage_healed":0,"gold_gain":75,"player_choice":"Gather Gold","damage_taken":11,"max_hp_gain":0,"max_hp_loss":0,"event_name":"World of Goop","floor":13,"gold_loss":0}],"is_beta":false,"boss_relics":[],"items_purged_floors":[11],"is_endless":false,"potions_floor_spawned":[1,12,14],"killed_by":"The Guardian","ascension_level":10}}