{"host":"ELF","time":1614066196,"event":{"mods":["BaseMod","Bestiary","Minty Spire (QoL Compilation)","Relic Stats","Slay the Relics Exporter"],"gold_per_floor":[117,130,140,140,154,154,154,154],"floor_reached":7,"language":"ENG","playtime":215,"items_purged":[],"score":86,"play_id":"8e7e3820-3739-4a92-9df3-d1d2835a413e","local_time":"20210223014316","is_ascension_mode":true,"campfire_choices":[{"data":"Reprogram","floor":6,"key":"SMITH"}],"circlet_count":0,"master_deck":["AscendersBane","Strike_B","Strike_B","Strike_B","Strike_B","Defend_B","Defend_B","Defend_B","Defend_B","Zap","Dualcast","Reprogram+1","Rip and Tear","Coolheaded","Reprogram+1"],"relics":["Runic Dome"],"acts_visited":["Exordium"],"potions_floor_usage":[7],"damage_taken":[{"damage":7,"enemies":"2 Louse","floor":1,"turns":3},{"damage":6,"enemies":"Small Slimes","floor":2,"turns":4},{"damage":0,"enemies":"Cultist","floor":3,"turns":3},{"damage":8,"enemies":"Looter","floor":5,"turns":3},{"damage":48,"enemies":"Gremlin Nob","floor":7,"turns":4}],"seed_played":"-143429168037736367","potions_obtained":[{"floor":1,"key":"FocusPotion"},{"floor":3,"key":"EssenceOfSteel"}],"is_trial":false,"path_per_floor":["M","M","M","?","M","R","E"],"character_chosen":"DEFECT","items_purchased":[],"campfire_rested":0,"item_purchase_floors":[],"current_hp_per_floor":[57,51,51,51,43,43,0,0],"gold":154,"neow_bonus":"BOSS_RELIC","is_daily":false,"chose_seed":false,"campfire_upgraded":1,"win_rate":0.0,"timestamp":1614066196,"path_taken":["M","M","M","?","M","R","E"],"items_purchased_type":[],"build_version":"2020-12-18","purchased_purges":0,"victory":false,"max_hp_per_floor":[71,71,71,71,71,71,71,71],"relic_stats":{"counters":[5,17],"obtain_stats":[{"Runic Dome":0,"Cracked Core":0},{"Runic Dome":0,"Cracked Core":0},{"Runic Dome":0,"Cracked Core":0}]},"card_choices":[{"not_picked":["Static Discharge","Chill"],"picked":"Reprogram","floor":1},{"not_picked":["Rebound","Heatsinks"],"picked":"Rip and Tear","floor":2},{"not_picked":["Consume","Turbo"],"picked":"Coolheaded","floor":3},{"not_picked":["Double Energy","Consume"],"picked":"Reprogram","floor":5}],"player_experience":3531072,"relics_obtained":[],"event_choices":[{"damage_healed":0,"gold_gain":0,"player_choice":"Grow","damage_taken":0,"max_hp_gain":0,"max_hp_loss":0,"event_name":"Living Wall","floor":4,"gold_loss":0,"cards_upgraded":["Reprogram"]}],"is_beta":true,"boss_relics":[],"items_purged_floors":[],"is_endless":false,"potions_floor_spawned":[1,3],"killed_by":"Gremlin Nob","ascension_level":20}}