{"host":"cfqfeqi6u2qx5u0e","time":1614099193,"event":{"mods":["AchievementEnabler","BaseMod","Colored Powertips","Minty Spire (QoL Compilation)","Quick Restart","StSLib"],"gold_per_floor":[112,127,143,155,167,193,193,368,393,418,444,456,484,522,534,642,654,677,305,319,319,335,335,360,378,454,454,480,500,512,547,547,644,644,658,658,674,723,734,734,748,748,772,191,191,220,27,46,46,46,46,46,3992,4025,4025],"floor_reached":56,"language":"ENG","playtime":6454,"items_purged":["Strike_R","Strike_R","Strike_R","Strike_R"],"score":1663,"play_id":"0a92e3c5-18f9-4236-bc72-03dfe8fb9e02","local_time":"20210223085313","is_ascension_mode":true,"campfire_choices":[{"floor":7,"key":"REST"},{"data":"Infernal Blade","floor":12,"key":"SMITH"},{"floor":15,"key":"REST"},{"floor":23,"key":"REST"},{"floor":32,"key":"REST"},{"data":"1","floor":40,"key":"LIFT"},{"data":"2","floor":42,"key":"LIFT"},{"floor":49,"key":"RECALL"},{"data":"3","floor":52,"key":"LIFT"}],"circlet_count":0,"master_deck":["Strike_R","Defend_R","Defend_R","Defend_R","Defend_R","Bash","Heavy Blade","Warcry","Infernal Blade+1","Disarm","Juggernaut","Rage","Doubt","Shockwave","Pummel","Intimidate","Headbutt","Feed","Blood for Blood+1","Fiend Fire","Impervious","Shockwave","Carnage","Havoc","RitualDagger","Exhume","Seeing Red+1","Sentinel+1","Second Wind+1","Bloodletting+1","Disarm","Intimidate+1","Reaper","Reaper","Impervious","Offering","Fiend Fire","Intimidate","Disarm","Metallicize","Offering","Purity","Shockwave+1"],"relics":["Burning Blood","Dead Branch","Meat on the Bone","MawBank","Art of War","Black Star","PreservedInsect","Orrery","Boot","Shuriken","Question Card","Omamori","Bottled Lightning","Girya","Regal Pillow","SlaversCollar","CaptainsWheel","Oddly Smooth Stone","Letter Opener","Blue Candle","Centennial Puzzle","Potion Belt","Cauldron","Champion Belt","Strawberry","Sundial","FossilizedHelix"],"acts_visited":["Exordium","TheCity","TheBeyond","TheEnding"],"potions_floor_usage":[4,6,13,14,14,20,28,28,31,38,46,50,54,55,55,55,55],"damage_taken":[{"damage":7,"enemies":"2 Louse","floor":1,"turns":4},{"damage":7,"enemies":"Small Slimes","floor":2,"turns":4},{"damage":2,"enemies":"Jaw Worm","floor":3,"turns":3},{"damage":5,"enemies":"Red Slaver","floor":4,"turns":2},{"damage":18,"enemies":"Lots of Slimes","floor":5,"turns":5},{"damage":6,"enemies":"Lagavulin","floor":6,"turns":7},{"damage":63,"enemies":"Gremlin Nob","floor":10,"turns":6},{"damage":12,"enemies":"Large Slime","floor":11,"turns":6},{"damage":14,"enemies":"Exordium Thugs","floor":13,"turns":4},{"damage":21,"enemies":"Lagavulin","floor":14,"turns":9},{"damage":15,"enemies":"Hexaghost","floor":16,"turns":10},{"damage":50,"enemies":"2 Thieves","floor":18,"turns":5},{"damage":19,"enemies":"Chosen","floor":20,"turns":5},{"damage":29,"enemies":"Snake Plant","floor":22,"turns":5},{"damage":41,"enemies":"Slavers","floor":24,"turns":6},{"damage":22,"enemies":"Chosen and Byrds","floor":25,"turns":5},{"damage":11,"enemies":"Book of Stabbing","floor":28,"turns":3},{"damage":35,"enemies":"3 Cultists","floor":29,"turns":6},{"damage":20,"enemies":"Cultist and Chosen","floor":30,"turns":5},{"damage":30,"enemies":"Slavers","floor":31,"turns":4},{"damage":67,"enemies":"Champ","floor":33,"turns":12},{"damage":16,"enemies":"3 Shapes","floor":35,"turns":4},{"damage":21,"enemies":"Orb Walker","floor":37,"turns":4},{"damage":52,"enemies":"2 Orb Walkers","floor":38,"turns":6},{"damage":40,"enemies":"4 Shapes","floor":39,"turns":6},{"damage":12,"enemies":"Writhing Mass","floor":41,"turns":2},{"damage":29,"enemies":"Giant Head","floor":46,"turns":7},{"damage":14,"enemies":"Sphere and 2 Shapes","floor":48,"turns":5},{"damage":81,"enemies":"Awakened One","floor":50,"turns":12},{"damage":40,"enemies":"Shield and Spear","floor":54,"turns":3},{"damage":154,"enemies":"The Heart","floor":55,"turns":7}],"seed_played":"-1774262199337419179","potions_obtained":[{"floor":2,"key":"HeartOfIron"},{"floor":3,"key":"AttackPotion"},{"floor":11,"key":"DuplicationPotion"},{"floor":13,"key":"SkillPotion"},{"floor":14,"key":"Fruit Juice"},{"floor":18,"key":"ColorlessPotion"},{"floor":20,"key":"SteroidPotion"},{"floor":24,"key":"HeartOfIron"},{"floor":28,"key":"Dexterity Potion"},{"floor":35,"key":"Weak Potion"},{"floor":39,"key":"BloodPotion"},{"floor":53,"key":"Regen Potion"},{"floor":53,"key":"Weak Potion"},{"floor":53,"key":"BloodPotion"},{"floor":53,"key":"Block Potion"},{"floor":53,"key":"Strength Potion"}],"is_trial":false,"path_per_floor":["M","M","M","M","M","E","R","?","T","E","M","R","M","E","R","B",null,"M","$","M","?","M","R","E","M","T","?","E","M","M","E","R","B",null,"M","?","M","?","M","R","M","R","T","$","?","E","$","M","R","B",null,"R","$","E","B",null],"character_chosen":"IRONCLAD","items_purchased":["PreservedInsect","Orrery","Letter Opener","Offering","EssenceOfSteel","Regen Potion","Intimidate","Metallicize","Cauldron","Champion Belt","Offering","Strawberry","Purity"],"campfire_rested":4,"item_purchase_floors":[19,19,44,44,44,44,47,53,53,53,53,53,53],"current_hp_per_floor":[55,54,58,59,47,47,71,71,71,26,32,32,36,38,63,54,85,56,56,55,49,38,64,41,37,37,98,93,67,65,53,98,49,101,98,98,83,49,53,53,59,59,59,59,59,68,68,65,65,67,104,104,111,77,26],"gold":4025,"neow_bonus":"ONE_RARE_RELIC","is_daily":false,"chose_seed":false,"campfire_upgraded":1,"win_rate":0.0,"timestamp":1614099193,"path_taken":["M","M","M","M","M","E","R","?","T","E","M","R","M","E","R","BOSS","M","$","M","?","M","R","E","M","T","?","E","M","M","E","R","BOSS","M","?","?","?","M","R","M","R","T","$","?","E","$","?","R","BOSS","R","$","E","BOSS"],"items_purchased_type":["Relic","Relic","Relic","Card","Potion","Potion","Card","Card","Relic","Relic","Card","Relic","Card"],"build_version":"2020-12-22","purchased_purges":4,"victory":true,"max_hp_per_floor":[80,80,80,80,80,80,80,80,80,80,80,80,80,85,85,85,85,88,88,88,88,88,88,88,88,88,98,98,101,101,101,101,101,101,101,101,101,101,104,104,104,104,104,104,104,104,104,104,104,104,104,104,111,111,111],"card_choices":[{"not_picked":["Clash","Flex"],"picked":"Heavy Blade","floor":1},{"not_picked":["Wild Strike","Iron Wave"],"picked":"Warcry","floor":2},{"not_picked":["Dark Embrace","Combust"],"picked":"Infernal Blade","floor":3},{"not_picked":["Blood for Blood","Warcry"],"picked":"Disarm","floor":4},{"not_picked":["Flex","Twin Strike"],"picked":"Juggernaut","floor":5},{"not_picked":["Carnage","Dropkick"],"picked":"Rage","floor":6},{"not_picked":["Clash","Shrug It Off"],"picked":"Shockwave","floor":10},{"not_picked":["Body Slam","Sword Boomerang"],"picked":"Pummel","floor":11},{"not_picked":["Anger","Body Slam"],"picked":"Intimidate","floor":13},{"not_picked":["Wild Strike","Flex"],"picked":"Headbutt","floor":14},{"not_picked":["Bludgeon","Limit Break"],"picked":"Feed","floor":16},{"not_picked":["Heavy Blade","Pommel Strike"],"picked":"Blood for Blood+1","floor":18},{"not_picked":["Blood for Blood","Wild Strike"],"picked":"Fiend Fire","floor":19},{"not_picked":["Bloodletting","Pommel Strike+1"],"picked":"Impervious","floor":19},{"not_picked":["Pummel","Armaments"],"picked":"Shockwave","floor":19},{"not_picked":["True Grit+1","Dropkick"],"picked":"Brutality","floor":19},{"not_picked":["Clothesline","Whirlwind"],"picked":"Carnage","floor":19},{"not_picked":["Wild Strike","Flex"],"picked":"Havoc","floor":20},{"not_picked":["Pommel Strike","True Grit"],"picked":"Exhume","floor":22},{"not_picked":["Feel No Pain","Iron Wave"],"picked":"Seeing Red+1","floor":24},{"not_picked":["Dropkick+1","Cleave"],"picked":"Sentinel+1","floor":25},{"not_picked":["Metallicize","Sword Boomerang","Pummel"],"picked":"Second Wind+1","floor":28},{"not_picked":["Dropkick+1","Uppercut","True Grit+1"],"picked":"Bloodletting+1","floor":29},{"not_picked":["Warcry+1","Blood for Blood","Thunderclap"],"picked":"Disarm","floor":30},{"not_picked":["Battle Trance","Sword Boomerang","Rage"],"picked":"Intimidate+1","floor":31},{"not_picked":["Berserk","Barricade","Demon Form"],"picked":"Reaper","floor":33},{"not_picked":["Headbutt+1","Dropkick+1","Havoc+1","Flex+1"],"picked":"SKIP","floor":35},{"not_picked":["True Grit+1","Shrug It Off","Wild Strike+1","Rupture"],"picked":"SKIP","floor":37},{"not_picked":["Inflame","Reckless Charge","Thunderclap+1","Body Slam"],"picked":"SKIP","floor":39},{"not_picked":["Ghostly Armor","Uppercut","Disarm"],"picked":"Impervious","floor":41},{"not_picked":["Sword Boomerang","Shockwave","True Grit"],"picked":"Fiend Fire","floor":46},{"not_picked":["Flame Barrier+1","Flex","Intimidate"],"picked":"Disarm","floor":48},{"not_picked":["Blood for Blood+1","Iron Wave","Anger+1"],"picked":"Shockwave+1","floor":54}],"player_experience":130248,"relics_obtained":[{"floor":6,"key":"Meat on the Bone"},{"floor":10,"key":"MawBank"},{"floor":14,"key":"Art of War"},{"floor":24,"key":"Boot"},{"floor":24,"key":"Shuriken"},{"floor":26,"key":"Question Card"},{"floor":28,"key":"Omamori"},{"floor":28,"key":"Bottled Lightning"},{"floor":31,"key":"Girya"},{"floor":31,"key":"Regal Pillow"},{"floor":38,"key":"CaptainsWheel"},{"floor":43,"key":"Oddly Smooth Stone"},{"floor":46,"key":"Centennial Puzzle"},{"floor":46,"key":"Potion Belt"},{"floor":54,"key":"Sundial"},{"floor":54,"key":"FossilizedHelix"}],"event_choices":[{"damage_healed":0,"gold_gain":175,"player_choice":"AGREE","damage_taken":0,"max_hp_gain":0,"max_hp_loss":0,"event_name":"Liars Game","floor":8,"gold_loss":0,"cards_obtained":["Doubt"]},{"damage_healed":0,"gold_gain":0,"player_choice":"Joined the Cult","damage_taken":6,"max_hp_gain":0,"max_hp_loss":0,"event_name":"Nest","floor":21,"gold_loss":0,"cards_obtained":["RitualDagger"]},{"cards_removed":["Brutality"],"damage_healed":51,"gold_gain":0,"player_choice":"Offered Rare","damage_taken":0,"max_hp_gain":10,"max_hp_loss":0,"event_name":"Bonfire Elementals","floor":27,"gold_loss":0},{"damage_healed":0,"gold_gain":0,"player_choice":"Copied","damage_taken":0,"max_hp_gain":0,"max_hp_loss":0,"event_name":"Duplicator","floor":36,"gold_loss":0,"cards_obtained":["Reaper"]},{"damage_healed":0,"gold_gain":0,"player_choice":"Fight","damage_taken":0,"max_hp_gain":0,"max_hp_loss":0,"event_name":"Mysterious Sphere","floor":38,"gold_loss":0},{"damage_healed":0,"gold_gain":0,"player_choice":"Gave Potion","damage_taken":0,"relics_obtained":["Blue Candle"],"max_hp_gain":0,"max_hp_loss":0,"event_name":"WeMeetAgain","floor":45,"gold_loss":0}],"is_beta":false,"boss_relics":[{"not_picked":["Ectoplasm","Empty Cage"],"picked":"Black Star"},{"not_picked":["Tiny House","Velvet Choker"],"picked":"SlaversCollar"}],"items_purged_floors":[19,44,47,53],"is_endless":false,"potions_floor_spawned":[2,3,11,13,14,18,20,24,28,35,39],"ascension_level":4}}