{"host":"6pic12dj9p7186mz","time":1614092709,"event":{"mods":["BaseMod","Minty Spire (QoL Compilation)","Permanent Neow","Relic Stats","StSLib"],"gold_per_floor":[114,133,143,159,172,172,203,216,241,275,292,292,138,158,158,253,253,271,271,46,46,46],"floor_reached":21,"language":"ENG","playtime":984,"items_purged":["Strike_R","Strike_R"],"score":294,"play_id":"8996cf6e-c5e3-4f7e-a999-703eb2a68f86","local_time":"20210223090509","is_ascension_mode":true,"campfire_choices":[{"data":"Shockwave","floor":6.0,"key":"SMITH"},{"data":"Barricade","floor":12.0,"key":"SMITH"},{"data":"True Grit","floor":15.0,"key":"SMITH"}],"circlet_count":0,"master_deck":["Strike_R","Strike_R","Defend_R","Defend_R","Defend_R","Bash","Body Slam","Dropkick","Anger","Pommel Strike","Shockwave+1","Shrug It Off","Disarm","Uppercut","Combust","Barricade+1","Entrench","Feel No Pain","True Grit+1","Impervious","True Grit+1","Warcry","Metallicize"],"relics":["Burning Blood","Regal Pillow","Lantern","Oddly Smooth Stone","Runic Cube"],"acts_visited":["Exordium","TheCity"],"potions_floor_usage":[19],"damage_taken":[{"damage":7.0,"enemies":"Jaw Worm","floor":1.0,"turns":3.0},{"damage":2.0,"enemies":"Small Slimes","floor":2.0,"turns":3.0},{"damage":1.0,"enemies":"Cultist","floor":3.0,"turns":3.0},{"damage":7.0,"enemies":"3 Louse","floor":4.0,"turns":3.0},{"damage":1.0,"enemies":"Looter","floor":5.0,"turns":4.0},{"damage":30.0,"enemies":"3 Sentries","floor":7.0,"turns":9.0},{"damage":8.0,"enemies":"2 Fungi Beasts","floor":8.0,"turns":3.0},{"damage":15.0,"enemies":"Lagavulin","floor":10.0,"turns":7.0},{"damage":17.0,"enemies":"Large Slime","floor":11.0,"turns":6.0},{"damage":13.0,"enemies":"Blue Slaver","floor":14.0,"turns":4.0},{"damage":0.0,"enemies":"Hexaghost","floor":16.0,"turns":12.0},{"damage":29.0,"enemies":"Shell Parasite","floor":18.0,"turns":7.0},{"damage":0,"enemies":"2 Thieves","floor":19,"turns":1},{"damage":59,"enemies":"3 Cultists","floor":21,"turns":8}],"seed_played":"-3419311523805446978","potions_obtained":[{"floor":1.0,"key":"SpeedPotion"},{"floor":2.0,"key":"Block Potion"},{"floor":3.0,"key":"Weak Potion"},{"floor":11.0,"key":"SmokeBomb"}],"is_trial":false,"path_per_floor":["M","M","M","M","M","R","E","M","T","E","M","R","$","M","R","B",null,"M","M","$","M"],"character_chosen":"IRONCLAD","items_purchased":["Feel No Pain","Warcry","Metallicize"],"campfire_rested":0,"item_purchase_floors":[13,20,20],"current_hp_per_floor":[71,72,72,71,72,72,48,46,46,37,26,26,26,19,19,25,72,49,55,55,0,0],"gold":46,"neow_bonus":"TRANSFORM_TWO_CARDS","is_daily":false,"chose_seed":false,"campfire_upgraded":3,"win_rate":0.0,"timestamp":1614092709,"path_taken":["M","M","M","M","M","R","E","M","T","E","M","R","$","M","R","BOSS","M","M","$","M"],"items_purchased_type":["Card","Card","Card"],"build_version":"2020-12-22","purchased_purges":2,"victory":false,"max_hp_per_floor":[72,72,72,72,72,72,72,72,72,72,72,72,72,72,72,72,72,72,72,72,72,72],"relic_stats":{"Regal Pillow":0,"counters":[14,73],"obtain_stats":[{"Regal Pillow":7,"Lantern":9,"Oddly Smooth Stone":10,"Burning Blood":0,"Runic Cube":17},{"Regal Pillow":6,"Lantern":7,"Oddly Smooth Stone":8,"Burning Blood":0,"Runic Cube":11},{"Regal Pillow":25,"Lantern":28,"Oddly Smooth Stone":35,"Burning Blood":0,"Runic Cube":57}],"Burning Blood":66,"Runic Cube":[13]},"card_choices":[{"not_picked":["Body Slam","Reckless Charge"],"picked":"Anger","floor":1.0},{"not_picked":["Infernal Blade","Anger"],"picked":"Pommel Strike","floor":2.0},{"not_picked":["Pommel Strike","Flex"],"picked":"Shockwave","floor":3.0},{"not_picked":["Warcry","Sever Soul"],"picked":"Shrug It Off","floor":4.0},{"not_picked":["Hemokinesis","Wild Strike"],"picked":"Disarm","floor":5.0},{"not_picked":["Pummel","Sword Boomerang"],"picked":"Uppercut","floor":7.0},{"not_picked":["Clash","Heavy Blade"],"picked":"Combust","floor":8.0},{"not_picked":["Intimidate","Dark Embrace"],"picked":"Barricade","floor":10.0},{"not_picked":["Shrug It Off","Pommel Strike"],"picked":"Entrench","floor":11.0},{"not_picked":["Shrug It Off","Havoc"],"picked":"True Grit","floor":14.0},{"not_picked":["Demon Form","Double Tap"],"picked":"Impervious","floor":16.0},{"not_picked":["Intimidate","Headbutt"],"picked":"True Grit+1","floor":18.0}],"player_experience":51429,"relics_obtained":[{"floor":7.0,"key":"Regal Pillow"},{"floor":9.0,"key":"Lantern"},{"floor":10.0,"key":"Oddly Smooth Stone"}],"event_choices":[],"is_beta":false,"boss_relics":[{"not_picked":["Ectoplasm","SacredBark"],"picked":"Runic Cube"}],"items_purged_floors":[13,20],"is_endless":false,"potions_floor_spawned":[1,2,3,11,18],"killed_by":"3 Cultists","ascension_level":4}}