{"host":"0r455zfix56tawas","time":1614112917,"event":{"mods":["AlwaysNeverKeys","BaseMod","Colored Powertips","Downfall","Highlight Path","Minty Spire (QoL Compilation)","Permanent Neow","StSLib","The Necromancer","The Servant 0.9.4"],"gold_per_floor":[99,114,124,139,139,139,162,177,77,77,92,92,102,112,124,229,229,229,229,243,243,243,243],"floor_reached":22,"language":"ENG","playtime":1105,"items_purged":[],"score":178,"play_id":"60615f34-a0d1-4de7-b919-bd39cff2c536","local_time":"20210223214157","is_ascension_mode":false,"campfire_choices":[{"data":"Exchange","floor":1.0,"key":"SMITH"},{"data":"LightFlow","floor":9,"key":"SMITH"},{"data":"KidneyShot","floor":12,"key":"SMITH"},{"data":"Potential","floor":18,"key":"SMITH"}],"circlet_count":0,"master_deck":["Strike_S","Strike_S","Defend_S","Defend_S","Defend_S","Defend_S","KidneyShot+1","Exchange+1","Dilation","Ricochet","Comet","LightFlow+1","Deny","Misdirection","ShiftingGears","GearUp","TimeWarp","Potential+1","Dilation","Rewind","SilverBlades"],"relics":["Uniform","downfall:HeartBlessingBlue","SacredBark","downfall:KnowingSkull"],"acts_visited":["Exordium","TheCity"],"potions_floor_usage":[],"damage_taken":[{"damage":5.0,"enemies":"Jaw Worm","floor":2.0,"turns":7.0},{"damage":0.0,"enemies":"Cultist","floor":3.0,"turns":4.0},{"damage":1.0,"enemies":"2 Louse","floor":4.0,"turns":2.0},{"damage":3,"enemies":"Gremlin Gang","floor":8,"turns":5},{"damage":5,"enemies":"Exordium Thugs","floor":11,"turns":4},{"damage":0,"enemies":"3 Louse","floor":13,"turns":3},{"damage":3,"enemies":"Red Slaver","floor":14,"turns":2},{"damage":0,"enemies":"Large Slime","floor":15,"turns":5},{"damage":7,"enemies":"WA_ARCHETYPE_RETAIN","floor":16,"turns":8},{"damage":0,"enemies":"Chosen","floor":19,"turns":1},{"damage":4,"enemies":"downfall:LooterAlt2","floor":20,"turns":6},{"damage":8,"enemies":"Snecko","floor":22,"turns":4}],"seed_played":"-6833548446815476522","potions_obtained":[{"floor":3.0,"key":"PowerPotion"},{"floor":8,"key":"Weak Potion"},{"floor":13,"key":"SkillPotion"}],"is_trial":false,"path_per_floor":["R","M","M","M","?","?","T","M","R","?","M","R","M","M","M","B",null,"R","M","M","?","M"],"character_chosen":"THE_SERVANT","items_purchased":[],"campfire_rested":0,"item_purchase_floors":[],"current_hp_per_floor":[47,42,42,41,41,41,41,38,48,48,43,43,43,40,40,33,75,75,75,71,66,58,58],"gold":243,"neow_bonus":"THREE_RARE_CARDS","is_daily":false,"chose_seed":false,"campfire_upgraded":4,"win_rate":0.0,"timestamp":1614112917,"path_taken":["R","M","M","M","?","?","T","?","R","?","M","R","M","M","M","BOSS","R","M","M","?","M"],"items_purchased_type":[],"build_version":"2020-12-22","purchased_purges":0,"victory":false,"max_hp_per_floor":[65,65,65,65,65,65,65,65,75,75,75,75,75,75,75,75,75,75,75,75,75,75,75],"card_choices":[{"not_picked":["ForgedInTime","TheWorld"],"picked":"Dilation","floor":0.0},{"not_picked":["BottledTime","Revamp"],"picked":"Ricochet","floor":2.0},{"not_picked":["Defy","Rewind"],"picked":"Comet","floor":3.0},{"not_picked":["Desolation","Alleviate"],"picked":"LightFlow","floor":4.0},{"not_picked":["Collapse","Alleviate","StarChef"],"picked":"SKIP","floor":8},{"not_picked":["Spin","InstantArmor"],"picked":"ShiftingGears","floor":11},{"not_picked":["FastForward","Reset"],"picked":"GearUp","floor":13},{"not_picked":["Shuttle","DoubleEdge"],"picked":"TimeWarp","floor":14},{"not_picked":["TimeWarp","Collapse"],"picked":"Potential","floor":15},{"not_picked":["LightFlow","Initiator"],"picked":"Dilation","floor":16},{"not_picked":["Barrier","DoubleEdge"],"picked":"Rewind","floor":19},{"not_picked":["Unruled+1","Advance"],"picked":"SilverBlades","floor":20}],"player_experience":1024335,"relics_obtained":[],"event_choices":[{"damage_healed":0.0,"max_hp_gain":0.0,"max_hp_loss":0.0,"gold_gain":0.0,"cards_transformed":["Strike_S"],"event_name":"Living Wall","player_choice":"Change","floor":5.0,"gold_loss":0.0,"damage_taken":0.0,"cards_obtained":["Deny"]}],"is_beta":false,"boss_relics":[{"not_picked":["Snecko Eye","bronze:MakeshiftBattery"],"picked":"SacredBark"}],"items_purged_floors":[],"is_endless":false,"potions_floor_spawned":[3,8,13,14,15],"killed_by":"Snecko","ascension_level":0}}