{"host":"mydft8i2zzydgggw","time":1614096176,"event":{"mods":["AchievementEnabler","BaseMod","Colored Map","Colored Powertips","DeckTracker","Keyboard Shortcuts","Minty Spire (QoL Compilation)","Rare Cards Sparkle","Relic Stats","StSLib","SuperFastMode","Together in Spire","everything is the same but u backflip on backflip"],"gold_per_floor":[110,110,110,134,150,150,189,205,205,205,285,285,310,328,328,419,419,433,433,433,348,348,374,407,438,450,495,521,196,215,227,227,301,301,317,317,331,381,393,421,440,473,473,37,62,85,85,106,106,106,106],"floor_reached":50,"language":"KOR","playtime":1247,"items_purged":["Strike_G","Calculated Gamble"],"score":1320,"play_id":"fa74fa48-43f2-4189-bfb9-043c144efd7b","local_time":"20210224010256","is_ascension_mode":true,"campfire_choices":[{"data":"Cloak And Dagger","floor":6,"key":"SMITH"},{"data":"Adrenaline","floor":10,"key":"SMITH"},{"data":"Blade Dance","floor":15,"key":"SMITH"},{"data":"Phantasmal Killer","floor":32,"key":"SMITH"},{"floor":47,"key":"RECALL"},{"floor":49,"key":"REST"}],"circlet_count":0,"master_deck":["AscendersBane","Defend_G","Defend_G","Defend_G","Defend_G","Survivor","Neutralize","Dagger Throw","Riddle With Holes","Cloak And Dagger+1","Adrenaline+1","Acrobatics","Blade Dance+1","Phantasmal Killer+1","Escape Plan","Blade Dance","Prepared","Blade Dance","Blade Dance","Backflip","Reflex","Wraith Form v2","Cloak And Dagger","Backflip+1","Adrenaline","Apotheosis","Blade Dance+1"],"relics":["Ring of the Snake","Bloody Idol","Boot","Pantograph","Ornamental Fan","Shuriken","Empty Cage","Ice Cream","Bronze Scales","Red Mask","MawBank","Juzu Bracelet","Question Card","Letter Opener","Fusion Hammer","Akabeko","FossilizedHelix","Bag of Preparation","Calipers","CeramicFish"],"acts_visited":["Exordium","TheCity","TheBeyond"],"potions_floor_usage":[7,16,33],"damage_taken":[{"damage":0,"enemies":"Small Slimes","floor":1,"turns":4},{"damage":1,"enemies":"Jaw Worm","floor":4,"turns":4},{"damage":0,"enemies":"Cultist","floor":5,"turns":3},{"damage":19,"enemies":"Lagavulin","floor":7,"turns":5},{"damage":1,"enemies":"Exordium Wildlife","floor":8,"turns":2},{"damage":0,"enemies":"2 Fungi Beasts","floor":13,"turns":2},{"damage":0,"enemies":"Looter","floor":14,"turns":1},{"damage":0,"enemies":"Slime Boss","floor":16,"turns":8},{"damage":8,"enemies":"3 Byrds","floor":18,"turns":3},{"damage":7,"enemies":"Gremlin Leader","floor":23,"turns":5},{"damage":0,"enemies":"Masked Bandits","floor":24,"turns":2},{"damage":10,"enemies":"Book of Stabbing","floor":25,"turns":4},{"damage":7,"enemies":"Slavers","floor":27,"turns":3},{"damage":2,"enemies":"2 Thieves","floor":28,"turns":2},{"damage":0,"enemies":"Chosen and Byrds","floor":30,"turns":2},{"damage":0,"enemies":"Cultist and Chosen","floor":31,"turns":2},{"damage":0,"enemies":"Collector","floor":33,"turns":4},{"damage":5,"enemies":"3 Shapes","floor":35,"turns":3},{"damage":0,"enemies":"Orb Walker","floor":37,"turns":2},{"damage":0,"enemies":"Sphere and 2 Shapes","floor":39,"turns":3},{"damage":2,"enemies":"Giant Head","floor":40,"turns":4},{"damage":0,"enemies":"Writhing Mass","floor":41,"turns":4},{"damage":12,"enemies":"Reptomancer","floor":42,"turns":4},{"damage":0,"enemies":"Nemesis","floor":45,"turns":3},{"damage":0,"enemies":"Transient","floor":48,"turns":5},{"damage":67,"enemies":"Time Eater","floor":50,"turns":9}],"seed_played":"-4459366130785106087","potions_obtained":[{"floor":1,"key":"PowerPotion"},{"floor":7,"key":"Ancient Potion"},{"floor":8,"key":"ColorlessPotion"},{"floor":16,"key":"Dexterity Potion"},{"floor":23,"key":"PowerPotion"},{"floor":33,"key":"GamblersBrew"},{"floor":37,"key":"Weak Potion"},{"floor":40,"key":"Strength Potion"},{"floor":42,"key":"DuplicationPotion"}],"is_trial":false,"path_per_floor":["M","?","?","M","M","R","E","M","T","R","T","?","M","M","R","B",null,"M","?","?","?","?","E","?","E","T","E","M","$","M","M","R","B",null,"M","?","M","?","M","E","M","E","T","$","E","T","R","M","R","B"],"character_chosen":"THE_SILENT","items_purchased":["Letter Opener","Blade Dance","Apotheosis","Bag of Preparation"],"campfire_rested":1,"item_purchase_floors":[29,29,44,44],"current_hp_per_floor":[59,54,54,53,53,53,34,33,33,33,33,33,33,33,33,54,54,46,46,46,46,46,44,49,44,49,52,54,54,54,54,54,54,54,54,54,54,54,54,54,54,47,47,47,52,54,54,54,54,0,0],"gold":106,"neow_bonus":"REMOVE_TWO","is_daily":false,"chose_seed":false,"campfire_upgraded":4,"win_rate":0.0,"timestamp":1614096176,"path_taken":["M","?","?","M","M","R","E","?","T","R","?","?","M","M","R","BOSS","M","?","?","?","?","E","?","E","T","E","M","$","M","M","R","BOSS","M","?","M","?","M","E","M","E","T","$","E","?","R","M","R","BOSS"],"items_purchased_type":["Relic","Card","Card","Relic"],"build_version":"2020-12-22","purchased_purges":2,"victory":false,"max_hp_per_floor":[60,54,54,54,54,54,54,54,54,54,54,54,54,54,54,54,54,54,54,54,54,54,54,54,54,54,54,54,54,54,54,54,54,54,54,54,54,54,54,54,54,54,54,54,54,54,54,54,54,54,54],"relic_stats":{"counters":[26,93],"CeramicFish":9,"Juzu Bracelet":1,"Bag of Preparation":[6],"Letter Opener":[275],"Boot":[157],"MawBank":48,"Question Card":12,"Ornamental Fan":[428],"Shuriken":[107],"Bloody Idol":53,"Pantograph":21,"Bronze Scales":[135],"obtain_stats":[{"Ice Cream":21,"Calipers":45,"Golden Idol":2,"CeramicFish":46,"Juzu Bracelet":26,"Bag of Preparation":44,"Letter Opener":29,"Boot":7,"Empty Cage":17,"MawBank":25,"Question Card":27,"Akabeko":40,"Ornamental Fan":11,"Shuriken":12,"Pantograph":9,"Bloody Idol":22,"Bronze Scales":23,"Fusion Hammer":34,"Red Mask":24,"FossilizedHelix":42,"Ring of the Snake":0},{"Ice Cream":9,"Calipers":24,"Golden Idol":1,"CeramicFish":24,"Juzu Bracelet":12,"Bag of Preparation":23,"Letter Opener":14,"Boot":4,"Empty Cage":8,"MawBank":12,"Question Card":13,"Akabeko":21,"Ornamental Fan":5,"Shuriken":5,"Pantograph":5,"Bloody Idol":9,"Bronze Scales":10,"Fusion Hammer":17,"Red Mask":11,"FossilizedHelix":23,"Ring of the Snake":0},{"Ice Cream":32,"Calipers":79,"Golden Idol":4,"CeramicFish":79,"Juzu Bracelet":43,"Bag of Preparation":76,"Letter Opener":48,"Boot":16,"Empty Cage":29,"MawBank":43,"Question Card":46,"Akabeko":68,"Ornamental Fan":18,"Shuriken":18,"Pantograph":18,"Bloody Idol":32,"Bronze Scales":37,"Fusion Hammer":56,"Red Mask":39,"FossilizedHelix":76,"Ring of the Snake":0}],"Ring of the Snake":[52]},"card_choices":[{"not_picked":["Endless Agony","Poisoned Stab"],"picked":"Dagger Throw","floor":1},{"not_picked":["Outmaneuver","Bane"],"picked":"Riddle With Holes","floor":4},{"not_picked":["Caltrops","Catalyst"],"picked":"Cloak And Dagger","floor":5},{"not_picked":["Dagger Spray","Terror"],"picked":"Adrenaline","floor":7},{"not_picked":["Dodge and Roll","Leg Sweep"],"picked":"Acrobatics","floor":8},{"not_picked":["Riddle With Holes","Flying Knee"],"picked":"Blade Dance","floor":13},{"not_picked":["Underhanded Strike","Outmaneuver","Choke"],"picked":"SKIP","floor":14},{"not_picked":["Grand Finale","Night Terror"],"picked":"Phantasmal Killer","floor":16},{"not_picked":["All Out Attack","Footwork"],"picked":"Escape Plan","floor":18},{"not_picked":["Predator+1","Deadly Poison"],"picked":"Prepared","floor":23},{"not_picked":["Acrobatics","Choke"],"picked":"Blade Dance","floor":24},{"not_picked":["Eviscerate","Acrobatics","Dodge and Roll"],"picked":"SKIP","floor":25},{"not_picked":["Riddle With Holes","Deadly Poison","Concentrate"],"picked":"SKIP","floor":27},{"not_picked":["Glass Knife","Quick Slash+1","Slice+1","Outmaneuver"],"picked":"SKIP","floor":28},{"not_picked":["Backflip","Skewer","Setup","PiercingWail"],"picked":"SKIP","floor":30},{"not_picked":["Skewer","Setup","PiercingWail"],"picked":"Backflip","floor":30},{"not_picked":["Deadly Poison","Finisher","Quick Slash"],"picked":"Reflex","floor":31},{"not_picked":["Night Terror","Bullet Time","Venomology"],"picked":"Wraith Form v2","floor":33},{"not_picked":["Finisher","Deflect","Footwork","Distraction"],"picked":"SKIP","floor":35},{"not_picked":["Crippling Poison","Slice","Backflip"],"picked":"Cloak And Dagger","floor":37},{"not_picked":["Dagger Spray+1","Dagger Throw","Night Terror"],"picked":"Calculated Gamble","floor":39},{"not_picked":["Deadly Poison","Bane","Doppelganger"],"picked":"Backflip+1","floor":40},{"not_picked":["Dagger Throw","Bane+1","Outmaneuver+1","Cloak And Dagger"],"picked":"SKIP","floor":41},{"not_picked":["Outmaneuver+1","Dodge and Roll","Acrobatics"],"picked":"Adrenaline","floor":42},{"not_picked":["Poisoned Stab","Quick Slash","Blade Dance","Noxious Fumes"],"picked":"SKIP","floor":45},{"not_picked":["Expertise+1","Leg Sweep","Acrobatics"],"picked":"Blade Dance+1","floor":48}],"player_experience":303168,"relics_obtained":[{"floor":7,"key":"Boot"},{"floor":9,"key":"Pantograph"},{"floor":11,"key":"Ornamental Fan"},{"floor":23,"key":"Bronze Scales"},{"floor":24,"key":"Red Mask"},{"floor":25,"key":"MawBank"},{"floor":26,"key":"Juzu Bracelet"},{"floor":27,"key":"Question Card"},{"floor":40,"key":"Akabeko"},{"floor":42,"key":"FossilizedHelix"},{"floor":45,"key":"Calipers"},{"floor":46,"key":"CeramicFish"}],"event_choices":[{"damage_healed":0,"gold_gain":0,"player_choice":"Lose Max HP","damage_taken":0,"relics_obtained":["Golden Idol"],"max_hp_gain":0,"max_hp_loss":6,"event_name":"Golden Idol","floor":2,"gold_loss":0},{"cards_removed":["Strike_G"],"damage_healed":0,"gold_gain":0,"player_choice":"Offered Basic","damage_taken":0,"max_hp_gain":0,"max_hp_loss":0,"event_name":"Bonfire Elementals","floor":3,"gold_loss":0},{"damage_healed":0,"gold_gain":0,"player_choice":"Searched \u00271\u0027 times","damage_taken":0,"relics_obtained":["Shuriken"],"max_hp_gain":0,"max_hp_loss":0,"event_name":"Dead Adventurer","floor":12,"gold_loss":0},{"damage_healed":0,"gold_gain":0,"player_choice":"Read","damage_taken":0,"max_hp_gain":0,"max_hp_loss":0,"event_name":"The Library","floor":19,"gold_loss":0,"cards_obtained":["Blade Dance"]},{"damage_healed":0,"gold_gain":0,"player_choice":"Ignored","damage_taken":0,"max_hp_gain":0,"max_hp_loss":0,"event_name":"The Mausoleum","floor":20,"gold_loss":0},{"damage_healed":0,"gold_gain":0,"player_choice":"Obtained Relic","damage_taken":0,"relics_obtained":["Ice Cream"],"max_hp_gain":0,"max_hp_loss":0,"event_name":"Addict","floor":21,"gold_loss":85},{"damage_healed":0,"gold_gain":0,"player_choice":"Gave Idol","damage_taken":0,"relics_obtained":["Bloody Idol"],"max_hp_gain":0,"max_hp_loss":0,"event_name":"Forgotten Altar","floor":22,"relics_lost":["Golden Idol"],"gold_loss":0},{"damage_healed":0,"gold_gain":0,"player_choice":"Fought Bandits","damage_taken":0,"max_hp_gain":0,"max_hp_loss":0,"event_name":"Masked Bandits","floor":24,"gold_loss":0},{"damage_healed":0,"gold_gain":0,"player_choice":"0 cards matched","damage_taken":0,"max_hp_gain":0,"max_hp_loss":0,"event_name":"Match and Keep!","floor":36,"gold_loss":0,"cards_obtained":[]},{"damage_healed":0,"gold_gain":50,"player_choice":"Pray","damage_taken":0,"max_hp_gain":0,"max_hp_loss":0,"event_name":"Golden Shrine","floor":38,"gold_loss":0}],"is_beta":false,"boss_relics":[{"not_picked":["Runic Dome","Tiny House"],"picked":"Empty Cage"},{"not_picked":["Astrolabe","Snecko Eye"],"picked":"Fusion Hammer"}],"items_purged_floors":[29,44],"is_endless":false,"potions_floor_spawned":[1,7,8,16,23,30,31,33,37,40,42,48],"killed_by":"Time Eater","ascension_level":15}}