{"host":"birdoosa9v9yfc1w","time":1614073095,"event":{"mods":["2.2 Compatiblity","BaseMod","Bossed Relics","Colored Map","Colored Powertips","Dark Map","Halation","Highlight Path","Minty Spire (QoL Compilation)","Rare Cards Sparkle","Relic Filter","SacredBarkPlus","StSLib","The Jungle","Thrall Mod"],"gold_per_floor":[110,126,126,91,91,124,124,150,174,174,184,184,199,227,239,346,358,383,16,33,43,53,53,53,85,85,85,101,101,113,113,113,113,113],"floor_reached":33,"language":"ENG","playtime":908,"items_purged":["Strike_Thrall"],"score":536,"play_id":"7f22eea1-2540-42a0-91ed-f7d67f19fae3","local_time":"20210223043815","is_ascension_mode":true,"campfire_choices":[{"floor":7,"key":"REST"},{"data":"Dunemaul","floor":10,"key":"SMITH"},{"data":"Frostshock","floor":15,"key":"SMITH"},{"data":"Doomhammer","floor":27,"key":"SMITH"},{"floor":29,"key":"REST"},{"floor":32,"key":"REST"}],"circlet_count":0,"master_deck":["AscendersBane","Strike_Thrall","Strike_Thrall","Strike_Thrall","Defend_Thrall","Defend_Thrall","Defend_Thrall","Defend_Thrall","Thecoin","Dunemaul","Dustdevil","Dunemaul+1","Frostshock+1","Frostshock+1","Doomhammer+1","Hex","Unstable","Earthshock","Avalanche"],"relics":["Totem","halation:PinkSoulGem","Regal Pillow","halation:LostSnail","Omamori","MawBank","Busted Crown","PreservedInsect","Happy Flower","Shovel","Enchiridion"],"acts_visited":["Exordium","TheCity"],"potions_floor_usage":[22,25],"damage_taken":[{"damage":11,"enemies":"Cultist","floor":1,"turns":4},{"damage":0,"enemies":"Small Slimes","floor":2,"turns":2},{"damage":25,"enemies":"Lagavulin","floor":6,"turns":4},{"damage":10,"enemies":"3 Sentries","floor":8,"turns":4},{"damage":0,"enemies":"2 Louse","floor":11,"turns":2},{"damage":1,"enemies":"Blue Slaver","floor":13,"turns":2},{"damage":7,"enemies":"Gremlin Nob","floor":14,"turns":3},{"damage":0,"enemies":"Slime Boss","floor":16,"turns":7},{"damage":0,"enemies":"Spheric Guardian","floor":18,"turns":2},{"damage":17,"enemies":"Shell Parasite","floor":20,"turns":4},{"damage":21,"enemies":"Centurion and Healer","floor":21,"turns":4},{"damage":14,"enemies":"Cultist and Chosen","floor":22,"turns":4},{"damage":11,"enemies":"Book of Stabbing","floor":25,"turns":3},{"damage":30,"enemies":"Sentry and Sphere","floor":28,"turns":4},{"damage":4,"enemies":"Snake Plant","floor":30,"turns":3},{"damage":100,"enemies":"Automaton","floor":33,"turns":6}],"seed_played":"5398342691566579248","potions_obtained":[{"floor":2,"key":"Explosive Potion"},{"floor":14,"key":"PowerPotion"},{"floor":21,"key":"Energy Potion"},{"floor":22,"key":"GamblersBrew"}],"is_trial":false,"path_per_floor":["M","M","?","?","?","E","R","E","T","R","M","?","M","E","R","B",null,"M","$","M","M","M","$","?","E","T","R","M","R","M","?","R","B"],"character_chosen":"THRALL","items_purchased":["PreservedInsect","Doomhammer","Hex"],"campfire_rested":3,"item_purchase_floors":[19,19,19],"current_hp_per_floor":[38,38,38,55,55,34,70,60,60,60,60,60,61,54,54,58,67,69,69,56,35,21,21,21,51,51,51,21,57,55,39,70,0,0],"gold":113,"neow_bonus":"REMOVE_TWO","is_daily":false,"chose_seed":false,"campfire_upgraded":3,"win_rate":0.0,"timestamp":1614073095,"path_taken":["M","M","?","?","?","E","R","E","T","R","M","?","?","E","R","BOSS","M","$","M","M","M","?","?","E","T","R","M","R","?","?","R","BOSS"],"items_purchased_type":["Relic","Card","Card"],"build_version":"2020-12-22","purchased_purges":1,"victory":false,"max_hp_per_floor":[70,70,70,70,70,70,70,70,70,70,70,70,70,70,70,70,70,70,70,70,70,70,70,70,70,70,70,70,70,70,70,70,70,70],"card_choices":[{"not_picked":["Zap","Earthelemental"],"picked":"Dunemaul","floor":1},{"not_picked":["Forkedlightning","Likkim"],"picked":"Dustdevil","floor":2},{"not_picked":["Menacingnimbus","Likkim"],"picked":"Dunemaul","floor":6},{"not_picked":["Tidalsurge","Cryostasis","Ancestralknow"],"picked":"SKIP","floor":8},{"not_picked":["Cryostasis","Dunemaul"],"picked":"Frostshock","floor":11},{"not_picked":["Jadecheiftain","Healingrain","Fireguard"],"picked":"SKIP","floor":13},{"not_picked":["Lightningbolt","Unstable"],"picked":"Frostshock","floor":14},{"not_picked":["Jadecheiftain"],"picked":"SKIP","floor":18},{"not_picked":["Jadelightning"],"picked":"SKIP","floor":20},{"not_picked":["Frostshock"],"picked":"SKIP","floor":21},{"not_picked":["Fireelemental"],"picked":"SKIP","floor":22},{"not_picked":[],"picked":"Earthshock","floor":25},{"not_picked":[],"picked":"Avalanche","floor":28},{"not_picked":["Hex"],"picked":"SKIP","floor":30}],"player_experience":663636,"relics_obtained":[{"floor":6,"key":"Regal Pillow"},{"floor":8,"key":"halation:LostSnail"},{"floor":9,"key":"Omamori"},{"floor":14,"key":"MawBank"},{"floor":25,"key":"Happy Flower"},{"floor":26,"key":"Shovel"},{"floor":31,"key":"Enchiridion"}],"event_choices":[{"damage_healed":0,"gold_gain":0,"player_choice":"Ignored","damage_taken":0,"max_hp_gain":0,"max_hp_loss":0,"event_name":"Shining Light","floor":3,"gold_loss":0},{"damage_healed":17,"gold_gain":0,"player_choice":"Healed","damage_taken":0,"max_hp_gain":0,"max_hp_loss":0,"event_name":"The Cleric","floor":4,"gold_loss":35},{"damage_healed":0,"gold_gain":0,"player_choice":"Grow","damage_taken":0,"max_hp_gain":0,"max_hp_loss":0,"event_name":"Living Wall","floor":12,"gold_loss":0,"cards_upgraded":["Frostshock"]},{"damage_healed":0,"gold_gain":0,"cards_transformed":["Strike_Thrall"],"player_choice":"Transformed","damage_taken":0,"max_hp_gain":0,"max_hp_loss":0,"event_name":"Transmorgrifier","floor":24,"gold_loss":0,"cards_obtained":["Unstable"]},{"damage_healed":0,"gold_gain":0,"player_choice":"Obtained Book","damage_taken":16,"max_hp_gain":0,"max_hp_loss":0,"event_name":"Cursed Tome","floor":31,"gold_loss":0}],"is_beta":false,"boss_relics":[{"not_picked":["Coffee Dripper","Fusion Hammer"],"picked":"Busted Crown"}],"items_purged_floors":[19],"is_endless":false,"potions_floor_spawned":[2,14,16,18,21,22],"killed_by":"Automaton","ascension_level":12}}