{"host":"adv1uqz3812gqgbw","time":1614038508,"event":{"mods":["BaseMod","Better Note","Colored Powertips","Custom Start","GifTheSpireLib","Hermit","Minty Spire (QoL Compilation)","SacredBarkPlus","StSLib","The Runesmith","Uncapped"],"gold_per_floor":[438,438,357,393,432,432,432,539,562,512,512,603,603,603],"floor_reached":13,"language":"ENG","playtime":1062,"items_purged":["Injury"],"score":432,"play_id":"c22ca142-af6b-4417-bfe9-001d207ff273","local_time":"20210222210148","daily_mods":["Time Dilation","Flight","DeadlyEvents","Binary","Elite Swarm","Lethality","Midas"],"is_ascension_mode":true,"campfire_choices":[{"floor":6,"key":"REST"},{"floor":7,"key":"REST"},{"floor":11,"key":"REST"}],"circlet_count":0,"master_deck":["Finesse+1","Finesse+1","Finesse+1","Finesse+1","Finesse+1","Finesse+1","Finesse+1","Finesse+1","Finesse+1","Finesse+1","Chill+1","Chill+1","Chill+1","Chill+1","Chill+1","Chill+1","Chill+1","Chill+1","Chill+1","Chill+1"],"relics":["Cracked Core","Singing Bowl","Thread and Needle","Turnip","Mercury Hourglass","Pear","Mango","Lee\u0027s Waffle","FrozenCore","Anchor","Bag of Marbles","Calipers","Ginger","Ice Cream","hermit:DentedPlate","FossilizedHelix","ClockworkSouvenir","DataDisk","CaptainsWheel","CloakClasp","Bronze Scales","Strawberry","Unceasing Top","HornCleat","Cables","Blue Candle","Medical Kit","Meat on the Bone","Oddly Smooth Stone","Old Coin","Potion Belt","PreservedInsect","Runic Pyramid","TeardropLocket","TungstenRod","Torii","Tough Bandages","StoneCalendar","TwistedFunnel","The Specimen","Snake Skull","Incense Burner","Eternal Feather","Dream Catcher","Champion Belt","Blood Vial","Emotion Chip","Letter Opener","Lizard Tail","Question Card","The Courier","Damaru","InkBottle","hermit:Momento","Magic Flower","Black Star","hermit:PetGhost","VioletLotus","Orichalcum","hermit:BartenderGlass","Cauldron","Golden Idol","Pen Nib","Whetstone","Pocketwatch","Smiling Mask"],"acts_visited":["Exordium"],"potions_floor_usage":[],"damage_taken":[{"damage":0,"enemies":"Small Slimes","floor":1,"turns":1},{"damage":0,"enemies":"Cultist","floor":4,"turns":1},{"damage":0,"enemies":"2 Louse","floor":5,"turns":1},{"damage":0,"enemies":"Gremlin Nob","floor":8,"turns":1},{"damage":0,"enemies":"3 Sentries","floor":12,"turns":1},{"damage":0,"enemies":"Lagavulin","floor":13,"turns":1}],"seed_played":"6198403085133373739","potions_obtained":[{"floor":0,"key":"Block Potion"},{"floor":0,"key":"EssenceOfSteel"},{"floor":0,"key":"FairyPotion"},{"floor":0,"key":"Swift Potion"},{"floor":1,"key":"Block Potion"}],"is_trial":true,"path_per_floor":["M","?","?","M","M","R","R","E","T","$","R","E","E"],"character_chosen":"DEFECT","items_purchased":[],"campfire_rested":3,"item_purchase_floors":[],"current_hp_per_floor":[73,73,73,75,77,79,81,83,83,83,85,87,87,87],"gold":603,"neow_bonus":"","is_daily":false,"chose_seed":false,"campfire_upgraded":0,"win_rate":0.0,"timestamp":1614038508,"path_taken":["M","?","?","?","?","R","R","E","T","?","R","E","?"],"items_purchased_type":[],"build_version":"2020-12-22","purchased_purges":1,"victory":false,"max_hp_per_floor":[73,73,73,75,77,79,81,83,83,83,85,87,87,87],"card_choices":[{"not_picked":["Rip and Tear","Coolheaded","Ball Lightning"],"picked":"Singing Bowl","floor":1},{"not_picked":["Ball Lightning","Redo","Leap"],"picked":"Singing Bowl","floor":4},{"not_picked":["Steam","Hologram","Undo"],"picked":"Singing Bowl","floor":5},{"not_picked":["Streamline","Ball Lightning","Steam"],"picked":"Singing Bowl","floor":6},{"not_picked":["Hologram","Recycle","Genetic Algorithm"],"picked":"Singing Bowl","floor":7},{"not_picked":["Reboot","Thunder Strike","Echo Form"],"picked":"Singing Bowl","floor":8},{"not_picked":["Sweeping Beam","Rebound","Compile Driver"],"picked":"Singing Bowl","floor":11},{"not_picked":["Buffer","All For One","Biased Cognition"],"picked":"Singing Bowl","floor":12}],"player_experience":371130,"relics_obtained":[{"floor":8,"key":"Whetstone"},{"floor":8,"key":"Pocketwatch"},{"floor":9,"key":"Smiling Mask"}],"event_choices":[{"damage_healed":0,"gold_gain":0,"player_choice":"Take Wound","damage_taken":0,"relics_obtained":["Golden Idol"],"max_hp_gain":0,"max_hp_loss":0,"event_name":"Golden Idol","floor":2,"gold_loss":0,"cards_obtained":["Injury"]},{"damage_healed":0,"gold_gain":0,"player_choice":"Paid Gold","damage_taken":0,"relics_obtained":["Pen Nib"],"max_hp_gain":0,"max_hp_loss":0,"event_name":"WeMeetAgain","floor":3,"gold_loss":81}],"is_beta":false,"boss_relics":[],"items_purged_floors":[10],"is_endless":false,"potions_floor_spawned":[1,5],"killed_by":"Lagavulin","ascension_level":20}}