{"host":"Petra","time":1614099462,"event":{"mods":["BaseMod","Colored Powertips","Defuse TimeMaze Blight","Downfall","Hermit","KinomotoSakuraMod(????)","Marisa????????","Marked Mod","Minty Spire (QoL Compilation)","Replay The Spire","Shade Mod","StSLib","The Alterego","The Cursed","The Gatherer","The Marked","The Servant 0.9.4","TheVacant","Waifu the Spire"],"gold_per_floor":[119,130,145,145,145,145,161,191,214,214,75,75,93,113,113,113,113],"floor_reached":16,"language":"ENG","playtime":590,"items_purged":[],"score":102,"play_id":"054fb47f-ca9d-4063-9ce7-f7a975962d09","local_time":"20210223185742","is_ascension_mode":false,"campfire_choices":[{"data":"ReplayTheSpireMod:Shiv Toss","floor":6,"key":"SMITH"},{"data":"Cloak And Dagger","floor":10,"key":"SMITH"},{"floor":15,"key":"REST"}],"circlet_count":0,"master_deck":["Strike_G","Strike_G","Strike_G","Strike_G","Strike_G","Defend_G","Defend_G","Defend_G","Defend_G+1","Defend_G","Survivor","Neutralize","Bane","Dagger Throw","ReplayTheSpireMod:Shiv Toss+1","Outmaneuver","Cloak And Dagger+1","Glass Knife","Crippling Poison","Outmaneuver"],"relics":["Ring of the Snake","Tiny Chest","Regal Pillow","Strawberry","NlothsMask"],"acts_visited":["Exordium"],"potions_floor_usage":[8,8],"damage_taken":[{"damage":0,"enemies":"Cultist","floor":1,"turns":4},{"damage":3,"enemies":"Jaw Worm","floor":2,"turns":4},{"damage":0,"enemies":"Small Slimes","floor":3,"turns":4},{"damage":8,"enemies":"3 Louse","floor":7,"turns":5},{"damage":15,"enemies":"Gremlin Nob","floor":8,"turns":4},{"damage":12,"enemies":"Large Slime","floor":13,"turns":8},{"damage":21,"enemies":"Gremlin Gang","floor":14,"turns":4},{"damage":64,"enemies":"Hexaghost","floor":16,"turns":11}],"seed_played":"4425854223478950011","potions_obtained":[{"floor":3,"key":"ColorlessPotion"},{"floor":7,"key":"hexamod:SoulburnPotion"}],"is_trial":false,"path_per_floor":["M","M","M","?","T","R","M","E","T","R","$","?","M","M","R","B"],"character_chosen":"THE_SILENT","items_purchased":["Glass Knife"],"campfire_rested":1,"item_purchase_floors":[11],"current_hp_per_floor":[75,72,72,72,72,72,64,49,56,56,56,56,44,23,62,0,0],"gold":113,"neow_bonus":"RANDOM_EVENT","is_daily":false,"chose_seed":false,"campfire_upgraded":2,"win_rate":0.0,"timestamp":1614099462,"path_taken":["M","M","M","?","?","R","M","E","T","R","$","?","?","M","R","BOSS"],"items_purchased_type":["Card"],"build_version":"2020-11-17","purchased_purges":0,"victory":false,"max_hp_per_floor":[75,75,75,75,75,75,75,75,82,82,82,82,82,82,82,82,82],"card_choices":[{"not_picked":["Backflip","Dagger Throw"],"picked":"Bane","floor":1},{"not_picked":["Bane","Acrobatics"],"picked":"Dagger Throw","floor":2},{"not_picked":["Blade Dance","PiercingWail"],"picked":"ReplayTheSpireMod:Shiv Toss","floor":3},{"not_picked":["Bane","Blur"],"picked":"Outmaneuver","floor":7},{"not_picked":["Choke","Tools of the Trade"],"picked":"Cloak And Dagger","floor":8},{"not_picked":["Blur","Fluid Movement"],"picked":"Crippling Poison","floor":13},{"not_picked":["Dagger Throw","Acrobatics"],"picked":"Outmaneuver","floor":14}],"player_experience":39296,"relics_obtained":[{"floor":5,"key":"Tiny Chest"},{"floor":8,"key":"Regal Pillow"},{"floor":9,"key":"Strawberry"}],"event_choices":[{"damage_healed":0,"gold_gain":0,"player_choice":"Donut","damage_taken":0,"max_hp_gain":5,"max_hp_loss":0,"event_name":"Big Fish","floor":0,"gold_loss":0},{"damage_healed":0,"gold_gain":0,"player_choice":"Trade","damage_taken":0,"relics_obtained":["NlothsMask"],"max_hp_gain":0,"max_hp_loss":0,"event_name":"FaceTrader","floor":12,"gold_loss":0}],"is_beta":true,"boss_relics":[],"items_purged_floors":[],"is_endless":false,"potions_floor_spawned":[3,7],"killed_by":"Hexaghost","ascension_level":0}}