{"host":"8oow7jh4agd4zemm","time":1614092182,"event":{"mods":["BaseMod","Colored Powertips","Ironclad Rager","Minty Spire (QoL Compilation)","Quick Restart","UnlockEverythingMod"],"gold_per_floor":[116,128,53,53,69,69,94,94,174,174,191,191,204,218,218,296,596,596,596],"floor_reached":18,"language":"ZHS","playtime":448,"items_purged":["Strike_G"],"score":324,"play_id":"2d809fea-9ae8-45db-b07d-4f96a0ef7bb1","local_time":"20210223225622","is_ascension_mode":true,"campfire_choices":[{"data":"Catalyst","floor":6,"key":"SMITH"},{"floor":8,"key":"RECALL"},{"data":"Deadly Poison","floor":10,"key":"SMITH"},{"floor":15,"key":"REST"}],"circlet_count":0,"master_deck":["AscendersBane","Strike_G","Strike_G","Strike_G","Defend_G","Defend_G","Defend_G","Defend_G","Defend_G","Survivor","Neutralize","Catalyst+1","Deadly Poison+1","Burst","Backstab","CurseOfTheBell"],"relics":["Ring of the Snake","NeowsBlessing","MealTicket","Calling Bell","CeramicFish","Toxic Egg 2","Old Coin"],"acts_visited":["Exordium","TheCity"],"potions_floor_usage":[7,14,16],"damage_taken":[{"damage":0.0,"enemies":"Cultist","floor":1.0,"turns":1.0},{"damage":0.0,"enemies":"Small Slimes","floor":2.0,"turns":1.0},{"damage":0,"enemies":"Jaw Worm","floor":5,"turns":1},{"damage":15,"enemies":"Lagavulin","floor":7,"turns":5},{"damage":23,"enemies":"Exordium Thugs","floor":11,"turns":6},{"damage":0,"enemies":"Red Slaver","floor":13,"turns":4},{"damage":0,"enemies":"3 Louse","floor":14,"turns":2},{"damage":36,"enemies":"Hexaghost","floor":16,"turns":11},{"damage":33,"enemies":"3 Byrds","floor":18,"turns":5}],"seed_played":"-8367257547584308463","potions_obtained":[{"floor":2.0,"key":"Poison Potion"},{"floor":11,"key":"SkillPotion"},{"floor":13,"key":"Explosive Potion"}],"is_trial":false,"path_per_floor":["M","M","$","?","M","R","E","R","T","R","M","?","M","M","R","B",null,"M"],"character_chosen":"THE_SILENT","items_purchased":[],"campfire_rested":1,"item_purchase_floors":[],"current_hp_per_floor":[59,59,59,64,64,64,49,49,49,49,26,19,19,19,40,4,54,21,21],"gold":596,"neow_bonus":"THREE_ENEMY_KILL","is_daily":false,"chose_seed":false,"campfire_upgraded":2,"win_rate":0.0,"timestamp":1614092182,"path_taken":["M","?","$","?","M","R","E","R","T","R","M","?","M","?","R","BOSS","M"],"items_purchased_type":[],"build_version":"2020-12-22","purchased_purges":1,"victory":false,"max_hp_per_floor":[66,66,66,71,71,71,71,71,71,71,71,71,71,71,71,71,71,71,71],"card_choices":[{"not_picked":["Deadly Poison","Dodge and Roll"],"picked":"Catalyst","floor":1.0},{"not_picked":["Flying Knee","Deflect","All Out Attack"],"picked":"SKIP","floor":2.0},{"not_picked":["Dash","Finisher"],"picked":"Deadly Poison","floor":5},{"not_picked":["Well Laid Plans","Prepared","Dagger Spray"],"picked":"SKIP","floor":7},{"not_picked":["Caltrops","Dodge and Roll"],"picked":"Burst","floor":11},{"not_picked":["Quick Slash","Flying Knee"],"picked":"Backstab","floor":13},{"not_picked":["Bane","Expertise","Sucker Punch"],"picked":"SKIP","floor":14}],"player_experience":86086,"relics_obtained":[{"floor":7,"key":"MealTicket"},{"floor":17,"key":"CeramicFish"},{"floor":17,"key":"Toxic Egg 2"},{"floor":17,"key":"Old Coin"}],"event_choices":[{"damage_healed":0,"gold_gain":0,"player_choice":"Donut","damage_taken":0,"max_hp_gain":5,"max_hp_loss":0,"event_name":"Big Fish","floor":4,"gold_loss":0},{"cards_removed":["Strike_G"],"damage_healed":0,"gold_gain":0,"player_choice":"Card Removal","damage_taken":7,"max_hp_gain":0,"max_hp_loss":0,"event_name":"Golden Wing","floor":12,"gold_loss":0}],"is_beta":false,"boss_relics":[{"not_picked":["Black Star","Empty Cage"],"picked":"Calling Bell"}],"items_purged_floors":[3],"is_endless":false,"potions_floor_spawned":[2,11,13],"killed_by":"3 Byrds","ascension_level":20}}