{"host":"h3ogdo6no3ehk88q","time":1614095573,"event":{"mods":["AchievementEnabler","BaseMod","Minty Spire (QoL Compilation)","StSLib","SuperFastMode"],"gold_per_floor":[113,78,78,78,88,119,129,160,211,235,235,45,45,63,63,63,158,158,173,88,88,88,14,45,45,79,105,131,142,142,152,170,170,204,204,204,204],"floor_reached":36,"language":"ENG","playtime":810,"items_purged":[],"score":627,"play_id":"30ddb060-acd0-4510-8897-d509f2091cf3","local_time":"20210223105253","is_ascension_mode":true,"campfire_choices":[{"floor":11,"key":"REST"},{"data":"Glacier","floor":13,"key":"SMITH"},{"data":"Static Discharge","floor":16,"key":"SMITH"},{"data":"Genetic Algorithm","floor":25,"key":"SMITH"},{"floor":30,"key":"REST"},{"floor":33,"key":"REST"},{"data":"Biased Cognition","floor":35,"key":"SMITH"}],"circlet_count":0,"master_deck":["AscendersBane","Strike_B+1","Strike_B+1","Defend_B","Defend_B+1","Defend_B","Defend_B","Zap","Dualcast+1","Conserve Battery+1","White Noise","Static Discharge+1","BootSequence","Glacier+1","Consume","Echo Form","Doom and Gloom","Genetic Algorithm+1","Seek","Biased Cognition+1","Darkness","Self Repair"],"relics":["Cracked Core","NeowsBlessing","StrikeDummy","Oddly Smooth Stone","Ancient Tea Set","Omamori","Calling Bell","Blood Vial","InkBottle","Calipers","Letter Opener","Strawberry","War Paint","Whetstone","Bag of Marbles","CeramicFish"],"acts_visited":["Exordium","TheCity"],"potions_floor_usage":[19,24,24,26],"damage_taken":[{"damage":0,"enemies":"Small Slimes","floor":1,"turns":1},{"damage":0,"enemies":"2 Louse","floor":5,"turns":1},{"damage":0,"enemies":"Lagavulin","floor":6,"turns":1},{"damage":2,"enemies":"Jaw Worm","floor":7,"turns":4},{"damage":42,"enemies":"Gremlin Nob","floor":8,"turns":5},{"damage":8,"enemies":"Exordium Thugs","floor":14,"turns":6},{"damage":6,"enemies":"The Guardian","floor":17,"turns":19},{"damage":16,"enemies":"3 Byrds","floor":19,"turns":4},{"damage":21,"enemies":"Gremlin Leader","floor":24,"turns":8},{"damage":36,"enemies":"Slavers","floor":26,"turns":6},{"damage":1,"enemies":"Chosen","floor":29,"turns":5},{"damage":6,"enemies":"Snake Plant","floor":31,"turns":5},{"damage":20,"enemies":"Snecko","floor":32,"turns":5},{"damage":0,"enemies":"Book of Stabbing","floor":34,"turns":8},{"damage":55,"enemies":"Collector","floor":36,"turns":7}],"seed_played":"-7056129932694121911","potions_obtained":[{"floor":8,"key":"Regen Potion"},{"floor":14,"key":"Fruit Juice"},{"floor":19,"key":"Weak Potion"},{"floor":24,"key":"PowerPotion"},{"floor":26,"key":"SteroidPotion"}],"is_trial":false,"path_per_floor":["M","?","?","?","M","E","M","E","T","T","R","$","R","M","?","R","B",null,"M","?","?","?","$","E","R","E","T","T","M","R","M","M","R","E","R","B"],"character_chosen":"DEFECT","items_purchased":["Omamori","Consume","Genetic Algorithm"],"campfire_rested":3,"item_purchase_floors":[12,12,23],"current_hp_per_floor":[68,75,68,68,68,68,66,24,24,24,46,46,46,38,63,63,57,71,62,62,47,47,47,50,50,16,16,16,17,44,40,22,49,51,51,0,0],"gold":204,"neow_bonus":"THREE_ENEMY_KILL","is_daily":false,"chose_seed":false,"campfire_upgraded":4,"win_rate":0.0,"timestamp":1614095573,"path_taken":["M","?","?","?","?","E","M","E","T","T","R","?","R","M","?","R","BOSS","M","?","?","?","$","E","R","E","T","T","M","R","M","M","R","E","R","BOSS"],"items_purchased_type":["Relic","Card","Card"],"build_version":"2020-12-22","purchased_purges":0,"victory":false,"max_hp_per_floor":[75,75,75,75,75,75,75,75,75,75,75,75,75,75,75,75,75,75,80,80,85,85,85,92,92,92,92,92,92,92,92,92,92,92,92,92,92],"card_choices":[{"not_picked":["Go for the Eyes","Heatsinks"],"picked":"Conserve Battery","floor":1},{"not_picked":["Chaos","Turbo"],"picked":"White Noise","floor":5},{"not_picked":["Barrage","Storm"],"picked":"Static Discharge","floor":6},{"not_picked":["Fusion","Redo"],"picked":"BootSequence","floor":7},{"not_picked":["Buffer","Doom and Gloom"],"picked":"Glacier","floor":8},{"not_picked":["Turbo","Steam Power","Go for the Eyes"],"picked":"SKIP","floor":14},{"not_picked":["Amplify","Electrodynamics"],"picked":"Echo Form","floor":17},{"not_picked":["Recycle","Conserve Battery","Fusion"],"picked":"SKIP","floor":19},{"not_picked":["Machine Learning","Hyperbeam"],"picked":"Seek","floor":24},{"not_picked":["Hello World+1","Undo"],"picked":"Biased Cognition","floor":26},{"not_picked":["Go for the Eyes","Gash","BootSequence"],"picked":"SKIP","floor":29},{"not_picked":["Compile Driver","Conserve Battery"],"picked":"Darkness","floor":31},{"not_picked":["Steam+1","Aggregate","Rebound"],"picked":"SKIP","floor":32},{"not_picked":["Skim","FTL"],"picked":"Self Repair","floor":34}],"player_experience":881299,"relics_obtained":[{"floor":6,"key":"StrikeDummy"},{"floor":8,"key":"Oddly Smooth Stone"},{"floor":10,"key":"Ancient Tea Set"},{"floor":18,"key":"Blood Vial"},{"floor":18,"key":"InkBottle"},{"floor":18,"key":"Calipers"},{"floor":24,"key":"Strawberry"},{"floor":26,"key":"War Paint"},{"floor":27,"key":"Whetstone"},{"floor":28,"key":"Bag of Marbles"},{"floor":34,"key":"CeramicFish"}],"event_choices":[{"damage_healed":18,"gold_gain":0,"player_choice":"Healed","damage_taken":0,"max_hp_gain":0,"max_hp_loss":0,"event_name":"The Cleric","floor":2,"gold_loss":35},{"cards_removed":["Strike_B"],"damage_healed":0,"gold_gain":0,"player_choice":"Card Removal","damage_taken":7,"max_hp_gain":0,"max_hp_loss":0,"event_name":"Golden Wing","floor":3,"gold_loss":0},{"damage_healed":0,"gold_gain":0,"player_choice":"Grow","damage_taken":0,"max_hp_gain":0,"max_hp_loss":0,"event_name":"Living Wall","floor":4,"gold_loss":0,"cards_upgraded":["Conserve Battery"]},{"damage_healed":25,"gold_gain":0,"player_choice":"Banana","damage_taken":0,"max_hp_gain":0,"max_hp_loss":0,"event_name":"Big Fish","floor":15,"gold_loss":0},{"damage_healed":0,"gold_gain":0,"player_choice":"Obtained Relic","damage_taken":0,"relics_obtained":["Letter Opener"],"max_hp_gain":0,"max_hp_loss":0,"event_name":"Addict","floor":20,"gold_loss":85},{"damage_healed":0,"gold_gain":0,"player_choice":"Shed Blood","damage_taken":20,"max_hp_gain":5,"max_hp_loss":0,"event_name":"Forgotten Altar","floor":21,"gold_loss":0},{"damage_healed":0,"gold_gain":0,"cards_transformed":["Strike_B"],"player_choice":"Transformed","damage_taken":0,"max_hp_gain":0,"max_hp_loss":0,"event_name":"Transmorgrifier","floor":22,"gold_loss":0,"cards_obtained":["Doom and Gloom"]}],"is_beta":false,"boss_relics":[{"not_picked":["Runic Pyramid","Busted Crown"],"picked":"Calling Bell"}],"items_purged_floors":[],"is_endless":false,"potions_floor_spawned":[8,14,19,24,26],"killed_by":"Collector","ascension_level":12}}