{"host":"dpbezu80jg8zk7un","time":1614103573,"event":{"mods":["BaseMod","Colored Map","Colored Powertips","Custom Start","DeckTracker","Minty Spire (QoL Compilation)","Quick Restart","StSLib","SuperFastMode"],"gold_per_floor":[14,14,14,28,38,38,51,63,139,152,152,184,184,203,203,203,203],"floor_reached":16,"language":"KOR","playtime":299,"items_purged":[],"score":208,"play_id":"784815f1-a735-4b49-816d-c074f4277d31","local_time":"20210224030613","is_ascension_mode":true,"campfire_choices":[{"data":"Eruption","floor":6,"key":"SMITH"},{"data":"FlurryOfBlows","floor":11,"key":"SMITH"},{"data":"CarveReality","floor":13,"key":"SMITH"},{"data":"MentalFortress","floor":15,"key":"SMITH"}],"circlet_count":0,"master_deck":["AscendersBane","Strike_P","Strike_P","Strike_P","Strike_P","Defend_P","Defend_P","Defend_P","Defend_P","Eruption+1","Vigilance","FlurryOfBlows+1","CarveReality+1","MentalFortress+1"],"relics":["PureWater","Calipers","Letter Opener","Shovel"],"acts_visited":["Exordium"],"potions_floor_usage":[12,16],"damage_taken":[{"damage":0,"enemies":"Small Slimes","floor":1,"turns":2},{"damage":0,"enemies":"Cultist","floor":4,"turns":2},{"damage":1,"enemies":"2 Louse","floor":5,"turns":5},{"damage":11,"enemies":"Blue Slaver","floor":7,"turns":6},{"damage":10,"enemies":"Gremlin Gang","floor":8,"turns":5},{"damage":6,"enemies":"Looter","floor":10,"turns":3},{"damage":10,"enemies":"Lagavulin","floor":12,"turns":5},{"damage":13,"enemies":"Exordium Thugs","floor":14,"turns":3},{"damage":28,"enemies":"The Guardian","floor":16,"turns":2}],"seed_played":"-423034127684053009","potions_obtained":[{"floor":7,"key":"BlessingOfTheForge"},{"floor":8,"key":"FearPotion"}],"is_trial":false,"path_per_floor":["M","$","?","M","M","R","M","M","T","M","R","E","R","M","R","B"],"character_chosen":"WATCHER","items_purchased":[],"campfire_rested":0,"item_purchase_floors":[],"current_hp_per_floor":[61,61,61,61,60,60,49,39,39,33,33,23,23,10,10,0,0],"gold":203,"neow_bonus":"ONE_RARE_RELIC","is_daily":false,"chose_seed":false,"campfire_upgraded":4,"win_rate":0.0,"timestamp":1614103573,"path_taken":["M","$","?","?","M","R","M","M","T","M","R","E","R","M","R","BOSS"],"items_purchased_type":[],"build_version":"2020-12-22","purchased_purges":0,"victory":false,"max_hp_per_floor":[68,68,68,68,68,68,68,68,68,68,68,68,68,68,68,68,68],"card_choices":[{"not_picked":["Protect","Crescendo","CutThroughFate"],"picked":"SKIP","floor":1},{"not_picked":["ThirdEye","Prostrate","Evaluate"],"picked":"SKIP","floor":4},{"not_picked":["ThirdEye","Nirvana","LikeWater"],"picked":"SKIP","floor":5},{"not_picked":["JustLucky","CarveReality"],"picked":"FlurryOfBlows","floor":7},{"not_picked":["SashWhip","Indignation"],"picked":"CarveReality","floor":8},{"not_picked":["BowlingBash","BattleHymn","Perseverance"],"picked":"SKIP","floor":10},{"not_picked":["Halt","Swivel","Protect"],"picked":"SKIP","floor":12},{"not_picked":["PathToVictory","FollowUp"],"picked":"MentalFortress","floor":14}],"player_experience":2989146,"relics_obtained":[{"floor":9,"key":"Letter Opener"},{"floor":12,"key":"Shovel"}],"event_choices":[{"damage_healed":0,"gold_gain":0,"player_choice":"0 cards matched","damage_taken":0,"max_hp_gain":0,"max_hp_loss":0,"event_name":"Match and Keep!","floor":3,"gold_loss":0,"cards_obtained":[]}],"is_beta":false,"boss_relics":[],"items_purged_floors":[],"is_endless":false,"potions_floor_spawned":[7,8,10],"killed_by":"The Guardian","ascension_level":20}}