{"host":"zxd2l8an9de7z7b9","time":1614058069,"event":{"mods":["100% Spire Juice","2.2 Compatiblity","AchievementEnabler","BaseMod","CapriCore","Colored Map","Colored Powertips","Marisa£¨Ùöéë¡¡Øª×âÞÞ£©","Minty Spire (QoL Compilation)","Rare Cards Sparkle","StSLib","SuperFastMode","Td1madao Mod","everything is the same but u backflip on backflip"],"gold_per_floor":[112,112,37,37,55,55,75,75,75,25,25,25,45,57,57,161,161,179,179,190,210,228,228,246,263,263,8,24,50,61,61,61,61,61],"floor_reached":33,"language":"KOR","playtime":768,"items_purged":["Strike_R"],"score":261,"play_id":"87feb0eb-d0f0-40c6-a0f8-0303fa350dbf","local_time":"20210223142749","is_ascension_mode":false,"campfire_choices":[{"data":"Defend_R","floor":6.0,"key":"SMITH"},{"data":"Strike_R","floor":8.0,"key":"SMITH"},{"data":"Strike_R","floor":11.0,"key":"SMITH"},{"data":"Strike_R","floor":15.0,"key":"SMITH"},{"floor":23.0,"key":"REST"},{"data":"Clash","floor":32,"key":"SMITH"}],"circlet_count":0,"master_deck":["Strike_R+1","Strike_R+1","Strike_R+1","Strike_R+1","Defend_R+1","Defend_R+1","Bash+1","Clash+1"],"relics":["Burning Blood","HornCleat","Pear","Philosopher\u0027s Stone","Sundial","Red Skull","Meat on the Bone"],"acts_visited":["Exordium","TheCity"],"potions_floor_usage":[29,33,33],"damage_taken":[{"damage":0.0,"enemies":"2 Louse","floor":1.0,"turns":3.0},{"damage":0.0,"enemies":"Small Slimes","floor":5.0,"turns":4.0},{"damage":3.0,"enemies":"Jaw Worm","floor":7.0,"turns":3.0},{"damage":15.0,"enemies":"Exordium Wildlife","floor":13.0,"turns":5.0},{"damage":0.0,"enemies":"Large Slime","floor":14.0,"turns":4.0},{"damage":64.0,"enemies":"The Guardian","floor":16.0,"turns":14.0},{"damage":12.0,"enemies":"Chosen","floor":18.0,"turns":3.0},{"damage":16.0,"enemies":"Spheric Guardian","floor":20.0,"turns":4.0},{"damage":35.0,"enemies":"Chosen and Byrds","floor":21.0,"turns":5.0},{"damage":28.0,"enemies":"Snake Plant","floor":22.0,"turns":4.0},{"damage":7.0,"enemies":"3 Cultists","floor":24.0,"turns":5.0},{"damage":18.0,"enemies":"Cultist and Chosen","floor":25.0,"turns":5.0},{"damage":0.0,"enemies":"Snecko","floor":28.0,"turns":4.0},{"damage":20,"enemies":"Slavers","floor":29,"turns":4},{"damage":13,"enemies":"Shelled Parasite and Fungi","floor":30,"turns":4},{"damage":51,"enemies":"Automaton","floor":33,"turns":8}],"seed_played":"7092752196531274591","potions_obtained":[{"floor":1.0,"key":"Block Potion"},{"floor":5.0,"key":"SkillPotion"},{"floor":13.0,"key":"Fire Potion"},{"floor":22.0,"key":"BlessingOfTheForge"},{"floor":24.0,"key":"LiquidBronze"},{"floor":28.0,"key":"Weak Potion"}],"is_trial":false,"path_per_floor":["M","?","$","?","M","R","M","R","T","?","R","T","M","M","R","B",null,"M","?","M","M","M","R","M","M","T","$","M","E","M","?","R","B"],"character_chosen":"IRONCLAD","items_purchased":["BloodPotion","Red Skull","ColorlessPotion"],"campfire_rested":1,"item_purchase_floors":[27,27,27],"current_hp_per_floor":[80,73,73,57,63,63,66,66,66,66,66,76,67,73,73,15,90,84,84,74,45,23,50,49,37,37,55,61,47,52,52,52,1,1],"gold":61,"neow_bonus":"UPGRADE_CARD","is_daily":false,"chose_seed":false,"campfire_upgraded":5,"win_rate":0.0,"timestamp":1614058069,"path_taken":["M","?","$","?","M","R","M","R","T","?","R","?","M","M","R","BOSS","M","?","M","M","M","R","M","M","T","$","M","E","M","?","R","BOSS"],"items_purchased_type":["Potion","Relic","Potion"],"build_version":"2020-12-22","purchased_purges":1,"victory":false,"max_hp_per_floor":[80,80,80,80,80,80,80,80,80,80,80,90,90,90,90,90,90,90,90,90,90,90,90,90,90,90,90,90,90,90,90,90,90,90],"card_choices":[{"not_picked":["Entrench","Heavy Blade","Twin Strike"],"picked":"SKIP","floor":1.0},{"not_picked":["Blood for Blood","Rampage","Armaments"],"picked":"SKIP","floor":5.0},{"not_picked":["Second Wind","Heavy Blade","Body Slam"],"picked":"SKIP","floor":7.0},{"not_picked":["Rage","Sword Boomerang","Body Slam"],"picked":"SKIP","floor":13.0},{"not_picked":["Blood for Blood","Armaments","Carnage"],"picked":"SKIP","floor":14.0},{"not_picked":["Carnage+1","Clothesline","Perfected Strike+1"],"picked":"SKIP","floor":18.0},{"not_picked":["Cleave+1","Intimidate","Pommel Strike"],"picked":"SKIP","floor":20.0},{"not_picked":["Thunderclap","True Grit","Bloodletting"],"picked":"SKIP","floor":21.0},{"not_picked":["Power Through","Bloodletting","Ghostly Armor"],"picked":"SKIP","floor":22.0},{"not_picked":["Infernal Blade","Cleave","Havoc"],"picked":"SKIP","floor":24.0},{"not_picked":["Thunderclap","Sword Boomerang","Immolate"],"picked":"SKIP","floor":25.0},{"not_picked":["Shrug It Off+1","True Grit"],"picked":"Clash","floor":28.0},{"not_picked":["Bludgeon","Perfected Strike","Sentinel"],"picked":"SKIP","floor":29},{"not_picked":["Pummel","Shrug It Off+1","Sentinel"],"picked":"SKIP","floor":30}],"player_experience":450405,"relics_obtained":[{"floor":9.0,"key":"HornCleat"},{"floor":12.0,"key":"Pear"},{"floor":26.0,"key":"Sundial"},{"floor":29,"key":"Meat on the Bone"}],"event_choices":[{"cards_removed":["Defend_R"],"damage_healed":0.0,"max_hp_gain":0.0,"max_hp_loss":0.0,"gold_gain":0.0,"event_name":"Golden Wing","player_choice":"Card Removal","floor":2.0,"gold_loss":0.0,"damage_taken":7.0},{"damage_healed":0.0,"max_hp_gain":0.0,"max_hp_loss":0.0,"gold_gain":0.0,"event_name":"Shining Light","player_choice":"Entered Light","floor":4.0,"gold_loss":0.0,"damage_taken":16.0,"cards_upgraded":["Defend_R","Strike_R"]},{"cards_removed":["Defend_R"],"damage_healed":0.0,"max_hp_gain":0.0,"max_hp_loss":0.0,"gold_gain":0.0,"event_name":"The Cleric","player_choice":"Card Removal","floor":10.0,"gold_loss":50.0,"damage_taken":0.0},{"damage_healed":0.0,"max_hp_gain":0.0,"max_hp_loss":0.0,"gold_gain":0.0,"event_name":"Vampires","player_choice":"Ignored","floor":19.0,"gold_loss":0.0,"damage_taken":0.0},{"damage_healed":0,"gold_gain":0,"player_choice":"Ignored","damage_taken":0,"max_hp_gain":0,"max_hp_loss":0,"event_name":"The Mausoleum","floor":31,"gold_loss":0}],"is_beta":false,"boss_relics":[{"not_picked":["Calling Bell","Tiny House"],"picked":"Philosopher\u0027s Stone"}],"items_purged_floors":[3],"is_endless":false,"potions_floor_spawned":[1,5,13,22,24,28],"killed_by":"Automaton","ascension_level":0}}