{"host":"2xnjhc1nuqzfyzm4","time":1614056619,"event":{"mods":["100% Spire Juice","Act Like it!","Arknights","BaseMod","Beaked The Cultist","Bestiary","Better Match","Better Note","Better Sensory Stone","Better Third Choice","Block Reminder","CapriCore","CatGirl Mod","ChefMod","Colored Powertips","Displayed Cursed Tome","Dota2Spire","Downfall","Ekko","Elementarium","GungeonMod","Hallownest","Hermit","Hubris","Infinite Spire","Jedi Mod","Jorbs\u0027s Wanderer Trilogy","Luminous","Mad Scientist","Marisa????????","Menagerie","Minty Spire (QoL Compilation)","Poor People Problems","Potionbrewer","Prisma Mod","QueenMod","Relic Stats","Reliquary","Replay The Spire","Robot Space Explorer","Ruina","SIMod","Shade Mod","Shapeshifter Mod","Spikes Relics","StSLib","The Alterego","The Animator","The Blackbeard","The Bug Knight","The Cursed","The Death Knight","The Disciple","The Dragon Tamer","The Dragonkin","The Druid","The Elementalist","The Exalted","The Fake Hero","The Florist","The Gatherer","The Hayseed","The Hierophant","The Immortal","The Jungle","The Mystic","The Necromancer","The Poker Player","The Runesmith","The Sage","The Senshi","The Servant 0.9.4","The Showman","The Valiant","The Wild Card","TheBandit","TheSwordswoman","TheVacant","TheVelvet","TheWitcher","Trackpad","Waifu the Spire","WarShipGirlsR/????R mod","Yakumo Yukari mod"],"gold_per_floor":[114,125,136,136,136,169,169,207,207,191,231,245,245,288,288,417,417,431,431,431,455,455,479,493,493,546,546,546,579,579,623,623,746,746,765,781,781,794,810,810,810],"floor_reached":40,"language":"ENG","playtime":4023,"items_purged":[],"score":581,"play_id":"148a876e-5f50-485c-8506-5af3e0e7781d","local_time":"20210222210339","is_ascension_mode":false,"campfire_choices":[{"floor":7,"key":"RECALL"},{"floor":13,"key":"REST"},{"data":"theWildCard:Scathach","floor":25,"key":"SMITH"},{"data":"ats:Shadow Assault","floor":30,"key":"SMITH"},{"data":"ats:Rapid Magazine","floor":32,"key":"SMITH"}],"circlet_count":0,"master_deck":["ats:Strike C","ats:Strike G","ats:Strike S","ats:Strike V","ats:Armor Crushing Shot","ats:Defend","ats:Defend","ats:Defend","ats:Defend","ats:Emotion Absorption","ats:Guard Mode","ats:Thermite Blade","ats:Shell Defense","theWildCard:Scathach+1","ats:Curse Doll","ats:Overload","ats:Directed Diagnosis","ats:Consecutive Shot Auto","ats:Sword Rain","ats:Magnetic Hammer","ats:Soul Rend","ats:Thorns","ats:Mental Burst","ats:Rapid Magazine+1","rmod:openingtorpedo+1","ats:Shadow Assault+1","ats:Powerful Strike","ats:Ignite+1","ats:Apocalypse+1","infinitespire:SevenWalls","ats:Cat Scratch+1","ats:Charging Defense+1"],"relics":["ats:Sanity","Golden Idol","ats:Originium","Bromod:ArcanePistoleer","theSenshi:SailorFukuRelic","reliquary:RedPaperclip","FaceOfCleric","Bromod:ArcaneVictory","hubris:ToyBattleship","rmod:firstchargereward","ats:Ability Aura","DemoMod:WhiteGuonStone","Black Star"],"acts_visited":["Exordium","TheCity","TheBeyond"],"potions_floor_usage":[6,8,23,23,33,33,39,40],"damage_taken":[{"damage":7,"enemies":"2 Louse","floor":1,"turns":3},{"damage":7,"enemies":"Jaw Worm","floor":2,"turns":4},{"damage":2,"enemies":"Small Slimes","floor":3,"turns":4},{"damage":8,"enemies":"Lagavulin","floor":6,"turns":11},{"damage":0,"enemies":"Replay:BlueRogue","floor":8,"turns":7},{"damage":11,"enemies":"Exordium Thugs","floor":10,"turns":4},{"damage":35,"enemies":"Gremlin Nob","floor":11,"turns":5},{"damage":0,"enemies":"Looter","floor":12,"turns":4},{"damage":13,"enemies":"3 Sentries","floor":14,"turns":8},{"damage":0,"enemies":"Fading Forest","floor":16,"turns":11},{"damage":0,"enemies":"Spheric Guardian","floor":18,"turns":3},{"damage":0,"enemies":"Chosen","floor":21,"turns":4},{"damage":5,"enemies":"Snake Plant","floor":23,"turns":4},{"damage":6,"enemies":"Sentry and Sphere","floor":24,"turns":5},{"damage":30,"enemies":"Gremlin Leader","floor":29,"turns":6},{"damage":0,"enemies":"HollowMod:Nosk","floor":31,"turns":6},{"damage":25,"enemies":"Automaton","floor":33,"turns":7},{"damage":3,"enemies":"Orb Walker","floor":35,"turns":2},{"damage":13,"enemies":"3 Shapes","floor":36,"turns":3},{"damage":6,"enemies":"Sphere and 2 Shapes","floor":38,"turns":5},{"damage":57,"enemies":"Writhing Mass","floor":39,"turns":6},{"damage":56,"enemies":"Nightmare","floor":40,"turns":5}],"seed_played":"-9075436863441850057","potions_obtained":[{"floor":2,"key":"SpeedPotion"},{"floor":6,"key":"Block Potion"},{"floor":11,"key":"potionbrewer:DiscountPotion"},{"floor":14,"key":"SteroidPotion"},{"floor":15,"key":"potionbrewer:QuicksilverPotion"},{"floor":15,"key":"Adrenaline Potion"},{"floor":16,"key":"Fire Potion"},{"floor":23,"key":"BlessingOfTheForge"},{"floor":31,"key":"ats:Emergency Sanity Potion"},{"floor":35,"key":"Ancient Potion"}],"is_trial":false,"path_per_floor":["M","M","M","?","?","E","R","E","T","M","E","M","R","E","R","B",null,"M","?","?","M","AVR","M","M","R","T","?","?","E","R","E","R","B",null,"M","M","AVR","M","M","NM"],"character_chosen":"DOCTOR_CLASS","items_purchased":[],"campfire_rested":1,"item_purchase_floors":[],"current_hp_per_floor":[72,65,63,63,63,66,66,66,66,67,38,38,61,72,72,79,79,79,79,79,80,80,77,76,76,76,76,76,57,57,83,83,63,85,84,75,75,84,40,0,0],"gold":810,"neow_bonus":"TEN_PERCENT_HP_BONUS","is_daily":false,"chose_seed":false,"campfire_upgraded":3,"win_rate":0.0,"timestamp":1614056619,"path_taken":["M","M","M","?","?","E","R","E","T","M","E","M","R","E","R","BOSS","M","?","?","M","AVR","?","M","R","T","?","?","E","R","E","R","BOSS","M","M","AVR","M","M","NM"],"items_purchased_type":[],"build_version":"2020-12-22","purchased_purges":0,"victory":false,"max_hp_per_floor":[79,79,79,79,79,79,79,79,79,79,79,79,79,79,79,79,79,79,79,79,80,80,81,82,82,82,82,82,83,83,84,84,85,85,86,87,87,88,89,89,89],"relic_stats":{"FaceOfCleric":10,"counters":[22,117],"Golden Idol":134,"Black Star":0,"obtain_stats":[{"ats:Ability Aura":29,"Golden Idol":5,"Bromod:ArcaneVictory":22,"Bromod:ArcanePistoleer":6,"DemoMod:GlassGuonStoneRelic":2,"DemoMod:WhiteGuonStone":31,"Dota2Spire:LotusOrb":11,"Dota2Spire:MagicBottle":8,"reliquary:RedPaperclip":17,"ats:Originium":6,"FaceOfCleric":20,"hubris:ToyBattleship":26,"rmod:firstchargereward":28,"Black Star":34,"ats:Sanity":0,"theSenshi:SailorFukuRelic":14},{"ats:Ability Aura":15,"Golden Idol":3,"Bromod:ArcaneVictory":12,"Bromod:ArcanePistoleer":4,"DemoMod:GlassGuonStoneRelic":2,"DemoMod:WhiteGuonStone":16,"Dota2Spire:LotusOrb":7,"Dota2Spire:MagicBottle":5,"reliquary:RedPaperclip":10,"ats:Originium":4,"FaceOfCleric":11,"hubris:ToyBattleship":14,"rmod:firstchargereward":14,"Black Star":17,"ats:Sanity":0,"theSenshi:SailorFukuRelic":9},{"ats:Ability Aura":83,"Golden Idol":11,"Bromod:ArcaneVictory":68,"Bromod:ArcanePistoleer":22,"DemoMod:GlassGuonStoneRelic":7,"DemoMod:WhiteGuonStone":89,"Dota2Spire:LotusOrb":38,"Dota2Spire:MagicBottle":29,"reliquary:RedPaperclip":61,"ats:Originium":22,"FaceOfCleric":64,"hubris:ToyBattleship":77,"rmod:firstchargereward":77,"Black Star":96,"ats:Sanity":0,"theSenshi:SailorFukuRelic":50}]},"card_choices":[{"not_picked":["ats:Overload","ats:Powerful Strike"],"picked":"ats:Guard Mode","floor":1},{"not_picked":["ats:Guard Mode","ats:Consecutive Shot Auto"],"picked":"ats:Thermite Blade","floor":2},{"not_picked":["ats:Absolute Focus","ats:Guard Mode"],"picked":"ats:Shell Defense","floor":3},{"not_picked":["ats:Apocalypse","ats:Explosion Area Strengthen"],"picked":"ats:Curse Doll","floor":6},{"not_picked":["ats:Soul Rend","ats:Consecutive Shot Auto"],"picked":"ats:Overload","floor":8},{"not_picked":["ats:Steam Pump","ats:Guard Mode"],"picked":"ats:Directed Diagnosis","floor":10},{"not_picked":["ats:Support Order","ats:Assault Order"],"picked":"ats:Consecutive Shot Auto","floor":11},{"not_picked":["ats:Flexible Camouflage","ats:Revitalization"],"picked":"ats:Sword Rain","floor":12},{"not_picked":["ats:Part Time Job","ats:Song Of Battle"],"picked":"ats:Magnetic Hammer","floor":14},{"not_picked":["ats:True Silver Slash","ats:Volcano"],"picked":"ats:Soul Rend","floor":16},{"not_picked":["ats:LN2 Cannon+1","ats:Healing Drone+1","ats:Sashimi Platter"],"picked":"SKIP","floor":18},{"not_picked":["ats:LN2 Cannon+1","ats:Healing Drone+1","ats:Sashimi Platter"],"picked":"SKIP","floor":18},{"not_picked":["ats:Absolute Focus","ats:Magnetic Hammer+1"],"picked":"ats:Thorns","floor":21},{"not_picked":["ats:Flexible Camouflage","ats:Poison Spread"],"picked":"ats:Mental Burst","floor":23},{"not_picked":["ats:Defend Order+1","ats:Curse Doll"],"picked":"ats:Rapid Magazine","floor":24},{"not_picked":["ats:Powerful Strike","ats:Calcification"],"picked":"ats:Shadow Assault","floor":29},{"not_picked":["ats:Hammer On","ats:Poison Spread"],"picked":"ats:Powerful Strike","floor":31},{"not_picked":["ats:Guard Mode+1","ats:Curse Doll+1"],"picked":"ats:Ignite+1","floor":35},{"not_picked":["ats:Thermite Blade","ats:Poison Spread+1"],"picked":"ats:Apocalypse+1","floor":36},{"not_picked":["ats:Explosion Area Strengthen","ats:Healing Strengthening+1"],"picked":"ats:Cat Scratch+1","floor":38},{"not_picked":["ats:Very Hot Blade","ats:Spore Proliferation+1"],"picked":"ats:Charging Defense+1","floor":39}],"player_experience":255192,"relics_obtained":[{"floor":6,"key":"ats:Originium"},{"floor":6,"key":"Bromod:ArcanePistoleer"},{"floor":8,"key":"ats:Originium"},{"floor":8,"key":"Dota2Spire:MagicBottle"},{"floor":11,"key":"ats:Originium"},{"floor":11,"key":"Dota2Spire:LotusOrb"},{"floor":14,"key":"ats:Originium"},{"floor":14,"key":"theSenshi:SailorFukuRelic"},{"floor":26,"key":"hubris:ToyBattleship"},{"floor":29,"key":"ats:Ability Aura"},{"floor":31,"key":"DemoMod:WhiteGuonStone"}],"event_choices":[{"damage_healed":0,"gold_gain":0,"player_choice":"Take Wound","damage_taken":0,"relics_obtained":["Golden Idol"],"max_hp_gain":0,"max_hp_loss":0,"event_name":"Golden Idol","floor":5,"gold_loss":0,"cards_obtained":["Injury"]},{"cards_removed":["Injury"],"damage_healed":0,"gold_gain":0,"player_choice":"Card Removal","damage_taken":0,"max_hp_gain":0,"max_hp_loss":0,"event_name":"Wheel of Change","floor":19,"gold_loss":0},{"damage_healed":0,"gold_gain":0,"player_choice":"Trade","damage_taken":0,"relics_obtained":["FaceOfCleric"],"max_hp_gain":0,"max_hp_loss":0,"event_name":"FaceTrader","floor":20,"gold_loss":0},{"cards_removed":["theWildCard:Scathach"],"damage_healed":0,"gold_gain":0,"player_choice":"Take \u0026 Give","damage_taken":0,"max_hp_gain":0,"max_hp_loss":0,"event_name":"betterNote:BetterNote","floor":27,"gold_loss":0,"cards_obtained":["rmod:openingtorpedo"]}],"is_beta":false,"boss_relics":[{"not_picked":["ChewingGum","beaked:MawFillet"],"picked":"reliquary:RedPaperclip"},{"not_picked":["reliquary:KinkedSpring","Bromod:ArcaneBarrier"],"picked":"Black Star"}],"items_purged_floors":[],"is_endless":false,"potions_floor_spawned":[2,6,11,14,16,18,23,31,35],"killed_by":"Nightmare","ascension_level":0}}