{"host":"a57oumegxze0vmhs","time":1614086033,"event":{"mods":["AchievementEnabler","BaseMod","Colored Powertips","Minty Spire (QoL Compilation)","Relic Stats"],"gold_per_floor":[17,30,44,219,219,219,231,231,254,2,29,44,44,62,62,136,136,151,151,163,88,98,98,131,131,177,177,177],"floor_reached":27,"language":"ENG","playtime":1230,"items_purged":["Doubt","Strike_G"],"score":384,"play_id":"ea4841a6-1edc-4601-a100-7e0ec668013a","local_time":"20210223151353","is_ascension_mode":true,"campfire_choices":[{"data":"1","floor":6,"key":"LIFT"},{"data":"2","floor":8,"key":"LIFT"},{"floor":15,"key":"REST"},{"floor":23,"key":"REST"},{"floor":25,"key":"REST"}],"circlet_count":0,"master_deck":["AscendersBane","Strike_G","Strike_G","Strike_G","Defend_G","Defend_G","Defend_G","Defend_G","Defend_G","Survivor","Neutralize","Sucker Punch","Blade Dance","Footwork","Infinite Blades","Envenom","Blade Dance","Caltrops","Dagger Spray","Deadly Poison","Bullet Time","Dodge and Roll","Riddle With Holes+1","Bane"],"relics":["Ring of the Serpent","Girya","Dream Catcher","Snake Skull","Smiling Mask","Darkstone Periapt","Centennial Puzzle"],"acts_visited":["Exordium","TheCity"],"potions_floor_usage":[22,24,27],"damage_taken":[{"damage":0,"enemies":"Cultist","floor":1,"turns":4},{"damage":4,"enemies":"Jaw Worm","floor":2,"turns":5},{"damage":2,"enemies":"Small Slimes","floor":3,"turns":4},{"damage":25,"enemies":"Exordium Wildlife","floor":7,"turns":6},{"damage":14,"enemies":"Gremlin Nob","floor":11,"turns":4},{"damage":2,"enemies":"Red Slaver","floor":12,"turns":4},{"damage":1,"enemies":"Looter","floor":14,"turns":3},{"damage":21,"enemies":"Hexaghost","floor":16,"turns":6},{"damage":6,"enemies":"Shell Parasite","floor":18,"turns":4},{"damage":12,"enemies":"Chosen","floor":20,"turns":4},{"damage":37,"enemies":"Centurion and Healer","floor":22,"turns":5},{"damage":21,"enemies":"Gremlin Leader","floor":24,"turns":6},{"damage":29,"enemies":"Snake Plant","floor":27,"turns":2}],"seed_played":"-759036327433826044","potions_obtained":[{"floor":3,"key":"Swift Potion"},{"floor":7,"key":"LiquidMemories"},{"floor":24,"key":"FearPotion"}],"is_trial":false,"path_per_floor":["M","M","M","?","?","R","M","R","T","$","E","M","?","M","R","B",null,"M","?","M","$","M","R","E","R","T","M"],"character_chosen":"THE_SILENT","items_purchased":["Snake Skull","Infinite Blades","Dodge and Roll"],"campfire_rested":3,"item_purchase_floors":[10,10,21],"current_hp_per_floor":[63,59,57,57,70,70,45,45,45,45,31,29,29,28,49,28,60,54,54,42,42,5,26,5,26,26,0,0],"gold":177,"neow_bonus":"ONE_RARE_RELIC","is_daily":false,"chose_seed":false,"campfire_upgraded":0,"win_rate":0.0,"timestamp":1614086033,"path_taken":["M","?","M","?","?","R","M","R","T","?","E","?","?","M","R","BOSS","M","?","M","$","M","R","E","R","T","M"],"items_purchased_type":["Relic","Card","Card"],"build_version":"2020-12-22","purchased_purges":2,"victory":false,"max_hp_per_floor":[70,70,70,70,70,70,70,70,70,70,70,70,70,70,70,70,70,70,70,70,70,70,70,70,70,70,70,70],"relic_stats":{"Darkstone Periapt":0,"Dream Catcher":3,"Centennial Puzzle":[3],"counters":[13,57],"Snake Skull":[56],"Smiling Mask":50,"obtain_stats":[{"Darkstone Periapt":24,"Girya":0,"Dream Catcher":9,"Centennial Puzzle":26,"Snake Skull":10,"Smiling Mask":11,"Ring of the Serpent":17,"Ring of the Snake":0},{"Darkstone Periapt":12,"Girya":0,"Dream Catcher":4,"Centennial Puzzle":12,"Snake Skull":4,"Smiling Mask":5,"Ring of the Serpent":8,"Ring of the Snake":0},{"Darkstone Periapt":55,"Girya":0,"Dream Catcher":19,"Centennial Puzzle":55,"Snake Skull":19,"Smiling Mask":23,"Ring of the Serpent":36,"Ring of the Snake":0}]},"card_choices":[{"not_picked":["Catalyst","Distraction"],"picked":"Sucker Punch","floor":1},{"not_picked":["Quick Slash","Flying Knee"],"picked":"Blade Dance","floor":2},{"not_picked":["Outmaneuver","Acrobatics","Underhanded Strike"],"picked":"SKIP","floor":3},{"not_picked":["Calculated Gamble","Acrobatics"],"picked":"Footwork","floor":7},{"not_picked":["Noxious Fumes","Deadly Poison"],"picked":"Envenom","floor":11},{"not_picked":["Deflect","Dodge and Roll"],"picked":"Blade Dance","floor":12},{"not_picked":["Prepared","Flying Knee"],"picked":"Dagger Spray","floor":14},{"not_picked":["Concentrate","All Out Attack"],"picked":"Deadly Poison","floor":15},{"not_picked":["Glass Knife","Burst"],"picked":"Bullet Time","floor":16},{"not_picked":["Deflect","Calculated Gamble","Endless Agony"],"picked":"SKIP","floor":18},{"not_picked":["Deflect","Flechettes","Outmaneuver"],"picked":"SKIP","floor":20},{"not_picked":["Deadly Poison+1","Skewer"],"picked":"Riddle With Holes+1","floor":22},{"not_picked":["Dodge and Roll","PiercingWail","Setup"],"picked":"SKIP","floor":24},{"not_picked":["Skewer","Dodge and Roll"],"picked":"Bane","floor":25}],"player_experience":459517,"relics_obtained":[{"floor":9,"key":"Dream Catcher"},{"floor":11,"key":"Smiling Mask"},{"floor":24,"key":"Darkstone Periapt"},{"floor":26,"key":"Centennial Puzzle"}],"event_choices":[{"damage_healed":0,"gold_gain":175,"player_choice":"AGREE","damage_taken":0,"max_hp_gain":0,"max_hp_loss":0,"event_name":"Liars Game","floor":4,"gold_loss":0,"cards_obtained":["Doubt"]},{"damage_healed":23,"gold_gain":0,"player_choice":"Banana","damage_taken":0,"max_hp_gain":0,"max_hp_loss":0,"event_name":"Big Fish","floor":5,"gold_loss":0},{"damage_healed":0,"gold_gain":0,"cards_transformed":["Strike_G"],"player_choice":"Transformed","damage_taken":0,"max_hp_gain":0,"max_hp_loss":0,"event_name":"Transmorgrifier","floor":13,"gold_loss":0,"cards_obtained":["Caltrops"]},{"damage_healed":0,"gold_gain":0,"player_choice":"Ignored","damage_taken":0,"max_hp_gain":0,"max_hp_loss":0,"event_name":"Ghosts","floor":19,"gold_loss":0}],"is_beta":false,"boss_relics":[{"not_picked":["HoveringKite","Cursed Key"],"picked":"Ring of the Serpent"}],"items_purged_floors":[10,21],"is_endless":false,"potions_floor_spawned":[3,7,14,20,24],"killed_by":"Snake Plant","ascension_level":13}}