{"host":"8d3fefv2347kqkpz","time":1614051678,"event":{"mods":["AchievementEnabler","BaseMod","Better Vampires","BetterRewards","Colored Map","Colored Powertips","Downfall","Emptier Cage","Highlight Path","Marked Mod","Minty Spire (QoL Compilation)","Permanent Neow","Quick Restart","Rare Cards Sparkle","Relic Stats","Say the Spire","Spicy Shops","StSLib","Waifu the Spire"],"gold_per_floor":[109,121,196,196,215,250,250,277,277,277,277,303,9,9,9,108,108,94,94,94,94],"floor_reached":20,"language":"ZHS","playtime":565,"items_purged":["Strike_B","Defend_B"],"score":188,"play_id":"8466a95f-da58-4ba8-9cf9-62115aa25601","local_time":"20210223114118","is_ascension_mode":false,"campfire_choices":[{"data":"Recycle","floor":7.0,"key":"SMITH"},{"floor":10.0,"key":"REST"},{"floor":15.0,"key":"REST"}],"circlet_count":0,"master_deck":["Strike_B","Strike_B","Defend_B","Defend_B","Defend_B","Zap","Dualcast","Skim","Cold Snap","Recycle+1","Glacier","Streamline","Self Repair","Capacitor","Defragment","Meteor Strike","Go for the Eyes+1"],"relics":["Cracked Core","Pantograph","Letter Opener","The Courier","Smiling Mask","Membership Card","Runic Dome"],"acts_visited":["Exordium","TheCity"],"potions_floor_usage":[],"damage_taken":[{"damage":1.0,"enemies":"Cultist","floor":1.0,"turns":3.0},{"damage":2.0,"enemies":"Small Slimes","floor":2.0,"turns":3.0},{"damage":1.0,"enemies":"Jaw Worm","floor":5.0,"turns":3.0},{"damage":20.0,"enemies":"Gremlin Nob","floor":6.0,"turns":5.0},{"damage":18.0,"enemies":"Lagavulin","floor":8.0,"turns":9.0},{"damage":40.0,"enemies":"Gremlin Nob","floor":12.0,"turns":5.0},{"damage":29,"enemies":"The Guardian","floor":16,"turns":12},{"damage":25,"enemies":"2 Thieves","floor":18,"turns":4},{"damage":11,"enemies":"Spheric Guardian","floor":20,"turns":4}],"seed_played":"4608163655745181728","potions_obtained":[{"floor":1.0,"key":"SmokeBomb"},{"floor":5.0,"key":"Fire Potion"},{"floor":16,"key":"AttackPotion"}],"is_trial":false,"path_per_floor":["M","M","?","?","M","E","R","E","T","R","T","E","$","?","R","B",null,"M","?","M"],"character_chosen":"DEFECT","items_purchased":["Membership Card","Self Repair","Capacitor","Defragment"],"campfire_rested":2,"item_purchase_floors":[13,13,13,13],"current_hp_per_floor":[74,72,61,61,60,40,40,22,22,44,44,4,4,4,26,29,75,57,57,46,46],"gold":94,"neow_bonus":"REMOVE_CARD","is_daily":false,"chose_seed":false,"campfire_upgraded":1,"win_rate":0.0,"timestamp":1614051678,"path_taken":["M","M","?","?","M","E","R","E","T","R","?","E","$","?","R","BOSS","M","?","M"],"items_purchased_type":["Relic","Card","Card","Card"],"build_version":"2020-12-22","purchased_purges":2,"victory":false,"max_hp_per_floor":[75,75,75,75,75,75,75,75,75,75,75,75,75,75,75,75,75,75,75,75,75],"relic_stats":{"counters":[9,47],"Pantograph":25,"Letter Opener":[37],"Smiling Mask":-30,"obtain_stats":[{"Runic Dome":17,"Pantograph":6,"The Courier":11,"Letter Opener":8,"Membership Card":13,"Cracked Core":0,"Smiling Mask":12},{"Runic Dome":7,"Pantograph":4,"The Courier":5,"Letter Opener":5,"Membership Card":6,"Cracked Core":0,"Smiling Mask":6},{"Runic Dome":40,"Pantograph":14,"The Courier":23,"Letter Opener":23,"Membership Card":28,"Cracked Core":0,"Smiling Mask":28}]},"card_choices":[{"not_picked":["Aggregate","Gash"],"picked":"Skim","floor":1.0},{"not_picked":["Redo","Static Discharge"],"picked":"Cold Snap","floor":2.0},{"not_picked":["Barrage","Conserve Battery"],"picked":"Recycle","floor":5.0},{"not_picked":["White Noise","Steam Power"],"picked":"Glacier","floor":6.0},{"not_picked":["Double Energy","Thunder Strike"],"picked":"Streamline","floor":8.0},{"not_picked":["Barrage","Cold Snap","Streamline"],"picked":"SKIP","floor":12.0},{"not_picked":["Hyperbeam","Reboot"],"picked":"Meteor Strike","floor":16},{"not_picked":["Rebound","Chaos"],"picked":"Go for the Eyes+1","floor":18}],"player_experience":513008,"relics_obtained":[{"floor":6.0,"key":"Pantograph"},{"floor":8.0,"key":"Letter Opener"},{"floor":11.0,"key":"The Courier"},{"floor":12.0,"key":"Smiling Mask"}],"event_choices":[{"damage_healed":0.0,"max_hp_gain":0.0,"max_hp_loss":0.0,"gold_gain":75.0,"event_name":"World of Goop","player_choice":"Gather Gold","floor":3.0,"gold_loss":0.0,"damage_taken":11.0},{"damage_healed":0.0,"max_hp_gain":0.0,"max_hp_loss":0.0,"gold_gain":0.0,"event_name":"Shining Light","player_choice":"Ignored","floor":4.0,"gold_loss":0.0,"damage_taken":0.0},{"damage_healed":0.0,"max_hp_gain":0.0,"max_hp_loss":0.0,"gold_gain":0.0,"event_name":"Scrap Ooze","player_choice":"Fled","floor":14.0,"gold_loss":0.0,"damage_taken":0.0},{"damage_healed":0,"gold_gain":0,"player_choice":"Ignored","damage_taken":0,"max_hp_gain":0,"max_hp_loss":0,"event_name":"The Mausoleum","floor":19,"gold_loss":0}],"is_beta":false,"boss_relics":[{"not_picked":["Astrolabe","Calling Bell"],"picked":"Runic Dome"}],"items_purged_floors":[13,13],"is_endless":false,"potions_floor_spawned":[1,5,16],"killed_by":"Spheric Guardian","ascension_level":0}}