{"host":"6dypmz777xraikqf","time":1614074721,"event":{"mods":["AchievementEnabler","BaseMod","BetterRewards","Colored Map","Colored Powertips","Downfall","Highlight Path","Hubris","Infinite Spire","Minty Spire (QoL Compilation)","Replay The Spire","StSLib"],"gold_per_floor":[369,369,382,401,416,451,85,85,85,101,129,140,140,154,154,251,351,365,365,365,365,365,393,393,393,393],"floor_reached":25,"language":"ENG","playtime":1218,"items_purged":["Strike_B"],"score":289,"play_id":"adf6798c-93ef-4388-80a3-6742048859e6","local_time":"20210223100521","is_ascension_mode":true,"campfire_choices":[{"floor":8,"key":"REST"},{"floor":15,"key":"REST"},{"floor":24,"key":"REST"}],"circlet_count":0,"master_deck":["Strike_B","Strike_B","Strike_B","Defend_B","Defend_B","Defend_B+1","Defend_B","Zap","Dualcast","Rebound+1","Leap","Streamline","BasicCrystalCard","Undo","ReplayTheSpireMod:Brewmster","Cold Snap","Genetic Algorithm","Compile Driver","Compile Driver","Ball Lightning","Multi-Cast","Stack","Sweeping Beam+1"],"relics":["Cracked Core","Replay:Bottled Flurry","infinitespire:EmpoweringShard","hubris:BottledRain","Replay:Wanted Poster","Blue Candle","infinitespire:CheckeredPen"],"acts_visited":["Exordium","TheCity"],"potions_floor_usage":[6,10,11,12,12,14,14,14,16,16,16,16,18,18,18,23,23,23,23],"damage_taken":[{"damage":3,"enemies":"2 Louse","floor":1,"turns":4},{"damage":9,"enemies":"infinitespire:Voidling","floor":3,"turns":4},{"damage":0,"enemies":"Cultist","floor":4,"turns":4},{"damage":8,"enemies":"Looter","floor":5,"turns":3},{"damage":35,"enemies":"3 Sentries","floor":6,"turns":7},{"damage":6,"enemies":"2 Fungi Beasts","floor":10,"turns":2},{"damage":2,"enemies":"Replay:BlueRogue","floor":11,"turns":6},{"damage":2,"enemies":"Large Slime","floor":12,"turns":4},{"damage":15,"enemies":"Exordium Wildlife","floor":14,"turns":5},{"damage":22,"enemies":"Fading Forest","floor":16,"turns":11},{"damage":25,"enemies":"3 Byrds","floor":18,"turns":8},{"damage":30,"enemies":"Gremlin Leader","floor":23,"turns":7},{"damage":35,"enemies":"Slavers","floor":25,"turns":4}],"seed_played":"5323179936553816210","potions_obtained":[{"floor":1,"key":"Swift Potion"},{"floor":10,"key":"Flashbang"}],"is_trial":false,"path_per_floor":["M","?","M","M","M","E","$","R","T","M","E","M","?","M","R","B",null,"M","?","?","?","?","E","R","E"],"character_chosen":"DEFECT","items_purchased":["ReplayTheSpireMod:Brewmster","PowerPotion","Cold Snap"],"campfire_rested":3,"item_purchase_floors":[7,7,7],"current_hp_per_floor":[72,72,63,63,55,20,20,42,42,36,34,32,17,2,24,10,59,34,20,20,15,41,11,35,0,0],"gold":393,"neow_bonus":"TWO_FIFTY_GOLD","is_daily":false,"chose_seed":false,"campfire_upgraded":0,"win_rate":0.0,"timestamp":1614074721,"path_taken":["M","?","?","M","M","E","$","R","T","M","E","M","?","M","R","BOSS","M","?","?","?","?","E","R","E"],"items_purchased_type":["Card","Potion","Card"],"build_version":"2020-12-22","purchased_purges":1,"victory":false,"max_hp_per_floor":[75,75,75,75,75,75,75,75,75,75,75,75,75,75,75,75,75,75,80,80,80,80,80,80,80,80],"card_choices":[{"not_picked":["Hologram","Leap"],"picked":"Rebound","floor":1},{"not_picked":["Streamline","Turbo"],"picked":"Leap","floor":3},{"not_picked":["Hologram","Panic Button"],"picked":"Streamline","floor":4},{"not_picked":["Panic Button","Go for the Eyes"],"picked":"BasicCrystalCard","floor":5},{"not_picked":["Conserve Battery","Recycle"],"picked":"Undo","floor":6},{"not_picked":["Coolheaded","Sweeping Beam"],"picked":"Genetic Algorithm","floor":10},{"not_picked":["Streamline","ReplayTheSpireMod:GoodbyeWorld"],"picked":"Compile Driver","floor":11},{"not_picked":["ReplayTheSpireMod:Repulse","hubris:Prefetch"],"picked":"Compile Driver","floor":12},{"not_picked":["Crystallizer","Streamline"],"picked":"Ball Lightning","floor":14},{"not_picked":["hubris:DoWhile","Meteor Strike"],"picked":"Multi-Cast","floor":16},{"not_picked":["Hologram","Heatsinks"],"picked":"Stack","floor":18},{"not_picked":["Beam Cell+1","Redo+1"],"picked":"Sweeping Beam+1","floor":23}],"player_experience":275361,"relics_obtained":[{"floor":6,"key":"Replay:Bottled Flurry"},{"floor":9,"key":"infinitespire:EmpoweringShard"},{"floor":11,"key":"hubris:BottledRain"},{"floor":23,"key":"infinitespire:CheckeredPen"}],"event_choices":[{"cards_removed":["Languid"],"damage_healed":0,"gold_gain":0,"player_choice":"Removed Curses","damage_taken":0,"max_hp_gain":0,"max_hp_loss":0,"event_name":"Fountain of Cleansing","floor":2,"gold_loss":0},{"damage_healed":0,"gold_gain":0,"player_choice":"Entered Light","damage_taken":15,"max_hp_gain":0,"max_hp_loss":0,"event_name":"Shining Light","floor":13,"gold_loss":0,"cards_upgraded":["Defend_B","Rebound"]},{"damage_healed":0,"gold_gain":0,"player_choice":"Shed Blood","damage_taken":19,"max_hp_gain":5,"max_hp_loss":0,"event_name":"Forgotten Altar","floor":19,"gold_loss":0},{"damage_healed":26,"gold_gain":0,"player_choice":"Heal","damage_taken":0,"max_hp_gain":0,"max_hp_loss":0,"event_name":"The Library","floor":22,"gold_loss":0}],"is_beta":false,"boss_relics":[{"not_picked":["ChewingGum","Kintsugi"],"picked":"Replay:Wanted Poster"}],"items_purged_floors":[7],"is_endless":false,"potions_floor_spawned":[1,10,16],"killed_by":"Slavers","ascension_level":5}}