{"host":"yhhyog5h1q67ienp","time":1614039895,"event":{"mods":["AchievementEnabler","BaseMod","Block Reminder","Colored Map","Colored Powertips","Minty Spire (QoL Compilation)","Quick Restart","Relic Stats","StSLib","ojb\u0027s Better Paths Mod","ojb\u0027s Info Mod"],"gold_per_floor":[115,115,115,132,57,90,102,140,175,221,233,264,3,22,22,22,22],"floor_reached":16,"language":"ENG","playtime":1209,"items_purged":["Strike_B"],"score":286,"play_id":"5e820c83-9390-425c-b694-4fe4b9dd0fbd","local_time":"20210222212455","is_ascension_mode":true,"campfire_choices":[{"data":"Static Discharge","floor":7,"key":"SMITH"},{"data":"Fission","floor":15,"key":"SMITH"}],"circlet_count":0,"master_deck":["AscendersBane","Strike_B","Strike_B","Defend_B","Defend_B","Defend_B+1","Defend_B+1","Zap","Dualcast","Capacitor","Static Discharge+1","Coolheaded","Cold Snap","Loop","Fission+1","Capacitor","Turbo","Cold Snap"],"relics":["Cracked Core","NeowsBlessing","MawBank","Regal Pillow","Toy Ornithopter","Nunchaku"],"acts_visited":["Exordium"],"potions_floor_usage":[10,10,16],"damage_taken":[{"damage":0,"enemies":"2 Louse","floor":1,"turns":1},{"damage":0,"enemies":"Small Slimes","floor":4,"turns":1},{"damage":0,"enemies":"3 Sentries","floor":6,"turns":2},{"damage":11,"enemies":"Lagavulin","floor":8,"turns":7},{"damage":16,"enemies":"3 Sentries","floor":10,"turns":6},{"damage":5,"enemies":"Jaw Worm","floor":12,"turns":4},{"damage":3,"enemies":"Blue Slaver","floor":14,"turns":6},{"damage":31,"enemies":"Slime Boss","floor":16,"turns":9}],"seed_played":"1857866972423512290","potions_obtained":[{"floor":1,"key":"Strength Potion"},{"floor":4,"key":"Fire Potion"},{"floor":14,"key":"Weak Potion"}],"is_trial":false,"path_per_floor":["M","?","?","M","?","E","R","E","T","E","$","M","$","M","R","B"],"character_chosen":"DEFECT","items_purchased":["Capacitor","Turbo","Cold Snap"],"campfire_rested":0,"item_purchase_floors":[13,13,13],"current_hp_per_floor":[64,43,48,48,48,48,48,37,37,31,31,26,26,23,23,0,0],"gold":22,"neow_bonus":"THREE_ENEMY_KILL","is_daily":false,"chose_seed":false,"campfire_upgraded":2,"win_rate":0.0,"timestamp":1614039895,"path_taken":["M","?","?","M","?","E","R","E","T","E","?","M","$","M","R","BOSS"],"items_purchased_type":["Card","Card","Card"],"build_version":"2020-12-22","purchased_purges":1,"victory":false,"max_hp_per_floor":[71,71,76,76,76,76,76,76,76,76,76,76,76,76,76,76,76],"relic_stats":{"Regal Pillow":0,"Nunchaku":[2],"counters":[8,36],"MawBank":84,"obtain_stats":[{"Regal Pillow":8,"Nunchaku":10,"NeowsBlessing":0,"Cracked Core":0,"MawBank":6,"Toy Ornithopter":9},{"Regal Pillow":4,"Nunchaku":5,"NeowsBlessing":0,"Cracked Core":0,"MawBank":3,"Toy Ornithopter":4},{"Regal Pillow":11,"Nunchaku":17,"NeowsBlessing":0,"Cracked Core":0,"MawBank":4,"Toy Ornithopter":11}],"Toy Ornithopter":15},"card_choices":[{"not_picked":["Go for the Eyes","Static Discharge"],"picked":"Capacitor","floor":1},{"not_picked":["Force Field","Hologram"],"picked":"Static Discharge","floor":4},{"not_picked":["Steam","Heatsinks"],"picked":"Coolheaded","floor":6},{"not_picked":["Sweeping Beam","Reinforced Body"],"picked":"Cold Snap","floor":8},{"not_picked":["Stack","Coolheaded"],"picked":"Loop","floor":10},{"not_picked":["Fusion","Auto Shields"],"picked":"Fission","floor":12},{"not_picked":["Fusion","Stack","Turbo"],"picked":"SKIP","floor":14}],"player_experience":1526725,"relics_obtained":[{"floor":6,"key":"MawBank"},{"floor":8,"key":"Regal Pillow"},{"floor":9,"key":"Toy Ornithopter"},{"floor":10,"key":"Nunchaku"}],"event_choices":[{"damage_healed":0,"gold_gain":0,"player_choice":"Entered Light","damage_taken":21,"max_hp_gain":0,"max_hp_loss":0,"event_name":"Shining Light","floor":2,"gold_loss":0,"cards_upgraded":["Defend_B","Defend_B"]},{"damage_healed":0,"gold_gain":0,"player_choice":"Donut","damage_taken":0,"max_hp_gain":5,"max_hp_loss":0,"event_name":"Big Fish","floor":3,"gold_loss":0},{"cards_removed":["Strike_B"],"damage_healed":0,"gold_gain":0,"player_choice":"Card Removal","damage_taken":0,"max_hp_gain":0,"max_hp_loss":0,"event_name":"The Cleric","floor":5,"gold_loss":75}],"is_beta":false,"boss_relics":[],"items_purged_floors":[13],"is_endless":false,"potions_floor_spawned":[1,4,8,14],"killed_by":"Slime Boss","ascension_level":20}}