{"host":"w05x4i13f2m9joq1","time":1614052099,"event":{"mods":["100% Spire Juice","Act Like it!","BaseMod","Better Altar","Better Match","Better Note","Better Sensory Stone","Better Skull","Better Third Choice","BetterRewards","CapriCore","Colored Map","Colored Powertips","Defective Defect","Duelist Mod","Gensokyo","GifTheSpireLib","Googly Eyes","Infinite Spire","Ironclad Rager","Lobotomy","LobotomyExtend","Marisa????????","Melee Mod","Minty Spire (QoL Compilation)","Morshu Shopkeeper - ENHANCED","MostiFishMod","Quick Restart","Rare Cards Sparkle","Reliquary","Replay The Spire","Ruina","Shop Mod","Spicy Shops","Spire Birthday Party","StSLib","The Animator","The IronCluck","Uncapped","everything is the same but u backflip on backflip","slay the spire mod where everything is the same but ironclad has a cowboy hat"],"gold_per_floor":[111,111,111,124,143,173,198,198,198,6,0,34,34,52,52,126,6,6],"floor_reached":17,"language":"ENG","playtime":563,"items_purged":[],"score":273,"play_id":"af400596-4335-49c0-973c-f84d3a516d5c","local_time":"20210222224819","is_ascension_mode":false,"campfire_choices":[{"floor":8,"key":"REST"},{"floor":13,"key":"REST"},{"floor":15,"key":"REST"}],"circlet_count":0,"master_deck":["Moonworks:Strike","Moonworks:Strike","Moonworks:Strike","Moonworks:Strike","Moonworks:Defend","Moonworks:Defend","Moonworks:Defend","Moonworks:Defend","Moonworks:Ambush+1","Moonworks:LongDistanceShot+1","Moonworks:Dash","Moonworks:Dash","Moonworks:IndiscriminateFireSupport","Moonworks:x16BigRocket+1","Moonworks:IndiscriminateFireSupport","MostiFishMod:StoryBook","Enlightenment","Moonworks:SelfDestruct","Moonworks:BindingChains","Moonworks:HolyNight+1"],"relics":["Moonworks:BrokenBomb","Moonworks:Homemark","DaveBox","reliquary:Stiletto","WingedGreaves","Frozen Egg 2","Chemical X","SynthV:TestCard","LetterFromLob","Gremlin Food","Pondfish Scales","infinitespire:PuzzleCube","Eternal Feather","Replay:Bottled Flurry","infinitespire:Cupcake"],"acts_visited":["Exordium","Exordium"],"potions_floor_usage":[6,6],"damage_taken":[{"damage":6,"enemies":"Jaw Worm","floor":1,"turns":3},{"damage":2,"enemies":"2 Louse","floor":4,"turns":3},{"damage":1,"enemies":"Cultist","floor":5,"turns":4},{"damage":0,"enemies":"Gremlin Nob","floor":6,"turns":3},{"damage":13,"enemies":"Replay:BlueRogue","floor":7,"turns":5},{"damage":0,"enemies":"3 Sentries","floor":12,"turns":2},{"damage":39,"enemies":"Exordium Thugs","floor":14,"turns":3},{"damage":8,"enemies":"Slime Boss","floor":16,"turns":5}],"seed_played":"6979984689605679769","potions_obtained":[{"floor":4,"key":"Explosive Potion"},{"floor":5,"key":"Reflective Coating"},{"floor":12,"key":"PowerPotion"},{"floor":16,"key":"Explosive Potion"}],"is_trial":false,"path_per_floor":["M","?","?","M","M","E","E","R","T","$","?","E","R","M","R","B",null],"character_chosen":"THE_STARBREAKER","items_purchased":["reliquary:Stiletto","WingedGreaves","Frozen Egg 2","Chemical X","MostiFishMod:StoryBook"],"campfire_rested":3,"item_purchase_floors":[0,0,0,0,10],"current_hp_per_floor":[27,27,24,22,21,21,8,26,26,26,32,32,60,21,49,41,66,66],"gold":6,"neow_bonus":"","is_daily":false,"chose_seed":false,"campfire_upgraded":0,"win_rate":0.0,"timestamp":1614052099,"path_taken":["M","?","?","M","M","E","E","R","T","$","?","E","R","M","R","BOSS"],"items_purchased_type":["Relic","Relic","Relic","Relic","Card"],"build_version":"2020-12-22","purchased_purges":0,"victory":false,"max_hp_per_floor":[60,60,60,60,60,60,60,60,60,60,66,66,66,66,66,66,66,66],"card_choices":[{"not_picked":["Moonworks:JonathanRush","Moonworks:ImOnFire"],"picked":"Moonworks:Dash","floor":1},{"not_picked":["Moonworks:ExtendedPhotonRifle","Moonworks:CompletionReward","Moonworks:DeployBits","Moonworks:LulusLuckyEgg"],"picked":"Moonworks:Dash","floor":4},{"not_picked":["Moonworks:ImOnFire","Moonworks:NicePresent","Moonworks:CastOff","Moonworks:DeployBits"],"picked":"Moonworks:IndiscriminateFireSupport","floor":5},{"not_picked":["Moonworks:CompletionReward","Moonworks:DeployBits","Moonworks:ExtendedPhotonRifle","Moonworks:ImOnFire"],"picked":"Moonworks:x16BigRocket","floor":6},{"not_picked":["Moonworks:AwakeningOfTalent","Moonworks:RedAndBlue","Moonworks:CookingTime","Moonworks:x16BigRocket"],"picked":"Moonworks:IndiscriminateFireSupport","floor":7},{"not_picked":["Moonworks:WeAreWaruda","Moonworks:IndiscriminateFireSupport","Moonworks:BigMagnum","Moonworks:Poppoformation"],"picked":"Moonworks:SelfDestruct","floor":12},{"not_picked":["Moonworks:CloudOfSeagulls","Moonworks:ImmovableObject","Moonworks:CompletionReward","Moonworks:Assault"],"picked":"Moonworks:BindingChains","floor":14},{"not_picked":["Moonworks:ReflectiveShell+1","Moonworks:StarBlastingFuse","Moonworks:GoAway","Moonworks:OutOfAmmo+1"],"picked":"Moonworks:HolyNight+1","floor":16}],"player_experience":211413,"relics_obtained":[{"floor":1,"key":"SynthV:TestCard"},{"floor":1,"key":"LetterFromLob"},{"floor":6,"key":"Pondfish Scales"},{"floor":7,"key":"infinitespire:PuzzleCube"},{"floor":9,"key":"Eternal Feather"},{"floor":12,"key":"Replay:Bottled Flurry"}],"event_choices":[{"damage_healed":0,"gold_gain":0,"player_choice":"Relic ","damage_taken":3,"max_hp_gain":0,"max_hp_loss":0,"event_name":"betterThird:BetterScrap","floor":3,"gold_loss":0,"cards_obtained":["MostiFishMod:StarLaLaLa"]},{"damage_healed":0,"gold_gain":0,"player_choice":"RENOUNCE","damage_taken":6,"max_hp_gain":0,"max_hp_loss":0,"event_name":"betterThird:BetterSerpent","floor":11,"gold_loss":6,"cards_obtained":["Enlightenment"]}],"is_beta":false,"boss_relics":[{"not_picked":["reliquary:RedCape","reliquary:WritOfMandamus"],"picked":"infinitespire:Cupcake"}],"items_purged_floors":[],"is_endless":false,"potions_floor_spawned":[4,5,12,16],"ascension_level":0}}