{"host":"dth8fvkfiulu86fi","time":1614073537,"event":{"mods":["2.2 Compatiblity","AchievementEnabler","BaseMod","Better Third Choice","Colored Map","Colored Powertips","Minty Spire (QoL Compilation)","Rare Cards Sparkle","StSLib","SuperFastMode","Synergy Search"],"gold_per_floor":[144,189,169,19,73,172,134,146,158,269,31,106,91,151,151,460,487,541,550,100,10,64,163,163,262,262,546,378,477,522,612,612,912,912,966,1416,1416,1416,1276,1375,1474,1483,1508,1553,1598,1598,1025,1124,1133,1133],"floor_reached":51,"language":"ENG","playtime":1839,"items_purged":["Regret"],"score":1188,"play_id":"68048b47-ac82-4dc1-bfb2-4193ebc58a84","local_time":"20210223104537","daily_mods":["Draft","Flight","Midas"],"is_ascension_mode":false,"campfire_choices":[{"floor":15,"key":"REST"},{"floor":32,"key":"REST"},{"floor":42,"key":"REST"},{"floor":49,"key":"REST"}],"circlet_count":0,"master_deck":["Thunderclap","Battle Trance+1","Shrug It Off","Heavy Blade+1","Heavy Blade+1","Flex","Heavy Blade+1","Flex","Anger","Heavy Blade","Headbutt","Anger","Shrug It Off+1","Flex","Shrug It Off","Flame Barrier+1","Anger","Demon Form","Shrug It Off+1","Rampage+1","Thunderclap","Seeing Red","Power Through+1","Heavy Blade+1","Double Tap","Flex+1","Heavy Blade+1","Flex+1","Reckless Charge+1","Impervious+1","Bludgeon+1","Anger+1","Power Through+1","Offering+1","Anger+1","Shrug It Off+1","Infernal Blade+1","Panacea+1","Intimidate+1","Heavy Blade+1"],"relics":["Burning Blood","CeramicFish","MawBank","Centennial Puzzle","InkBottle","Paper Frog","Astrolabe","Vajra","Whetstone","Brimstone","Molten Egg 2","Calipers","Toxic Egg 2","Orrery","Akabeko","Bird Faced Urn","Black Star","Old Coin","Dream Catcher","War Paint","Singing Bowl","Red Skull","Anchor","Gremlin Horn","Lee\u0027s Waffle","Self Forming Clay","Ice Cream","Orichalcum"],"acts_visited":["Exordium","TheCity","TheBeyond"],"potions_floor_usage":[10,16,16,25,29,31,41,45,50,50,50],"damage_taken":[{"damage":11,"enemies":"Jaw Worm","floor":1,"turns":2},{"damage":0,"enemies":"Cultist","floor":2,"turns":2},{"damage":0,"enemies":"2 Louse","floor":5,"turns":1},{"damage":0,"enemies":"Gremlin Nob","floor":6,"turns":2},{"damage":13,"enemies":"3 Sentries","floor":10,"turns":3},{"damage":41,"enemies":"Hexaghost","floor":16,"turns":4},{"damage":12,"enemies":"Chosen","floor":18,"turns":4},{"damage":11,"enemies":"Shell Parasite","floor":22,"turns":2},{"damage":27,"enemies":"Gremlin Leader","floor":23,"turns":2},{"damage":19,"enemies":"Slavers","floor":25,"turns":3},{"damage":3,"enemies":"Book of Stabbing","floor":29,"turns":3},{"damage":13,"enemies":"Centurion and Healer","floor":30,"turns":2},{"damage":21,"enemies":"Slavers","floor":31,"turns":2},{"damage":12,"enemies":"Collector","floor":33,"turns":6},{"damage":0,"enemies":"Orb Walker","floor":35,"turns":2},{"damage":10,"enemies":"Mind Bloom Boss Battle","floor":36,"turns":4},{"damage":28,"enemies":"Reptomancer","floor":40,"turns":3},{"damage":11,"enemies":"Nemesis","floor":41,"turns":5},{"damage":6,"enemies":"3 Darklings","floor":44,"turns":1},{"damage":12,"enemies":"Writhing Mass","floor":45,"turns":2},{"damage":10,"enemies":"Giant Head","floor":48,"turns":4},{"damage":47,"enemies":"Awakened One","floor":50,"turns":6}],"seed_played":"-7386017133472573341","potions_obtained":[{"floor":1,"key":"DistilledChaos"},{"floor":2,"key":"Dexterity Potion"},{"floor":3,"key":"Dexterity Potion"},{"floor":10,"key":"Fruit Juice"},{"floor":16,"key":"Fire Potion"},{"floor":18,"key":"DuplicationPotion"},{"floor":30,"key":"AttackPotion"},{"floor":35,"key":"SteroidPotion"},{"floor":44,"key":"ColorlessPotion"},{"floor":45,"key":"Weak Potion"}],"is_trial":false,"path_per_floor":["M","M","?","$","M","E","?","?","T","E","$","?","$","?","R","B",null,"M","?","$","?","M","E","?","E","T","?","$","E","M","E","R","B",null,"M","?","?","?","$","E","E","R","T","M","M","T","$","E","R","B",null],"character_chosen":"IRONCLAD","items_purchased":["CeramicFish","Paper Frog","Anger","Vajra","Whetstone","Brimstone","Flex+1","Heavy Blade+1","Orrery","Offering+1","Lee\u0027s Waffle","BloodPotion","AttackPotion","Self Forming Clay","Panacea+1"],"campfire_rested":4,"item_purchase_floors":[4,11,13,20,20,20,28,28,28,39,47,47,47,47,47],"current_hp_per_floor":[75,80,80,80,80,80,80,80,80,78,78,67,67,67,85,50,85,79,79,79,79,74,53,53,40,40,40,40,43,36,21,46,42,85,85,81,81,85,85,63,58,83,83,85,81,81,96,92,96,74],"gold":1133,"neow_bonus":"","is_daily":true,"chose_seed":false,"campfire_upgraded":0,"win_rate":0.0,"timestamp":1614073537,"path_taken":["M","M","?","$","?","E","?","?","T","E","$","?","?","?","R","BOSS","M","?","$","?","?","E","?","E","T","?","$","E","?","E","R","BOSS","M","?","?","?","$","E","E","R","T","?","M","?","$","E","R","BOSS"],"items_purchased_type":["Relic","Relic","Card","Relic","Relic","Relic","Card","Card","Relic","Card","Relic","Potion","Potion","Relic","Card"],"build_version":"2020-12-22","purchased_purges":1,"victory":true,"max_hp_per_floor":[80,80,80,80,80,80,80,80,80,85,85,85,85,85,85,85,85,85,85,85,85,85,85,85,85,85,85,85,85,85,85,85,85,85,85,85,85,85,85,85,85,85,85,87,89,89,96,96,96,96],"card_choices":[{"not_picked":["Entrench","Spot Weakness"],"picked":"Thunderclap","floor":0},{"not_picked":["True Grit","Evolve"],"picked":"Battle Trance","floor":0},{"not_picked":["Body Slam","Armaments"],"picked":"Iron Wave","floor":0},{"not_picked":["Searing Blow","Flame Barrier"],"picked":"Shrug It Off","floor":0},{"not_picked":["Flex","Shockwave"],"picked":"Heavy Blade","floor":0},{"not_picked":["Clash","Wild Strike"],"picked":"Heavy Blade","floor":0},{"not_picked":["Infernal Blade","Thunderclap"],"picked":"Flex","floor":0},{"not_picked":["Iron Wave","Body Slam"],"picked":"Heavy Blade","floor":0},{"not_picked":["True Grit","Rampage"],"picked":"Pommel Strike","floor":0},{"not_picked":["Pummel","Headbutt"],"picked":"Reckless Charge","floor":0},{"not_picked":["Cleave","Body Slam"],"picked":"Flex","floor":0},{"not_picked":["Perfected Strike","Heavy Blade"],"picked":"Anger","floor":0},{"not_picked":["Iron Wave","Warcry"],"picked":"Heavy Blade","floor":0},{"not_picked":["Uppercut","Pommel Strike"],"picked":"Battle Trance","floor":0},{"not_picked":["True Grit","Perfected Strike"],"picked":"Headbutt","floor":0},{"not_picked":["Heavy Blade","Sword Boomerang"],"picked":"Anger","floor":1},{"not_picked":["Armaments","Entrench"],"picked":"Shrug It Off","floor":2},{"not_picked":["True Grit","Battle Trance"],"picked":"Flex","floor":5},{"not_picked":["Spot Weakness","Perfected Strike"],"picked":"Shrug It Off","floor":6},{"not_picked":["Intimidate","Evolve"],"picked":"Flame Barrier","floor":10},{"not_picked":["Exhume","Barricade"],"picked":"Demon Form","floor":16},{"not_picked":["Heavy Blade","Dropkick"],"picked":"Thunderclap","floor":18},{"not_picked":["Sword Boomerang","Whirlwind+1"],"picked":"Power Through+1","floor":22},{"not_picked":["Clothesline+1","Spot Weakness+1"],"picked":"Heavy Blade+1","floor":23},{"not_picked":["Headbutt+1","Fire Breathing"],"picked":"Double Tap","floor":25},{"not_picked":["Sword Boomerang+1","Sever Soul+1"],"picked":"Flex+1","floor":28},{"not_picked":["Entrench+1","Bloodletting+1"],"picked":"Reckless Charge+1","floor":28},{"not_picked":["Clothesline+1","Shrug It Off+1"],"picked":"Impervious+1","floor":28},{"not_picked":["Perfected Strike+1","Shrug It Off+1"],"picked":"Bludgeon+1","floor":28},{"not_picked":["Pommel Strike+1","Clash+1"],"picked":"Anger+1","floor":29},{"not_picked":["Havoc+1","True Grit+1","Body Slam+1"],"picked":"SKIP","floor":30},{"not_picked":["Pummel+1","Pommel Strike+1","Metallicize"],"picked":"SKIP","floor":31},{"not_picked":["Thunderclap+1","True Grit+1"],"picked":"Power Through+1","floor":35},{"not_picked":["Flame Barrier+1","Barricade"],"picked":"Anger+1","floor":40},{"not_picked":["Thunderclap+1","Blood for Blood+1"],"picked":"Shrug It Off+1","floor":41},{"not_picked":["Headbutt+1","Pommel Strike+1"],"picked":"Infernal Blade+1","floor":42},{"not_picked":["Iron Wave+1","Sword Boomerang+1","Hemokinesis+1"],"picked":"Singing Bowl","floor":44},{"not_picked":["Inflame","Sword Boomerang+1","Body Slam+1"],"picked":"Singing Bowl","floor":45},{"not_picked":["Iron Wave+1","Evolve+1"],"picked":"Intimidate+1","floor":48},{"not_picked":["Shrug It Off+1","Wild Strike+1"],"picked":"Heavy Blade+1","floor":49}],"player_experience":1191988,"relics_obtained":[{"floor":6,"key":"MawBank"},{"floor":9,"key":"Centennial Puzzle"},{"floor":10,"key":"InkBottle"},{"floor":23,"key":"Molten Egg 2"},{"floor":25,"key":"Calipers"},{"floor":26,"key":"Toxic Egg 2"},{"floor":29,"key":"Akabeko"},{"floor":31,"key":"Bird Faced Urn"},{"floor":36,"key":"Old Coin"},{"floor":40,"key":"Dream Catcher"},{"floor":40,"key":"War Paint"},{"floor":41,"key":"Singing Bowl"},{"floor":41,"key":"Red Skull"},{"floor":43,"key":"Anchor"},{"floor":46,"key":"Gremlin Horn"},{"floor":48,"key":"Ice Cream"},{"floor":48,"key":"Orichalcum"}],"event_choices":[{"damage_healed":0,"gold_gain":0,"player_choice":"Bought 1 Potion","damage_taken":0,"max_hp_gain":0,"max_hp_loss":0,"event_name":"The Woman in Blue","floor":3,"gold_loss":0},{"cards_removed":["Reckless Charge"],"damage_healed":0,"gold_gain":0,"player_choice":"Card Removal","damage_taken":0,"max_hp_gain":0,"max_hp_loss":0,"event_name":"The Cleric","floor":7,"gold_loss":50},{"damage_healed":0,"gold_gain":0,"player_choice":"Grow","damage_taken":0,"max_hp_gain":0,"max_hp_loss":0,"event_name":"Living Wall","floor":8,"gold_loss":0,"cards_upgraded":["Heavy Blade"]},{"damage_healed":0,"gold_gain":75,"player_choice":"Gold","damage_taken":11,"max_hp_gain":0,"max_hp_loss":0,"event_name":"betterThird:BetterGoop","floor":12,"gold_loss":0},{"damage_healed":0,"gold_gain":60,"player_choice":"Gained Gold","damage_taken":0,"max_hp_gain":0,"max_hp_loss":0,"event_name":"Golden Wing","floor":14,"gold_loss":0},{"damage_healed":0,"gold_gain":0,"player_choice":"Read","damage_taken":0,"max_hp_gain":0,"max_hp_loss":0,"event_name":"The Library","floor":19,"gold_loss":0,"cards_obtained":["Seeing Red"]},{"cards_removed":["Warcry"],"damage_healed":0,"gold_gain":0,"player_choice":"Upgrade and Remove","damage_taken":0,"max_hp_gain":0,"max_hp_loss":0,"event_name":"Designer","floor":21,"gold_loss":90,"cards_upgraded":["Shrug It Off"]},{"damage_healed":0,"gold_gain":0,"player_choice":"Ignored","damage_taken":0,"max_hp_gain":0,"max_hp_loss":0,"event_name":"Cursed Tome","floor":24,"gold_loss":0},{"damage_healed":0,"gold_gain":275,"player_choice":"Desecrate","damage_taken":0,"max_hp_gain":0,"max_hp_loss":0,"event_name":"Golden Shrine","floor":27,"gold_loss":0,"cards_obtained":["Regret"]},{"damage_healed":0,"gold_gain":0,"player_choice":"Fight","damage_taken":0,"max_hp_gain":0,"max_hp_loss":0,"event_name":"MindBloom","floor":36,"gold_loss":0},{"damage_healed":0,"gold_gain":0,"player_choice":"Ignored","damage_taken":0,"max_hp_gain":0,"max_hp_loss":0,"event_name":"Tomb of Lord Red Mask","floor":37,"gold_loss":0},{"damage_healed":4,"gold_gain":0,"player_choice":"Full Heal","damage_taken":0,"max_hp_gain":0,"max_hp_loss":0,"event_name":"Wheel of Change","floor":38,"gold_loss":0}],"is_beta":false,"boss_relics":[{"not_picked":["Sozu","Snecko Eye"],"picked":"Astrolabe"},{"not_picked":["SlaversCollar","Tiny House"],"picked":"Black Star"}],"items_purged_floors":[39],"is_endless":false,"potions_floor_spawned":[1,2,10,16,18,30,35,44,45],"ascension_level":0}}