{"host":"ju1b3c4x8n2jtjm7","time":1614083628,"event":{"mods":["AchievementEnabler","BaseMod","Colored Map","Colored Powertips","Highlight Path","Minty Spire (QoL Compilation)","Quick Restart","Rare Cards Sparkle","Relic Stats","StSLib"],"gold_per_floor":[99,99,49,49,49,49,49,49,49,49,49,49,49,49,49,49,49,49,49,49,49,49,49,49,49,49,49,49,49,49,49,49,49,49,49,1,1,1,1,1,1,1,1,1,1,1,1,1,1,1,1,1,1,1,1],"floor_reached":54,"language":"ENG","playtime":8924,"items_purged":[],"score":1693,"play_id":"1b2258fe-4ade-4afa-b3bb-bcd449593ca7","local_time":"20210223133348","is_ascension_mode":true,"campfire_choices":[{"data":"BattleHymn","floor":6.0,"key":"SMITH"},{"data":"Tantrum","floor":8.0,"key":"SMITH"},{"data":"LessonLearned","floor":15.0,"key":"SMITH"},{"data":"Blasphemy","floor":23.0,"key":"SMITH"},{"data":"Adaptation","floor":25.0,"key":"SMITH"},{"data":"ClearTheMind","floor":28.0,"key":"SMITH"},{"data":"TalkToTheHand","floor":32.0,"key":"SMITH"},{"floor":49.0,"key":"RECALL"},{"floor":52.0,"key":"REST"}],"circlet_count":0,"master_deck":["AscendersBane","Strike_P+1","Defend_P+1","Eruption+1","Vigilance+1","CutThroughFate+1","Tantrum+1","BattleHymn+1","ClearTheMind+1","CrushJoints+1","Meditate+1","LessonLearned+1","Blasphemy+1","LikeWater+1","Adaptation+1","Sanctity+1","EmptyBody+1","TalkToTheHand+1","InnerPeace+1","CrushJoints+1","Establishment+1","Perseverance+1","SandsOfTime+1","Meditate+1","Halt+1","SashWhip+1","Crescendo+1","Protect+1","DeusExMachina+1","EmptyBody+1","EmptyMind+1","Adaptation+1","Crescendo+1"],"relics":["Ectoplasm","Bird Faced Urn","Anchor","SlaversCollar","Regal Pillow","StrikeDummy","Astrolabe","Question Card","Prayer Wheel","Pocketwatch","TeardropLocket","Strawberry"],"acts_visited":["Exordium","TheCity","TheBeyond","TheEnding"],"potions_floor_usage":[],"damage_taken":[{"damage":0.0,"enemies":"Small Slimes","floor":1.0,"turns":2.0},{"damage":0.0,"enemies":"Jaw Worm","floor":4.0,"turns":3.0},{"damage":0.0,"enemies":"2 Louse","floor":5.0,"turns":1.0},{"damage":0.0,"enemies":"Lagavulin","floor":10.0,"turns":4.0},{"damage":0.0,"enemies":"Blue Slaver","floor":12.0,"turns":3.0},{"damage":0.0,"enemies":"3 Louse","floor":14.0,"turns":1.0},{"damage":0.0,"enemies":"Slime Boss","floor":16.0,"turns":4.0},{"damage":4.0,"enemies":"3 Byrds","floor":18.0,"turns":3.0},{"damage":0.0,"enemies":"Spheric Guardian","floor":21.0,"turns":3.0},{"damage":10.0,"enemies":"Shelled Parasite and Fungi","floor":22.0,"turns":4.0},{"damage":0.0,"enemies":"Gremlin Leader","floor":24.0,"turns":2.0},{"damage":0.0,"enemies":"Snake Plant","floor":27.0,"turns":1.0},{"damage":0.0,"enemies":"Chosen and Byrds","floor":29.0,"turns":3.0},{"damage":13.0,"enemies":"Slavers","floor":30.0,"turns":3.0},{"damage":2.0,"enemies":"Centurion and Healer","floor":31.0,"turns":4.0},{"damage":0.0,"enemies":"Collector","floor":33.0,"turns":4.0},{"damage":3.0,"enemies":"3 Darklings","floor":35.0,"turns":4.0},{"damage":9.0,"enemies":"3 Shapes","floor":38.0,"turns":3.0},{"damage":17.0,"enemies":"3 Darklings","floor":39.0,"turns":3.0},{"damage":0.0,"enemies":"Giant Head","floor":40.0,"turns":4.0},{"damage":12.0,"enemies":"Spire Growth","floor":41.0,"turns":3.0},{"damage":0.0,"enemies":"Mind Bloom Boss Battle","floor":42.0,"turns":4.0},{"damage":0.0,"enemies":"Reptomancer","floor":44.0,"turns":3.0},{"damage":45.0,"enemies":"Nemesis","floor":47.0,"turns":7.0},{"damage":9.0,"enemies":"4 Shapes","floor":48.0,"turns":3.0},{"damage":0.0,"enemies":"Awakened One","floor":50.0,"turns":6.0},{"damage":0,"enemies":"Shield and Spear","floor":54,"turns":1}],"seed_played":"-7624757906996676728","potions_obtained":[{"floor":1.0,"key":"Energy Potion"},{"floor":10.0,"key":"Dexterity Potion"},{"floor":12.0,"key":"AttackPotion"},{"floor":16.0,"key":"DuplicationPotion"},{"floor":18.0,"key":"EntropicBrew"},{"floor":29.0,"key":"Regen Potion"},{"floor":30.0,"key":"Weak Potion"},{"floor":31.0,"key":"GamblersBrew"},{"floor":33.0,"key":"DuplicationPotion"},{"floor":39.0,"key":"SpeedPotion"},{"floor":40.0,"key":"Dexterity Potion"},{"floor":41.0,"key":"DuplicationPotion"},{"floor":45.0,"key":"Fruit Juice"},{"floor":45.0,"key":"Ancient Potion"}],"is_trial":false,"path_per_floor":["M","?","?","M","M","R","?","R","T","E","$","M","?","M","R","B",null,"M","?","?","M","M","R","E","R","T","M","R","M","E","M","R","B",null,"M","$","?","M","M","E","M","?","T","E","?","$","E","M","R","B",null,"R","$","E"],"character_chosen":"WATCHER","items_purchased":["Swift Potion"],"campfire_rested":1,"item_purchase_floors":[36],"current_hp_per_floor":[65,65,65,65,65,65,51,51,51,53,53,55,55,57,57,59,69,67,67,67,71,66,66,70,70,70,72,72,72,59,61,61,65,70,72,72,72,63,52,60,54,62,62,70,75,75,43,42,42,52,76,84,84,84,84],"gold":1,"neow_bonus":"BOSS_RELIC","is_daily":false,"chose_seed":false,"campfire_upgraded":7,"win_rate":0.0,"timestamp":1614083628,"path_taken":["M","?","?","M","M","R","?","R","T","E","?","M","?","?","R","BOSS","M","?","?","M","M","R","E","R","T","M","R","M","E","M","R","BOSS","M","$","?","?","M","E","M","?","T","E","?","$","E","?","R","BOSS","R","$","E"],"items_purchased_type":["Potion"],"build_version":"2020-12-22","purchased_purges":0,"victory":false,"max_hp_per_floor":[72,72,72,72,72,72,72,72,72,72,72,72,72,72,72,72,72,72,72,72,72,72,72,72,72,72,72,72,72,72,72,72,72,72,72,72,72,72,72,72,72,72,72,72,77,77,84,84,84,84,84,84,84,84,84],"relic_stats":{"Regal Pillow":0,"counters":[27,86],"Bird Faced Urn":[98],"Astrolabe":["Perseverance","SandsOfTime","Meditate"],"Prayer Wheel":1,"Ectoplasm":766,"Question Card":6,"obtain_stats":[{"Regal Pillow":24,"Astrolabe":34,"TeardropLocket":44,"Question Card":40,"SlaversCollar":17,"Anchor":10,"Bird Faced Urn":9,"Strawberry":47,"Prayer Wheel":42,"Ectoplasm":0,"PureWater":0,"StrikeDummy":30,"Pocketwatch":43},{"Regal Pillow":11,"Astrolabe":16,"TeardropLocket":23,"Question Card":20,"SlaversCollar":7,"Anchor":4,"Bird Faced Urn":3,"Strawberry":24,"Prayer Wheel":22,"Ectoplasm":0,"PureWater":0,"StrikeDummy":14,"Pocketwatch":22},{"Regal Pillow":30,"Astrolabe":45,"TeardropLocket":69,"Question Card":59,"SlaversCollar":18,"Anchor":10,"Bird Faced Urn":6,"Strawberry":76,"Prayer Wheel":66,"Ectoplasm":0,"PureWater":0,"StrikeDummy":37,"Pocketwatch":66}],"Pocketwatch":[0]},"card_choices":[{"not_picked":["Worship","Crescendo"],"picked":"CutThroughFate","floor":1.0},{"not_picked":["Evaluate","MentalFortress"],"picked":"Tantrum","floor":4.0},{"not_picked":["FollowUp","CrushJoints"],"picked":"BattleHymn","floor":5.0},{"not_picked":["PathToVictory","Evaluate"],"picked":"ClearTheMind","floor":10.0},{"not_picked":["Tantrum","ClearTheMind"],"picked":"CrushJoints","floor":12.0},{"not_picked":["CrushJoints","Crescendo"],"picked":"LessonLearned","floor":14.0},{"not_picked":["DeusExMachina","Alpha"],"picked":"Blasphemy","floor":16.0},{"not_picked":["Meditate","Prostrate+1"],"picked":"LikeWater","floor":18.0},{"not_picked":["PathToVictory","FollowUp","Swivel"],"picked":"SKIP","floor":21.0},{"not_picked":["ThirdEye","FlurryOfBlows"],"picked":"Sanctity","floor":22.0},{"not_picked":["Judgement","FlurryOfBlows"],"picked":"EmptyBody+1","floor":24.0},{"not_picked":["FollowUp","PathToVictory+1"],"picked":"TalkToTheHand","floor":27.0},{"not_picked":["ThirdEye","EmptyFist"],"picked":"InnerPeace+1","floor":29.0},{"not_picked":["JustLucky","Brilliance","FlyingSleeves+1"],"picked":"SKIP","floor":30.0},{"not_picked":["JustLucky","Nirvana+1"],"picked":"CrushJoints","floor":31.0},{"not_picked":["Vault","ConjureBlade"],"picked":"Establishment","floor":33.0},{"not_picked":["JustLucky","Pray"],"picked":"Halt","floor":35.0},{"not_picked":["ClearTheMind","Indignation"],"picked":"SashWhip","floor":38.0},{"not_picked":["Conclude","CrushJoints+1"],"picked":"Crescendo","floor":39.0},{"not_picked":["FollowUp","WaveOfTheHand"],"picked":"Protect+1","floor":40.0},{"not_picked":["ForeignInfluence","WreathOfFlame+1","Prostrate+1"],"picked":"DeusExMachina","floor":41.0},{"not_picked":["FlyingSleeves+1","JustLucky","ThirdEye"],"picked":"EmptyBody+1","floor":44.0},{"not_picked":["ThirdEye+1","Blasphemy","SashWhip+1"],"picked":"EmptyMind+1","floor":47.0},{"not_picked":["InnerPeace+1","TalkToTheHand+1","Nirvana"],"picked":"Adaptation+1","floor":48.0},{"not_picked":["EmptyFist","Protect+1","JustLucky"],"picked":"Crescendo+1","floor":48.0}],"player_experience":483619,"relics_obtained":[{"floor":9.0,"key":"Bird Faced Urn"},{"floor":10.0,"key":"Anchor"},{"floor":24.0,"key":"Regal Pillow"},{"floor":30.0,"key":"StrikeDummy"},{"floor":40.0,"key":"Question Card"},{"floor":42.0,"key":"Prayer Wheel"},{"floor":43.0,"key":"Pocketwatch"},{"floor":44.0,"key":"TeardropLocket"},{"floor":47.0,"key":"Strawberry"}],"event_choices":[{"damage_healed":0.0,"max_hp_gain":0.0,"max_hp_loss":0.0,"gold_gain":0.0,"event_name":"Liars Game","player_choice":"Ignored","floor":2.0,"gold_loss":0.0,"damage_taken":0.0},{"cards_removed":["Defend_P"],"damage_healed":0.0,"max_hp_gain":0.0,"max_hp_loss":0.0,"gold_gain":0.0,"event_name":"The Cleric","player_choice":"Card Removal","floor":3.0,"gold_loss":50.0,"damage_taken":0.0},{"damage_healed":0.0,"max_hp_gain":0.0,"max_hp_loss":0.0,"gold_gain":0.0,"event_name":"Shining Light","player_choice":"Entered Light","floor":7.0,"gold_loss":0.0,"damage_taken":14.0,"cards_upgraded":["Defend_P","CutThroughFate"]},{"damage_healed":0.0,"max_hp_gain":0.0,"max_hp_loss":0.0,"gold_gain":0.0,"cards_transformed":["Strike_P"],"event_name":"Living Wall","player_choice":"Change","floor":13.0,"gold_loss":0.0,"damage_taken":0.0,"cards_obtained":["Meditate"]},{"damage_healed":0.0,"max_hp_gain":0.0,"max_hp_loss":0.0,"gold_gain":0.0,"event_name":"The Library","player_choice":"Read","floor":19.0,"gold_loss":0.0,"damage_taken":0.0,"cards_obtained":["Adaptation"]},{"damage_healed":0.0,"max_hp_gain":0.0,"max_hp_loss":0.0,"gold_gain":99.0,"event_name":"Nest","player_choice":"Stole From Cult","floor":20.0,"gold_loss":0.0,"damage_taken":0.0},{"cards_removed":["Defend_P"],"damage_healed":0.0,"max_hp_gain":0.0,"max_hp_loss":0.0,"gold_gain":0.0,"event_name":"Purifier","player_choice":"Purged","floor":37.0,"gold_loss":0.0,"damage_taken":0.0},{"damage_healed":0.0,"max_hp_gain":0.0,"max_hp_loss":0.0,"gold_gain":0.0,"event_name":"MindBloom","player_choice":"Fight","floor":42.0,"gold_loss":0.0,"damage_taken":0.0},{"damage_healed":0.0,"max_hp_gain":0.0,"max_hp_loss":0.0,"gold_gain":0.0,"event_name":"Lab","player_choice":"Got Potions","floor":45.0,"gold_loss":0.0,"damage_taken":0.0}],"is_beta":false,"boss_relics":[{"not_picked":["VioletLotus","Runic Dome"],"picked":"SlaversCollar"},{"not_picked":["Fusion Hammer","Philosopher\u0027s Stone"],"picked":"Astrolabe"}],"items_purged_floors":[],"is_endless":false,"potions_floor_spawned":[1,10,12,16,18,29,30,31,33,39,40,41,42],"killed_by":"Shield and Spear","ascension_level":11}}