{"host":"Jz","time":1614109663,"event":{"mods":["AchievementEnabler","BaseMod","Colored Map","Colored Powertips","Minty Spire (QoL Compilation)","Relic Stats","Slay-I","StSLib"],"gold_per_floor":[112,124,174,185,199,199,215,234,312,312,462,462,478,506,506,506,506],"floor_reached":16,"language":"ENG","playtime":832,"items_purged":[],"score":208,"play_id":"f3eda622-9cd5-4586-a10b-e4fe325733b6","local_time":"20210224024743","is_ascension_mode":true,"campfire_choices":[{"data":"Sucker Punch","floor":6,"key":"SMITH"},{"data":"Venomology","floor":10,"key":"SMITH"},{"data":"Finisher","floor":12,"key":"SMITH"},{"floor":15,"key":"REST"}],"circlet_count":0,"master_deck":["AscendersBane","Strike_G","Strike_G","Strike_G","Strike_G","Strike_G","Defend_G","Defend_G","Defend_G","Defend_G","Defend_G","Survivor","Neutralize","Poisoned Stab","PiercingWail","Sucker Punch+1","Venomology+1","Finisher+1","Doubt","Blade Dance","Blade Dance"],"relics":["Ring of the Snake","NeowsBlessing","HornCleat","Matryoshka"],"acts_visited":["Exordium"],"potions_floor_usage":[13,14,14,14,16,16],"damage_taken":[{"damage":0,"enemies":"2 Louse","floor":1,"turns":1},{"damage":0,"enemies":"Cultist","floor":2,"turns":1},{"damage":0,"enemies":"Jaw Worm","floor":4,"turns":1},{"damage":8,"enemies":"3 Louse","floor":5,"turns":8},{"damage":10,"enemies":"Large Slime","floor":7,"turns":6},{"damage":0,"enemies":"Red Slaver","floor":8,"turns":6},{"damage":0,"enemies":"Exordium Thugs","floor":13,"turns":4},{"damage":32,"enemies":"Lagavulin","floor":14,"turns":7},{"damage":24,"enemies":"Slime Boss","floor":16,"turns":5}],"seed_played":"-6229153038827833656","potions_obtained":[{"floor":5,"key":"Ancient Potion"},{"floor":13,"key":"Swift Potion"},{"floor":14,"key":"SteroidPotion"}],"is_trial":false,"path_per_floor":["M","M","?","M","M","R","M","M","T","R","?","R","M","E","R","B"],"character_chosen":"THE_SILENT","items_purchased":[],"campfire_rested":1,"item_purchase_floors":[],"current_hp_per_floor":[59,59,53,53,45,45,35,35,35,35,35,35,35,3,22,0,0],"gold":506,"neow_bonus":"THREE_ENEMY_KILL","is_daily":false,"chose_seed":false,"campfire_upgraded":3,"win_rate":0.0,"timestamp":1614109663,"path_taken":["M","M","?","M","?","R","M","M","T","R","?","R","M","E","R","BOSS"],"items_purchased_type":[],"build_version":"2020-12-18","purchased_purges":0,"victory":false,"max_hp_per_floor":[66,66,66,66,66,66,66,66,66,66,66,66,66,66,66,66,66],"relic_stats":{"counters":[9,39],"obtain_stats":[{"HornCleat":9,"Matryoshka":14,"NeowsBlessing":0,"Ring of the Snake":0},{"HornCleat":6,"Matryoshka":8,"NeowsBlessing":0,"Ring of the Snake":0},{"HornCleat":23,"Matryoshka":34,"NeowsBlessing":0,"Ring of the Snake":0}],"Ring of the Snake":[18]},"card_choices":[{"not_picked":["Backflip","Outmaneuver"],"picked":"Poisoned Stab","floor":1},{"not_picked":["Cloak And Dagger","Tactician","Underhanded Strike"],"picked":"SKIP","floor":2},{"not_picked":["Prepared","Underhanded Strike"],"picked":"PiercingWail","floor":4},{"not_picked":["Concentrate","Prepared"],"picked":"Sucker Punch","floor":5},{"not_picked":["Poisoned Stab","Dodge and Roll"],"picked":"Venomology","floor":7},{"not_picked":["Infinite Blades","Prepared"],"picked":"Finisher","floor":8},{"not_picked":["Calculated Gamble","Dash"],"picked":"Blade Dance","floor":13},{"not_picked":["Blur","Underhanded Strike"],"picked":"Blade Dance","floor":14}],"player_experience":404181,"relics_obtained":[{"floor":9,"key":"HornCleat"},{"floor":14,"key":"Matryoshka"}],"event_choices":[{"damage_healed":0,"gold_gain":50,"player_choice":"Touch","damage_taken":6,"max_hp_gain":0,"max_hp_loss":0,"event_name":"FaceTrader","floor":3,"gold_loss":0},{"damage_healed":0,"gold_gain":150,"player_choice":"AGREE","damage_taken":0,"max_hp_gain":0,"max_hp_loss":0,"event_name":"Liars Game","floor":11,"gold_loss":0,"cards_obtained":["Doubt"]}],"is_beta":true,"boss_relics":[],"items_purged_floors":[],"is_endless":false,"potions_floor_spawned":[5,13,14],"killed_by":"Slime Boss","ascension_level":20}}