{"host":"684z1xpuwaoqmmh1","time":1614085582,"event":{"mods":["BaseMod","CatGirl Mod","Downfall","Hermit","Jorbs\u0027s Wanderer Trilogy","Marisa????????","Minty Spire (QoL Compilation)","Robot Space Explorer","Shade Mod","Shapeshifter Mod","StSLib","The Bug Knight","The Clintock","The Dragon Tamer","The Elementalist","The Hayseed","The Hierophant","The Marked","The Mystic","The Poker Player","The Runesmith","The Sage","The Saiyan","The Showman","The Spell Scribe","The Valiant","The Vixen","TheBandit","TheFirefly","TheVacant"],"gold_per_floor":[111,126,143,65,15,46,57,84,109,126,154,164,164,183,183,280,280,297,310,310,323,323,355,367,379,414,438,469,516,528,573,585,693,705,736,762,791,431,450,476,494,494,541,569,579,592,592,592,592,592,592,592,187,220,220],"floor_reached":56,"language":"ENG","playtime":3623,"items_purged":["theCatGirl:Strike","theCatGirl:Strike"],"score":1368,"play_id":"c70137be-4004-444f-a7d5-f74f5fb364b6","local_time":"20210223150622","is_ascension_mode":false,"campfire_choices":[{"data":"theCatGirl:HungerClaw","floor":13.0,"key":"SMITH"},{"data":"theCatGirl:Howl","floor":15.0,"key":"SMITH"},{"floor":24.0,"key":"REST"},{"floor":32.0,"key":"REST"},{"floor":42.0,"key":"RECALL"},{"floor":47.0,"key":"REST"},{"data":"theCatGirl:Beastification","floor":49.0,"key":"SMITH"},{"data":"theCatGirl:BloodScent","floor":52.0,"key":"SMITH"}],"circlet_count":0,"master_deck":["theCatGirl:Strike","theCatGirl:Defend","theCatGirl:Defend","theCatGirl:Defend","theCatGirl:Defend","theCatGirl:ClawStrike","theCatGirl:Evasion","theCatGirl:SearchBackpack","theCatGirl:Claws","theCatGirl:AllIn","theCatGirl:HungerClaw+1","theCatGirl:Misfire","theCatGirl:ScratchFlurry","theCatGirl:BloodScent+1","theCatGirl:Howl+1","theCatGirl:PoiseStance+1","theCatGirl:FumblingBlow","theCatGirl:AccidentalHeadbutt","theCatGirl:TripLunge+1","theCatGirl:Claws+1","theCatGirl:FocusedStrike","theCatGirl:Beastification+1","theCatGirl:Prepared+1","theCatGirl:AdventurersInsight","theCatGirl:ExtremeSpeed+1","theCatGirl:GoddessOfMisfortune","theCatGirl:AdventurersInsight","theCatGirl:AccidentalHeadbutt","Apotheosis","theCatGirl:RageClaws+1"],"relics":["theCatGirl:TrainedRelic","sneckomod:BlankCard","Bottled Flame","Happy Flower","Toy Ornithopter","PreservedInsect","sneckomod:SneckoTalon","MutagenicStrength","MawBank","Bronze Scales","Vajra","HollowMod:PaleOreRelic","sagemod:Falmels_Amulet","Membership Card","Ancient Tea Set","bronze:BronzeIdol","Potion Belt","Regal Pillow","Ornamental Fan","Dead Branch"],"acts_visited":["Exordium","TheCity","TheBeyond","TheEnding"],"potions_floor_usage":[55,55,55],"damage_taken":[{"damage":0.0,"enemies":"2 Louse","floor":1.0,"turns":4.0},{"damage":0.0,"enemies":"Small Slimes","floor":2.0,"turns":4.0},{"damage":0.0,"enemies":"Cultist","floor":3.0,"turns":4.0},{"damage":49.0,"enemies":"3 Sentries","floor":6.0,"turns":14.0},{"damage":0.0,"enemies":"Large Slime","floor":7.0,"turns":4.0},{"damage":0.0,"enemies":"Gremlin Nob","floor":8.0,"turns":2.0},{"damage":3.0,"enemies":"3 Louse","floor":10.0,"turns":2.0},{"damage":9.0,"enemies":"Lagavulin","floor":11.0,"turns":5.0},{"damage":7.0,"enemies":"Blue Slaver","floor":12.0,"turns":4.0},{"damage":6.0,"enemies":"Large Slime","floor":14.0,"turns":6.0},{"damage":0.0,"enemies":"Slime Boss","floor":16.0,"turns":7.0},{"damage":7.0,"enemies":"2 Thieves","floor":18.0,"turns":4.0},{"damage":15.0,"enemies":"Shell Parasite","floor":19.0,"turns":3.0},{"damage":10.0,"enemies":"Chosen and Byrds","floor":21.0,"turns":5.0},{"damage":27.0,"enemies":"Gremlin Leader","floor":23.0,"turns":4.0},{"damage":5.0,"enemies":"Centurion and Healer","floor":27.0,"turns":9.0},{"damage":16.0,"enemies":"Cultist and Chosen","floor":28.0,"turns":5.0},{"damage":15.0,"enemies":"Book of Stabbing","floor":29.0,"turns":2.0},{"damage":5.0,"enemies":"HollowMod:Nosk","floor":31.0,"turns":5.0},{"damage":52.0,"enemies":"Automaton","floor":33.0,"turns":8.0},{"damage":15.0,"enemies":"3 Shapes","floor":35.0,"turns":8.0},{"damage":0.0,"enemies":"Orb Walker","floor":36.0,"turns":1.0},{"damage":20.0,"enemies":"Writhing Mass","floor":37.0,"turns":6.0},{"damage":15.0,"enemies":"Jaw Worm Horde","floor":39.0,"turns":4.0},{"damage":16.0,"enemies":"Reptomancer","floor":40.0,"turns":6.0},{"damage":2.0,"enemies":"3 Darklings","floor":41.0,"turns":6.0},{"damage":27.0,"enemies":"Nemesis","floor":44.0,"turns":6.0},{"damage":14.0,"enemies":"Jaw Worm Horde","floor":45.0,"turns":4.0},{"damage":25.0,"enemies":"Sphere and 2 Shapes","floor":46.0,"turns":6.0},{"damage":42.0,"enemies":"Awakened One","floor":50.0,"turns":12.0},{"damage":66.0,"enemies":"Shield and Spear","floor":54.0,"turns":9.0},{"damage":90,"enemies":"The Heart","floor":55,"turns":12}],"seed_played":"3664338209362906254","potions_obtained":[{"floor":6.0,"key":"Regen Potion"},{"floor":7.0,"key":"Fire Potion"},{"floor":8.0,"key":"champ:CounterPotion"},{"floor":19.0,"key":"sneckomod:MuddlingPotion"},{"floor":23.0,"key":"Weak Potion"},{"floor":29.0,"key":"LiquidBronze"},{"floor":35.0,"key":"Fire Potion"},{"floor":37.0,"key":"Fruit Juice"},{"floor":39.0,"key":"DuplicationPotion"},{"floor":40.0,"key":"ColorlessPotion"},{"floor":46.0,"key":"Slimebound:ThreeZeroPotion"}],"is_trial":false,"path_per_floor":["M","M","M","$","?","E","M","E","T","M","E","M","R","M","R","B",null,"M","M","?","M","?","E","R","?","T","M","M","E","?","E","R","B",null,"M","M","M","$","M","E","M","R","T","E","M","M","R","?","R","B",null,"R","$","E","B",null],"character_chosen":"THE_CATGIRL","items_purchased":["theCatGirl:HungerClaw","Membership Card","Ancient Tea Set","bronze:BronzeIdol","theCatGirl:GoddessOfMisfortune","Ornamental Fan","Apotheosis","ColorlessPotion","FairyPotion","Energy Potion"],"campfire_rested":3,"item_purchase_floors":[4,38,38,38,38,53,53,53,53,53],"current_hp_per_floor":[70,70,70,70,70,24,27,30,30,30,55,51,51,49,49,53,96,89,78,78,72,51,28,61,61,61,60,48,38,38,33,69,26,125,114,119,99,99,93,81,79,79,79,66,56,40,101,101,101,64,146,146,146,84,9],"gold":220,"neow_bonus":"RANDOM_COMMON_RELIC","is_daily":false,"chose_seed":false,"campfire_upgraded":4,"win_rate":0.0,"timestamp":1614085582,"path_taken":["M","M","M","$","?","E","M","E","T","M","E","M","R","M","R","BOSS","M","M","?","M","?","E","R","?","T","?","M","E","?","E","R","BOSS","M","M","M","$","M","E","M","R","T","E","M","M","R","?","R","BOSS","R","$","E","BOSS"],"items_purchased_type":["Card","Relic","Relic","Relic","Card","Relic","Card","Potion","Potion","Potion"],"build_version":"2020-12-22","purchased_purges":2,"victory":true,"max_hp_per_floor":[70,70,70,70,70,73,76,79,79,82,85,88,88,92,92,96,96,96,100,100,104,109,113,113,113,113,117,121,121,121,121,121,125,125,129,129,129,129,138,142,142,142,142,146,150,154,154,146,146,146,146,146,146,150,150],"card_choices":[{"not_picked":["theCatGirl:Growl","theCatGirl:ElegantStrike"],"picked":"theCatGirl:SearchBackpack","floor":1.0},{"not_picked":["theCatGirl:ClawScratch","theCatGirl:Stalk"],"picked":"theCatGirl:Claws","floor":2.0},{"not_picked":["theCatGirl:GoddessOfMisfortune","theCatGirl:PlayAround"],"picked":"theCatGirl:AllIn","floor":3.0},{"not_picked":["theCatGirl:BloodBath","theCatGirl:LearnByMistake"],"picked":"theCatGirl:Misfire","floor":6.0},{"not_picked":["theCatGirl:LearnByMistake","theCatGirl:KeepAlert"],"picked":"theCatGirl:ScratchFlurry","floor":7.0},{"not_picked":["theCatGirl:TwoStep","theCatGirl:SmellFear"],"picked":"theCatGirl:BloodScent","floor":8.0},{"not_picked":["theCatGirl:Growl","theCatGirl:SearchBackpack"],"picked":"theCatGirl:Howl","floor":10.0},{"not_picked":["theCatGirl:DefensiveStance","theCatGirl:ClenchYourTeeth"],"picked":"theCatGirl:PoiseStance","floor":11.0},{"not_picked":["theCatGirl:Misfire","theCatGirl:LostTrinket","theCatGirl:LearnByMistake"],"picked":"SKIP","floor":12.0},{"not_picked":["theCatGirl:Misfire","theCatGirl:LostTrinket","theCatGirl:LearnByMistake"],"picked":"SKIP","floor":12.0},{"not_picked":["theCatGirl:ScratchFlurry","theCatGirl:BloodScent"],"picked":"theCatGirl:FumblingBlow","floor":14.0},{"not_picked":["theCatGirl:PoiseStance","theCatGirl:Beastification"],"picked":"theCatGirl:AccidentalHeadbutt","floor":16.0},{"not_picked":["theCatGirl:BloodScent+1","theCatGirl:SearchBackpack"],"picked":"theCatGirl:TripLunge+1","floor":18.0},{"not_picked":["theCatGirl:ElegantStrike","theCatGirl:GoddessOfMisfortune","theCatGirl:Growl"],"picked":"SKIP","floor":19.0},{"not_picked":["theCatGirl:BloodBath+1","theCatGirl:BodyBlow+1"],"picked":"theCatGirl:Claws+1","floor":21.0},{"not_picked":["theCatGirl:ChangeOfPlans","theCatGirl:ScratchFlurry","theCatGirl:UnrelentingAssault"],"picked":"SKIP","floor":23.0},{"not_picked":["theCatGirl:SmellFear","theCatGirl:ComboAttack","theCatGirl:SpinningStrike"],"picked":"SKIP","floor":27.0},{"not_picked":["theCatGirl:KeepAlert","theCatGirl:FumblingBlow"],"picked":"theCatGirl:FocusedStrike","floor":28.0},{"not_picked":["theCatGirl:ChangeOfPlans","theCatGirl:DecliningDefenses"],"picked":"theCatGirl:Beastification","floor":29.0},{"not_picked":["theCatGirl:LearnByMistake","theCatGirl:UnrelentingAssault"],"picked":"theCatGirl:Prepared+1","floor":31.0},{"not_picked":["theCatGirl:Howl","theCatGirl:LearnThePattern"],"picked":"theCatGirl:AdventurersInsight","floor":33.0},{"not_picked":["theCatGirl:SmellFear+1","theCatGirl:TryingMyBest"],"picked":"theCatGirl:ExtremeSpeed+1","floor":35.0},{"not_picked":["theCatGirl:DefensiveStance","theCatGirl:BodyBlow+1","theCatGirl:RecoveryBlow"],"picked":"SKIP","floor":36.0},{"not_picked":["theCatGirl:DecliningDefenses","theCatGirl:Meow","theCatGirl:ClenchYourTeeth+1"],"picked":"SKIP","floor":37.0},{"not_picked":["theCatGirl:Stalk","theCatGirl:Misfire"],"picked":"theCatGirl:AdventurersInsight","floor":39.0},{"not_picked":["theCatGirl:AllIn+1","theCatGirl:Growl","theCatGirl:AccidentalSlap"],"picked":"SKIP","floor":40.0},{"not_picked":["theCatGirl:Parry+1","theCatGirl:BloodBath+1","theCatGirl:GoddessOfMisfortune+1"],"picked":"SKIP","floor":41.0},{"not_picked":["theCatGirl:TwoStep","theCatGirl:ClawScratch","theCatGirl:SearchBackpack"],"picked":"SKIP","floor":44.0},{"not_picked":["theCatGirl:RageClaws+1","theCatGirl:BodyBlow"],"picked":"theCatGirl:AccidentalHeadbutt","floor":45.0},{"not_picked":["theCatGirl:ScratchFlurry+1","theCatGirl:AllIn+1","theCatGirl:TripLunge"],"picked":"SKIP","floor":46.0},{"not_picked":["theCatGirl:Prepared+1","theCatGirl:UnrelentingAssault+1"],"picked":"theCatGirl:RageClaws+1","floor":54.0}],"player_experience":3134425,"relics_obtained":[{"floor":6.0,"key":"Bottled Flame"},{"floor":8.0,"key":"Happy Flower"},{"floor":9.0,"key":"Toy Ornithopter"},{"floor":11.0,"key":"PreservedInsect"},{"floor":23.0,"key":"MawBank"},{"floor":26.0,"key":"Bronze Scales"},{"floor":29.0,"key":"Vajra"},{"floor":31.0,"key":"HollowMod:PaleOreRelic"},{"floor":40.0,"key":"Potion Belt"},{"floor":44.0,"key":"Regal Pillow"},{"floor":54.0,"key":"Dead Branch"}],"event_choices":[{"cards_removed":["theCatGirl:Strike"],"damage_healed":0.0,"max_hp_gain":0.0,"max_hp_loss":0.0,"gold_gain":0.0,"event_name":"The Cleric","player_choice":"Card Removal","floor":5.0,"gold_loss":50.0,"damage_taken":0.0},{"damage_healed":0.0,"max_hp_gain":0.0,"max_hp_loss":0.0,"gold_gain":0.0,"event_name":"Drug Dealer","player_choice":"Inject Mutagens","floor":20.0,"gold_loss":0.0,"damage_taken":0.0,"relics_obtained":["MutagenicStrength"]},{"damage_healed":0.0,"max_hp_gain":5.0,"max_hp_loss":0.0,"gold_gain":0.0,"event_name":"Forgotten Altar","player_choice":"Shed Blood","floor":22.0,"gold_loss":0.0,"damage_taken":26.0},{"damage_healed":0.0,"max_hp_gain":0.0,"max_hp_loss":0.0,"gold_gain":0.0,"event_name":"Upgrade Shrine","player_choice":"Upgraded","floor":25.0,"gold_loss":0.0,"damage_taken":0.0,"cards_upgraded":["theCatGirl:PoiseStance"]},{"damage_healed":0.0,"max_hp_gain":0.0,"max_hp_loss":8.0,"gold_gain":0.0,"event_name":"Winding Halls","player_choice":"Max HP","floor":48.0,"gold_loss":0.0,"damage_taken":0.0}],"is_beta":false,"boss_relics":[{"not_picked":["Tiny House","Runesmith:UraniumAnvil"],"picked":"sneckomod:SneckoTalon"},{"not_picked":["Calling Bell","SacredBark"],"picked":"sagemod:Falmels_Amulet"}],"items_purged_floors":[38,53],"is_endless":false,"potions_floor_spawned":[6,7,8,16,19,23,27,29,35,37,39,40,46],"ascension_level":0}}