{"host":"znuunkttinnn1f17","time":1614073863,"event":{"mods":["BaseMod","Colored Map","Downfall","Minty Spire (QoL Compilation)","Replay The Spire","StSLib"],"gold_per_floor":[99,114,129,129,147,147,172,172,189,216,232,559,459,459,476,573,623,623,723,723,633,710,710,710,710,710,752,752,766,766,778,804,915,927,939,966,1001,1067,290,303,328,341,249,279,279,279,279,279],"floor_reached":46,"language":"ENG","playtime":4542,"items_purged":["hexamod:Defend","hexamod:Defend"],"score":597,"play_id":"c9ce9f82-4f04-4c0b-a4a0-942b0093f5c6","local_time":"20210223105103","is_ascension_mode":false,"campfire_choices":[{"data":"hexamod:ChargedBarrage","floor":6,"key":"SMITH"},{"floor":13,"key":"REST"},{"data":"hexamod:GhostflameInferno","floor":18,"key":"SMITH"},{"floor":23,"key":"REST"},{"floor":25,"key":"REST"},{"floor":30,"key":"DIG"},{"floor":35,"key":"RECALL"}],"circlet_count":0,"master_deck":["hexamod:Defend","hexamod:Sear","hexamod:Float","hexamod:HeatCrush","hexamod:SpectersWail","hexamod:HauntingEcho+1","hexamod:Hexaguard","hexamod:ChargedBarrage+1","hexamod:BurningTouch","hexamod:Hexaguard+1","hexamod:RadiantFlame+1","hexamod:GhostShield","hexamod:GhostflameInferno+1","hexamod:FastForward","hexamod:GhostShield","hexamod:FastForward","hexamod:PhantomCloak","hexamod:RecurringNightmare","hexamod:GhostLash","hexamod:UnlimitedPower","hexamod:FastForward","hexamod:GhostShield","hexamod:HeatShield+1","hexamod:EmpoweredFlame","hexamod:FastForward","hexamod:ChargedBarrage","hexamod:ChargedBarrage","Deep Breath","hexamod:GhostOfSpireFuture","hexamod:RainOfEmbers","hexamod:RadiantFlame","hexamod:UnleashSpirits"],"relics":["hexamod:SpiritBrand","Dream Catcher","Happy Flower","Tiny Chest","Old Coin","downfall:HeartBlessingGreen","Tiny House","Replay:Multitool","Chameleon Ring","hexamod:InflammatoryLetter","Mummified Hand","hexamod:TheBrokenSeal","Art of War","MawBank","Replay:Bronze Core","Replay:Kaleidoscope","Replay:Bottled Snecko","ReplayTheSpireMod:TigerMarble","Replay:Mystery Machine","Gremlin Horn"],"acts_visited":["Exordium","TheCity","TheBeyond"],"potions_floor_usage":[10,12,12,16,19,19,27,38,38,46],"damage_taken":[{"damage":0,"enemies":"Small Slimes","floor":2,"turns":3},{"damage":0,"enemies":"Cultist","floor":3,"turns":3},{"damage":1,"enemies":"Jaw Worm","floor":5,"turns":3},{"damage":5,"enemies":"downfall:LooterAlt","floor":9,"turns":3},{"damage":10,"enemies":"3 Sentries","floor":10,"turns":9},{"damage":4,"enemies":"Exordium Wildlife","floor":11,"turns":4},{"damage":33,"enemies":"Gremlin Nob","floor":12,"turns":5},{"damage":0,"enemies":"Red Slaver","floor":15,"turns":4},{"damage":35,"enemies":"DF_ARCHETYPE_STREAMLINE","floor":16,"turns":8},{"damage":70,"enemies":"Colosseum Nobs","floor":19,"turns":8},{"damage":0,"enemies":"downfall:FleeingMerchant","floor":21,"turns":4},{"damage":33,"enemies":"Replay:Snechameleon","floor":27,"turns":6},{"damage":6,"enemies":"downfall:LooterAlt2","floor":29,"turns":4},{"damage":0,"enemies":"Spheric Guardian","floor":32,"turns":3},{"damage":18,"enemies":"WA_ARCHETYPE_CALM","floor":33,"turns":7},{"damage":8,"enemies":"Orb Walker","floor":36,"turns":5},{"damage":33,"enemies":"2 Orb Walkers","floor":38,"turns":7},{"damage":0,"enemies":"downfall:FleeingMerchant","floor":39,"turns":4},{"damage":15,"enemies":"3 Shapes","floor":40,"turns":4},{"damage":15,"enemies":"Spire Growth","floor":42,"turns":4},{"damage":2,"enemies":"downfall:FleeingMerchant","floor":43,"turns":4},{"damage":0,"enemies":"Nemesis","floor":44,"turns":6},{"damage":12,"enemies":"Sphere and 2 Shapes","floor":46,"turns":3}],"seed_played":"-978074214360208654","potions_obtained":[{"floor":9,"key":"SkillPotion"},{"floor":10,"key":"FearPotion"},{"floor":11,"key":"Swift Potion"},{"floor":15,"key":"DuplicationPotion"},{"floor":16,"key":"LiquidBronze"},{"floor":16,"key":"EssenceOfSteel"},{"floor":17,"key":"Milkshake"},{"floor":19,"key":"Swift Potion"},{"floor":27,"key":"Guardian:BlockOnCardUsePotion"},{"floor":27,"key":"Reflective Coating"},{"floor":29,"key":"SkillPotion"},{"floor":33,"key":"Flashbang"},{"floor":42,"key":"Venom Potion"},{"floor":44,"key":"Adrenaline Potion"}],"is_trial":false,"path_per_floor":["R_BF","M","M","?","M","R","T","?","M","E","M","E","R","?","M","B",null,"R","?","?","$","T","R","T","R","?","E","?","M","R","?","M","B",null,"R","M","T","?","$","M","T","M","$","E","?","M"],"character_chosen":"THE_SPIRIT","items_purchased":["Replay:Bottled Snecko","ReplayTheSpireMod:TigerMarble","hexamod:EmpoweredFlame","hexamod:FastForward","hexamod:ChargedBarrage","Deep Breath","hexamod:RainOfEmbers"],"campfire_rested":3,"item_purchase_floors":[39,39,39,39,39,39,43],"current_hp_per_floor":[70,70,70,70,69,69,69,69,64,54,50,17,38,38,38,3,75,75,5,5,12,12,34,34,56,56,85,85,79,79,79,79,61,85,85,77,77,44,44,29,29,14,12,12,12,0,0,0],"gold":279,"neow_bonus":"RANDOM_COMMON_RELIC","is_daily":false,"chose_seed":false,"campfire_upgraded":2,"win_rate":0.0,"timestamp":1614073863,"path_taken":["R_BF","M","M","?","?","R","T","?","?","E","M","E","R","?","M","BOSS","R","?","?","$","?","R","T","R","?","E","?","M","R","?","M","BOSS","R","M","?","?","$","M","T","M","$","E","?","M"],"items_purchased_type":["Relic","Relic","Card","Card","Card","Card","Card"],"build_version":"2020-12-22","purchased_purges":2,"victory":false,"max_hp_per_floor":[70,70,70,70,70,70,70,70,70,70,70,70,70,70,70,70,75,75,75,75,75,75,75,75,75,75,85,85,85,85,85,85,85,85,85,85,85,85,85,85,85,85,85,85,85,85,85,85],"card_choices":[{"not_picked":["hexamod:ShieldOfDarkness","hexamod:DynamicBlow"],"picked":"hexamod:SpectersWail","floor":2},{"not_picked":["hexamod:BurningTouch","hexamod:SwordOfDarkness"],"picked":"hexamod:HauntingEcho","floor":3},{"not_picked":["hexamod:ShieldOfDarkness","hexamod:HauntingEcho"],"picked":"hexamod:ChargedBarrage","floor":5},{"not_picked":["hexamod:Hexaguard","hexamod:ThermalTransfer"],"picked":"hexamod:BurningTouch","floor":9},{"not_picked":["hexamod:StepThrough","hexamod:GhostShield"],"picked":"hexamod:Hexaguard","floor":10},{"not_picked":["hexamod:NightmareStrike","hexamod:ExtraCrispy"],"picked":"hexamod:FifthSeal","floor":11},{"not_picked":["hexamod:ThirdSeal","hexamod:SixthSeal"],"picked":"hexamod:FourthSeal","floor":12},{"not_picked":["hexamod:DynamicBlow","hexamod:SpectralAdrenaline","hexamod:ChargedBarrage"],"picked":"SKIP","floor":12},{"not_picked":["hexamod:HauntingEcho","hexamod:Hexaguard"],"picked":"hexamod:RadiantFlame","floor":13},{"not_picked":["hexamod:ThirdSeal","hexamod:SecondSeal"],"picked":"hexamod:SixthSeal","floor":15},{"not_picked":["hexamod:BacktrackSmack","hexamod:GhostLash"],"picked":"hexamod:GhostShield","floor":15},{"not_picked":["hexamod:SecondSeal","hexamod:FourthSeal"],"picked":"hexamod:ThirdSeal","floor":16},{"not_picked":["hexamod:UnleashSpirits","hexamod:VolcanoVisage"],"picked":"hexamod:GhostflameInferno","floor":16},{"not_picked":["hexamod:NightmareStrike","hexamod:GhostLash"],"picked":"hexamod:FastForward","floor":17},{"not_picked":["hexamod:FourthSeal","hexamod:SecondSeal"],"picked":"hexamod:FirstSeal","floor":19},{"not_picked":["hexamod:BacktrackSmack+1","hexamod:StepThrough"],"picked":"hexamod:GhostShield","floor":19},{"not_picked":["hexamod:SixthSeal","hexamod:ThirdSeal"],"picked":"hexamod:SecondSeal","floor":21},{"not_picked":["hexamod:BacktrackSmack","hexamod:GhostLash"],"picked":"hexamod:FastForward","floor":21},{"not_picked":["hexamod:DynamicBlow","hexamod:GhostLash"],"picked":"hexamod:PhantomCloak","floor":23},{"not_picked":["hexamod:SpectersWail","hexamod:NightmareStrike"],"picked":"hexamod:RecurringNightmare","floor":25},{"not_picked":["hexamod:Haunt","hexamod:DynamicBlow+1","hexamod:GhostShield"],"picked":"SKIP","floor":27},{"not_picked":["hexamod:HauntingEcho","hexamod:Firestarter","hexamod:NecessarySacrifice"],"picked":"SKIP","floor":29},{"not_picked":["hexamod:GhostOfSpirePast","hexamod:SwordOfDarkness"],"picked":"hexamod:GhostLash","floor":32},{"not_picked":["hexamod:WildfireWeapon","hexamod:VolcanoVisage"],"picked":"hexamod:UnlimitedPower","floor":33},{"not_picked":["hexamod:SpectersWail","hexamod:HeatCrush+1"],"picked":"hexamod:FastForward","floor":36},{"not_picked":["hexamod:SpectralAdrenaline+1","hexamod:SwordOfDarkness+1"],"picked":"hexamod:GhostShield","floor":38},{"not_picked":["hexamod:AdvancingGuard","hexamod:SecondSeal"],"picked":"hexamod:HeatShield+1","floor":39},{"not_picked":["hexamod:ThermalTransfer+1","hexamod:ThirdSeal"],"picked":"hexamod:GhostOfSpireFuture","floor":40},{"not_picked":["hexamod:HeatMetal+1","hexamod:ShieldOfDarkness","hexamod:Hexaguard+1"],"picked":"SKIP","floor":42},{"not_picked":["hexamod:FirstSeal","hexamod:ShieldOfDarkness","hexamod:Again"],"picked":"SKIP","floor":43},{"not_picked":["hexamod:GhostOfSpirePast+1","hexamod:BacktrackSmack+1"],"picked":"hexamod:RadiantFlame","floor":44}],"player_experience":238927,"relics_obtained":[{"floor":7,"key":"Happy Flower"},{"floor":10,"key":"Tiny Chest"},{"floor":12,"key":"Old Coin"},{"floor":19,"key":"Replay:Multitool"},{"floor":19,"key":"Chameleon Ring"},{"floor":22,"key":"hexamod:InflammatoryLetter"},{"floor":24,"key":"Mummified Hand"},{"floor":27,"key":"Art of War"},{"floor":30,"key":"MawBank"},{"floor":38,"key":"Replay:Kaleidoscope"},{"floor":41,"key":"Replay:Mystery Machine"},{"floor":44,"key":"Gremlin Horn"}],"event_choices":[{"cards_removed":["hexamod:Strike"],"damage_healed":0,"gold_gain":0,"player_choice":"Offered Basic","damage_taken":0,"max_hp_gain":0,"max_hp_loss":0,"event_name":"Bonfire Elementals","floor":8,"gold_loss":0},{"damage_healed":0,"gold_gain":0,"player_choice":"Fight","damage_taken":0,"max_hp_gain":0,"max_hp_loss":0,"event_name":"Mysterious Sphere","floor":38,"gold_loss":0}],"is_beta":false,"boss_relics":[{"not_picked":["Replay:Wanted Poster","Empty Cage"],"picked":"Tiny House"},{"not_picked":["Sozu","Replay:Drink Me"],"picked":"Replay:Bronze Core"}],"items_purged_floors":[21,39],"is_endless":false,"potions_floor_spawned":[9,10,11,15,16,27,29,33,36,42,44],"killed_by":"Sphere and 2 Shapes","ascension_level":0}}