{"host":"pu1pmxeu7vyxsds8","time":1614104667,"event":{"mods":["Act Like it!","BaseMod","Block Reminder","Minty Spire (QoL Compilation)","Permanent Neow","Quick Restart","Relic Stats"],"gold_per_floor":[113,123,123,133,83,113,83,97,122,156,169,169,197,208,208,208,208],"floor_reached":16,"language":"SPA","playtime":2024,"items_purged":[],"score":143,"play_id":"4a5f9547-e6ab-4ebe-917d-fca7754d41b0","local_time":"20210223152427","is_ascension_mode":true,"campfire_choices":[{"floor":15.0,"key":"REST"}],"circlet_count":0,"master_deck":["Strike_G","Strike_G","Strike_G","Defend_G","Defend_G","Defend_G","Defend_G","Defend_G","Survivor","Neutralize","Malaise","Footwork","Footwork","Deflect","Deadly Poison","Acrobatics","Backflip","Acrobatics","Backflip","Footwork","Dodge and Roll"],"relics":["Ring of the Snake","Centennial Puzzle","Regal Pillow","Bronze Scales","Potion Belt"],"acts_visited":["Exordium"],"potions_floor_usage":[],"damage_taken":[{"damage":9.0,"enemies":"Jaw Worm","floor":1.0,"turns":6.0},{"damage":1.0,"enemies":"Small Slimes","floor":2.0,"turns":5.0},{"damage":1.0,"enemies":"2 Louse","floor":4.0,"turns":6.0},{"damage":32.0,"enemies":"3 Sentries","floor":6.0,"turns":27.0},{"damage":0.0,"enemies":"Looter","floor":7.0,"turns":4.0},{"damage":1.0,"enemies":"Red Slaver","floor":8.0,"turns":8.0},{"damage":2.0,"enemies":"Lagavulin","floor":10.0,"turns":9.0},{"damage":1.0,"enemies":"2 Fungi Beasts","floor":11.0,"turns":5.0},{"damage":0.0,"enemies":"Large Slime","floor":12.0,"turns":1.0},{"damage":14.0,"enemies":"Gremlin Nob","floor":13.0,"turns":6.0},{"damage":0.0,"enemies":"3 Louse","floor":14.0,"turns":5.0},{"damage":0,"enemies":"Slime Boss","floor":16,"turns":3}],"seed_played":"2063762837242844966","potions_obtained":[{"floor":1.0,"key":"Ancient Potion"},{"floor":4.0,"key":"Block Potion"},{"floor":8.0,"key":"Fire Potion"},{"floor":10.0,"key":"SmokeBomb"}],"is_trial":false,"path_per_floor":["M","M","?","M","?","E","M","M","T","E","M","M","E","M","R","B"],"character_chosen":"THE_SILENT","items_purchased":[],"campfire_rested":1,"item_purchase_floors":[],"current_hp_per_floor":[54,53,53,52,52,20,20,19,19,17,16,16,2,2,35,35,35],"gold":208,"neow_bonus":"THREE_RARE_CARDS","is_daily":false,"chose_seed":false,"campfire_upgraded":0,"win_rate":0.0,"timestamp":1614104667,"path_taken":["M","M","?","M","?","E","M","M","T","E","M","M","E","M","R","BOSS"],"items_purchased_type":[],"build_version":"2020-12-22","purchased_purges":0,"victory":false,"max_hp_per_floor":[63,63,63,63,63,63,63,63,63,63,63,63,63,63,63,63,63],"relic_stats":{"Centennial Puzzle":[12],"Regal Pillow":15,"counters":[12,85],"Bronze Scales":[36],"obtain_stats":[{"Potion Belt":13,"Centennial Puzzle":6,"Regal Pillow":9,"Bronze Scales":10,"Ring of the Snake":0},{"Potion Belt":10,"Centennial Puzzle":4,"Regal Pillow":6,"Bronze Scales":7,"Ring of the Snake":0},{"Potion Belt":77,"Centennial Puzzle":44,"Regal Pillow":56,"Bronze Scales":65,"Ring of the Snake":0}],"Ring of the Snake":[24]},"card_choices":[{"not_picked":["Glass Knife","Tools of the Trade"],"picked":"Malaise","floor":0.0},{"not_picked":["Caltrops","Deadly Poison"],"picked":"Footwork","floor":1.0},{"not_picked":["Tactician","Bane"],"picked":"Footwork","floor":2.0},{"not_picked":["Underhanded Strike","Riddle With Holes"],"picked":"Deflect","floor":4.0},{"not_picked":["Bane","Predator"],"picked":"Deadly Poison","floor":6.0},{"not_picked":["Bane","Underhanded Strike"],"picked":"Acrobatics","floor":7.0},{"not_picked":["Bane","Terror"],"picked":"Backflip","floor":8.0},{"not_picked":["Infinite Blades","Quick Slash"],"picked":"Acrobatics","floor":10.0},{"not_picked":["PiercingWail","All Out Attack"],"picked":"Backflip","floor":11.0},{"not_picked":["Dash","Unload"],"picked":"Footwork","floor":13.0},{"not_picked":["Underhanded Strike","Riddle With Holes"],"picked":"Dodge and Roll","floor":14.0}],"player_experience":52505,"relics_obtained":[{"floor":6.0,"key":"Centennial Puzzle"},{"floor":9.0,"key":"Regal Pillow"},{"floor":10.0,"key":"Bronze Scales"},{"floor":13.0,"key":"Potion Belt"}],"event_choices":[{"cards_removed":["Strike_G"],"damage_healed":0.0,"max_hp_gain":0.0,"max_hp_loss":0.0,"gold_gain":0.0,"event_name":"Living Wall","player_choice":"Forget","floor":3.0,"gold_loss":0.0,"damage_taken":0.0},{"cards_removed":["Strike_G"],"damage_healed":0.0,"max_hp_gain":0.0,"max_hp_loss":0.0,"gold_gain":0.0,"event_name":"The Cleric","player_choice":"Card Removal","floor":5.0,"gold_loss":50.0,"damage_taken":0.0}],"is_beta":false,"boss_relics":[],"items_purged_floors":[],"is_endless":false,"potions_floor_spawned":[1,4,8,10,12],"killed_by":"Slime Boss","ascension_level":3}}