{"host":"aycnbidq9d24owrh","time":1614081131,"event":{"mods":["Bard","BaseMod","BetterRewards","Colored Map","Downfall","Infinite Spire","Minty Spire (QoL Compilation)","Replay The Spire","Shop Mod","Spire Arcade","StSLib","The Cursed","The Disciple","The Hierophant","The Jungle","The Runesmith","TheBandit"],"gold_per_floor":[117,133,133,43,43,43,62,96,96,107,117,117,117,130,130,227,227,247,247,247,3,3,3,13,41,41,41,55,68,88,105,105,204,204,224,235,235,235,253,282,282,302,302,302,333,352,362,372,372,372],"floor_reached":51,"language":"ENG","playtime":2137,"items_purged":[],"score":633,"play_id":"5bbe5fc7-c9e0-4e44-8419-2635e2161515","local_time":"20210223035211","is_ascension_mode":false,"campfire_choices":[{"data":"Searing Blow","floor":6,"key":"SMITH"},{"data":"Searing Blow+1","floor":12,"key":"SMITH"},{"data":"infinitespire:SevenWalls","floor":23,"key":"SMITH"},{"data":"Searing Blow+2","floor":27,"key":"SMITH"},{"data":"infinitespire:UltimateForm","floor":32,"key":"SMITH"},{"data":"Demon Form","floor":41,"key":"SMITH"},{"data":"Searing Blow+3","floor":44,"key":"SMITH"},{"floor":49,"key":"DIG"}],"circlet_count":0,"master_deck":["Strike_R+1","Strike_R+1","Strike_R+1","Strike_R+1","Strike_R+1","Defend_R","Defend_R","Defend_R","Defend_R","Bash","Mayhem","Ghostly Armor","Searing Blow+4","Forethought","Flame Barrier","Perfected Strike","Flex","Perfected Strike","ReplayTheSpireMod:Stacked","Reaper","Replay:Undeath\u0027s Touch","Demon Form+1","Combust","infinitespire:SevenWalls+1","infinitespire:UltimateForm+1","Iron Wave","Pommel Strike+1","Entrench","Sever Soul","Body Slam","ReplayTheSpireMod:LeadingStrike","Corruption","Armaments+1","Perfected Strike+1","Feel No Pain+1","Metallicize","Metallicize","True Grit","Iron Wave","Whirlwind","True Grit+1"],"relics":["Burning Blood","ReplayTheSpireMod:Ring of Addiction","Ring of Hypnosis","Toy Ornithopter","Potion Belt","infinitespire:FocusingShard","Lantern","Replay:Grab Bag","Busted Crown","Runesmith:UraniumAnvil","SacredBark","Replay:Rubber Ducky","Philosopher\u0027s Stone","Membership Card","Happy Flower","infinitespire:EmpoweringShard","Ring of Chaos","Replay:Bottled Eggs","Bottled Flame","Blood Vial","Red Skull"],"acts_visited":["Exordium","TheCity","TheBeyond"],"potions_floor_usage":[8,8,8,16,18,21,25,28,31,33,33,33,33,33,36,39,42,46,48],"damage_taken":[{"damage":8,"enemies":"Jaw Worm","floor":1,"turns":3},{"damage":1,"enemies":"Cultist","floor":2,"turns":4},{"damage":4,"enemies":"2 Louse","floor":7,"turns":4},{"damage":14,"enemies":"Lagavulin","floor":8,"turns":6},{"damage":14,"enemies":"Blue Slaver","floor":10,"turns":3},{"damage":5,"enemies":"Lots of Slimes","floor":11,"turns":5},{"damage":0,"enemies":"Looter","floor":14,"turns":2},{"damage":62,"enemies":"Slime Boss","floor":16,"turns":12},{"damage":0,"enemies":"Shell Parasite","floor":18,"turns":4},{"damage":4,"enemies":"Chosen","floor":24,"turns":5},{"damage":11,"enemies":"Book of Stabbing","floor":25,"turns":5},{"damage":16,"enemies":"Snake Plant","floor":28,"turns":2},{"damage":1,"enemies":"Cultist and Chosen","floor":29,"turns":5},{"damage":0,"enemies":"3 Cultists","floor":30,"turns":6},{"damage":0,"enemies":"Chosen and Byrds","floor":31,"turns":5},{"damage":6,"enemies":"Collector","floor":33,"turns":3},{"damage":6,"enemies":"Orb Walker","floor":35,"turns":2},{"damage":0,"enemies":"3 Shapes","floor":36,"turns":2},{"damage":3,"enemies":"Sphere and 2 Shapes","floor":39,"turns":4},{"damage":0,"enemies":"R_Hoarder","floor":40,"turns":5},{"damage":1,"enemies":"Spire Growth","floor":42,"turns":4},{"damage":40,"enemies":"Nemesis","floor":45,"turns":5},{"damage":5,"enemies":"Maw","floor":46,"turns":8},{"damage":2,"enemies":"Writhing Mass","floor":47,"turns":4},{"damage":0,"enemies":"Spire Growth","floor":48,"turns":4},{"damage":52,"enemies":"Replay:Hell Engine","floor":50,"turns":10}],"seed_played":"6542298683146250113","potions_obtained":[{"floor":1,"key":"sneckomod:MuddlingPotion"},{"floor":2,"key":"Venom Potion"},{"floor":5,"key":"Regen Potion"},{"floor":5,"key":"Milkshake"},{"floor":5,"key":"SkillPotion"},{"floor":8,"key":"Swift Potion"},{"floor":15,"key":"EntropicBrew"},{"floor":15,"key":"LifebloodPotion"},{"floor":16,"key":"BloodPotion"},{"floor":25,"key":"SteroidPotion"},{"floor":29,"key":"Fire Potion"},{"floor":31,"key":"SteroidPotion"},{"floor":33,"key":"Explosive Potion"},{"floor":36,"key":"DistilledChaos"},{"floor":40,"key":"Dexterity Potion"},{"floor":45,"key":"ColorlessPotion"},{"floor":47,"key":"Adrenaline Potion"}],"is_trial":false,"path_per_floor":["M","M","?","$","?","R","M","E","T","M","M","R","?","M","R_BF","B",null,"M","AVR","?","$","?","R","M","E","T","R","M","M","M","M","R","B",null,"M","M","?","?","M","E","R","M","T","R","E","M","M","M","R_BF","B",null],"character_chosen":"IRONCLAD","items_purchased":["Flame Barrier","Perfected Strike","Regen Potion","Membership Card","Strength Potion"],"campfire_rested":0,"item_purchase_floors":[4,4,21,21,21],"current_hp_per_floor":[54,59,59,59,59,59,61,80,80,72,73,73,73,78,76,34,76,76,76,57,76,76,76,76,74,74,74,69,74,74,74,74,74,74,74,74,74,74,74,74,74,74,74,74,40,56,62,72,72,39],"gold":372,"neow_bonus":"RANDOM_COLORLESS_2","is_daily":false,"chose_seed":false,"campfire_upgraded":7,"win_rate":0.0,"timestamp":1614081131,"path_taken":["M","M","?","?","?","R","M","E","T","?","?","R","?","M","R_BF","BOSS","M","AVR","?","$","?","R","?","E","T","R","M","M","M","M","R","BOSS","M","M","?","?","M","E","R","M","T","R","E","M","M","?","R_BF","BOSS"],"items_purchased_type":["Card","Card","Potion","Relic","Potion"],"build_version":"2020-12-22","purchased_purges":0,"victory":true,"max_hp_per_floor":[80,80,80,80,80,80,80,80,80,80,80,78,78,78,76,76,76,76,76,76,76,76,76,76,74,74,74,74,74,74,74,74,74,74,74,74,74,74,74,74,74,74,74,74,74,72,72,72,72,72],"card_choices":[{"not_picked":["Poisoned Strike","Master of Strategy"],"picked":"Mayhem","floor":0},{"not_picked":["Shockwave","Perfected Strike"],"picked":"Ghostly Armor","floor":1},{"not_picked":["Shrug It Off","Sword Boomerang"],"picked":"Searing Blow","floor":2},{"not_picked":["Sever Soul","Pommel Strike"],"picked":"Flex","floor":7},{"not_picked":["Shrug It Off","Combust"],"picked":"Perfected Strike","floor":8},{"not_picked":["Shrug It Off","Warcry"],"picked":"ReplayTheSpireMod:Stacked","floor":10},{"not_picked":["Spot Weakness","Flex"],"picked":"Reaper","floor":11},{"not_picked":["True Grit","Heavy Blade"],"picked":"Replay:Undeath\u0027s Touch","floor":14},{"not_picked":["Replay:Many Hands","Barricade"],"picked":"Demon Form","floor":16},{"not_picked":[],"picked":"Combust","floor":18},{"not_picked":["ReplayTheSpireMod:Chaos Vortex","infinitespire:FutureSight"],"picked":"infinitespire:UltimateForm","floor":20},{"not_picked":[],"picked":"Iron Wave","floor":24},{"not_picked":[],"picked":"Pommel Strike+1","floor":25},{"not_picked":[],"picked":"Entrench","floor":28},{"not_picked":[],"picked":"Sever Soul","floor":29},{"not_picked":[],"picked":"Body Slam","floor":30},{"not_picked":[],"picked":"ReplayTheSpireMod:LeadingStrike","floor":31},{"not_picked":[],"picked":"Corruption","floor":33},{"not_picked":[],"picked":"Armaments+1","floor":35},{"not_picked":[],"picked":"Perfected Strike+1","floor":36},{"not_picked":[],"picked":"Feel No Pain+1","floor":39},{"not_picked":[],"picked":"Metallicize","floor":40},{"not_picked":[],"picked":"Metallicize","floor":42},{"not_picked":[],"picked":"True Grit","floor":45},{"not_picked":[],"picked":"Iron Wave","floor":46},{"not_picked":[],"picked":"Whirlwind","floor":47},{"not_picked":[],"picked":"True Grit+1","floor":48}],"player_experience":4915,"relics_obtained":[{"floor":5,"key":"ReplayTheSpireMod:Ring of Addiction"},{"floor":5,"key":"Ring of Hypnosis"},{"floor":5,"key":"Toy Ornithopter"},{"floor":5,"key":"Potion Belt"},{"floor":8,"key":"infinitespire:FocusingShard"},{"floor":9,"key":"Lantern"},{"floor":25,"key":"Happy Flower"},{"floor":26,"key":"infinitespire:EmpoweringShard"},{"floor":40,"key":"Replay:Bottled Eggs"},{"floor":43,"key":"Bottled Flame"},{"floor":45,"key":"Blood Vial"},{"floor":49,"key":"Red Skull"}],"event_choices":[{"damage_healed":0,"gold_gain":0,"player_choice":"1 cards matched","damage_taken":0,"max_hp_gain":0,"max_hp_loss":0,"event_name":"Match and Keep!","floor":3,"gold_loss":0,"cards_obtained":["Forethought"]},{"cards_removed":["Looming Evil"],"damage_healed":0,"gold_gain":0,"player_choice":"Purged","damage_taken":0,"max_hp_gain":0,"max_hp_loss":0,"event_name":"Purifier","floor":13,"gold_loss":0},{"cards_removed":["infinitespire:Fortify"],"damage_healed":5,"gold_gain":0,"player_choice":"Offered Special","damage_taken":0,"max_hp_gain":0,"max_hp_loss":0,"event_name":"Bonfire Elementals","floor":22,"gold_loss":0},{"damage_healed":0,"gold_gain":0,"player_choice":"Ignored","damage_taken":0,"max_hp_gain":0,"max_hp_loss":0,"event_name":"SecretPortal","floor":38,"gold_loss":0}],"is_beta":false,"boss_relics":[{"not_picked":["Ooze Armor","Kintsugi"],"picked":"Replay:Grab Bag"},{"not_picked":["Replay:Bronze Core","Velvet Choker"],"picked":"Busted Crown"},{"not_picked":["Replay:Wanted Poster","Electric Blood"],"picked":"Runesmith:UraniumAnvil"},{"not_picked":["Replay:Drink Me","SlaversCollar"],"picked":"SacredBark"},{"not_picked":["Replay:Fungal Core","Mark of Pain"],"picked":"Ring of Chaos"}],"items_purged_floors":[],"is_endless":false,"potions_floor_spawned":[1,2,8,16,25,29,31,33,36,40,45,47],"ascension_level":0}}