{"host":"jsd6g3c2vo13e69c","time":1614051550,"event":{"mods":["2.2 Compatiblity","Act Like it!","BaseMod","Better Altar","Better Match","Better Note","Better Sensory Stone","Better Third Choice","BetterRewards","Colored Map","Colored Powertips","Curses Come First","Downfall","Friendly Minions","GifTheSpireLib","Googly Eyes","Gremlin Mod","Hermit","Hubris","Infinite Spire","Melee Mod","Minty Spire (QoL Compilation)","Permanent Neow","Quick Restart","Random Character Button","Replay The Spire","Shop Mod","Spire Arcade","StSLib","SuperFastMode","The Cursed","The Disciple","The Forsaken","The Jungle","The Spell Scribe","thorton"],"gold_per_floor":[12,12,22,22,49,2,19,19,43,43,59,76,76,93,93,188,188,206,206,219,239,28,28,45,45,97,114,114,128,160,160,160,259,259,275,287,4,4,14,14,28,28,52,202,424,424,424,436,436,436,436],"floor_reached":50,"language":"ENG","playtime":2376,"items_purged":["theForsaken:PlagueCurse"],"score":583,"play_id":"0af13123-082e-48dd-8568-7d1c5f60cf1f","local_time":"20210222223910","is_ascension_mode":false,"campfire_choices":[{"data":"meleeMod_BlueFalcon","floor":8,"key":"SMITH"},{"floor":23,"key":"REST"},{"floor":25,"key":"REST"},{"floor":32,"key":"REST"},{"floor":40,"key":"REST"},{"floor":42,"key":"REST"},{"floor":46,"key":"REST"},{"floor":49,"key":"REST"}],"circlet_count":0,"master_deck":["meleeMod_Jab+1","meleeMod_Jab+1","meleeMod_Jab","meleeMod_Shield","meleeMod_Shield+1","meleeMod_NeutralAir","meleeMod_BackAir","meleeMod_BlueFalcon+1","meleeMod_EdgeCancel","meleeMod_NoDI+1","meleeMod_Gentleman+1","meleeMod_Gentleman","meleeMod_DownAir","meleeMod_RockCrock","meleeMod_SoftKnee","meleeMod_Knee","meleeMod_EdgeGuard","meleeMod_Gentleman","meleeMod_WallJump+1","meleeMod_DropZone+1","meleeMod_DownAir+1","meleeMod_Randall","meleeMod_Gentleman","meleeMod_UpAir","meleeMod_DropZone","meleeMod_WallJump+1","meleeMod_EdgeCancel","meleeMod_Cautious+1","meleeMod_ForwardTilt+1","meleeMod_SoftKnee","Forethought","Finesse","Secret Technique","meleeMod_ShieldPoke","meleeMod_Cautious+1","meleeMod_Cautious+1"],"relics":["meleeMod_LosersMang0","hubris:Icosahedron","ReplayFunnel","Gremlin Food","hubris:Towel","theForsaken:PlagueMask","Black Star","infinitespire:PuzzleCube","Ring of Fury","Red Mask","Spirit Poop","meleeMod_EvidenceZip","hubris:HerbalPaste","Pet Ghost","Replay:Towering Pillar of Hats"],"acts_visited":["Exordium","TheCity","TheBeyond"],"potions_floor_usage":[12,16,18,21,27,33,33,39,48],"damage_taken":[{"damage":0,"enemies":"Small Slimes","floor":1,"turns":1},{"damage":0,"enemies":"2 Louse","floor":3,"turns":1},{"damage":0,"enemies":"Jaw Worm","floor":7,"turns":1},{"damage":0,"enemies":"Blue Slaver","floor":11,"turns":1},{"damage":6,"enemies":"3 Louse","floor":12,"turns":2},{"damage":0,"enemies":"Exordium Thugs","floor":14,"turns":2},{"damage":3,"enemies":"Slime Boss","floor":16,"turns":3},{"damage":8,"enemies":"Spheric Guardian","floor":18,"turns":3},{"damage":3,"enemies":"3 Byrds","floor":20,"turns":3},{"damage":12,"enemies":"Snake Plant","floor":21,"turns":1},{"damage":1,"enemies":"Chosen and Byrds","floor":24,"turns":5},{"damage":0,"enemies":"3 Cultists","floor":27,"turns":2},{"damage":10,"enemies":"Cultist and Chosen","floor":29,"turns":4},{"damage":31,"enemies":"Masked Bandits","floor":30,"turns":4},{"damage":62,"enemies":"Automaton","floor":33,"turns":8},{"damage":21,"enemies":"3 Darklings","floor":35,"turns":4},{"damage":7,"enemies":"Orb Walker","floor":36,"turns":3},{"damage":13,"enemies":"4 Shapes","floor":39,"turns":2},{"damage":0,"enemies":"Jaw Worm Horde","floor":41,"turns":1},{"damage":35,"enemies":"Maw","floor":48,"turns":5},{"damage":92,"enemies":"Replay:Hell Engine","floor":50,"turns":8}],"seed_played":"6086134173094269537","potions_obtained":[{"floor":7,"key":"FearPotion"},{"floor":11,"key":"PowerPotion"},{"floor":14,"key":"Death Potion"},{"floor":16,"key":"Languid Potion"},{"floor":18,"key":"Reflective Coating"},{"floor":24,"key":"Explosive Potion"},{"floor":29,"key":"Regen Potion"},{"floor":36,"key":"DistilledChaos"},{"floor":39,"key":"Adrenaline Potion"}],"is_trial":false,"path_per_floor":["M","?","M","?","T","$","M","R","T","?","M","M","?","M","R_BF","B",null,"M","?","M","M","$","R","M","R","T","M","?","M","?","?","R","B",null,"M","M","$","?","M","R","M","R","T","?","?","R","T","M","R","B"],"character_chosen":"FALCON","items_purchased":["meleeMod_Gentleman","meleeMod_DownAir+1","meleeMod_Randall","hubris:HerbalPaste","meleeMod_SoftKnee","Forethought"],"campfire_rested":7,"item_purchase_floors":[6,22,22,37,37,37],"current_hp_per_floor":[85,78,78,78,78,78,78,78,78,78,78,72,72,72,72,69,85,77,77,74,62,62,85,84,85,85,85,85,75,44,44,69,22,85,64,57,57,57,47,72,72,85,85,85,85,85,85,51,76,0,0],"gold":436,"neow_bonus":"TRANSFORM_TWO_CARDS","is_daily":false,"chose_seed":false,"campfire_upgraded":1,"win_rate":0.0,"timestamp":1614051550,"path_taken":["M","?","M","?","?","?","?","R","T","?","M","M","?","M","R_BF","BOSS","M","?","M","M","$","R","M","R","T","M","?","M","?","?","R","BOSS","M","M","$","?","M","R","M","R","T","?","?","R","?","M","R","BOSS"],"items_purchased_type":["Card","Card","Card","Relic","Card","Card"],"build_version":"2020-12-22","purchased_purges":1,"victory":false,"max_hp_per_floor":[85,85,85,85,85,85,85,85,85,85,85,85,85,85,85,85,85,85,85,85,85,85,85,85,85,85,85,85,85,85,85,85,85,85,85,85,85,85,85,85,85,85,85,85,85,85,85,85,85,85,85],"card_choices":[{"not_picked":["meleeMod_BMoveSpecialist","meleeMod_BackAir"],"picked":"meleeMod_NoDI","floor":1},{"not_picked":["meleeMod_Randall","meleeMod_SoftKnee"],"picked":"meleeMod_Gentleman","floor":3},{"not_picked":["meleeMod_UpTilt","meleeMod_FalconPunch"],"picked":"meleeMod_DownAir","floor":7},{"not_picked":["meleeMod_SoftKnee","meleeMod_WallJump"],"picked":"meleeMod_RockCrock","floor":11},{"not_picked":["meleeMod_BackAir","meleeMod_RapidJabs"],"picked":"meleeMod_SoftKnee","floor":12},{"not_picked":["meleeMod_UCF","meleeMod_FalconDive","meleeMod_DownSmash"],"picked":"SKIP","floor":14},{"not_picked":["meleeMod_IKilledMufasa","meleeMod_HomieStock"],"picked":"meleeMod_EdgeGuard","floor":16},{"not_picked":["meleeMod_SweetSpot","meleeMod_WaveLand+1"],"picked":"meleeMod_Gentleman","floor":18},{"not_picked":["meleeMod_UpSmash","meleeMod_FalconKick"],"picked":"meleeMod_WallJump+1","floor":20},{"not_picked":["meleeMod_Cautious","meleeMod_Knee"],"picked":"meleeMod_DropZone","floor":21},{"not_picked":["meleeMod_ShieldDrop","meleeMod_UpTilt"],"picked":"meleeMod_Gentleman","floor":24},{"not_picked":["meleeMod_DownSmash","meleeMod_CommandGrab"],"picked":"meleeMod_UpAir","floor":27},{"not_picked":["meleeMod_RapidJabs","meleeMod_FireFlower"],"picked":"meleeMod_DropZone","floor":29},{"not_picked":["meleeMod_DIMixUp+1","meleeMod_LoseStock"],"picked":"meleeMod_WallJump","floor":30},{"not_picked":["meleeMod_UCF","meleeMod_HomieStock"],"picked":"meleeMod_EdgeCancel","floor":33},{"not_picked":["meleeMod_RapidJabs+1","meleeMod_FalconKick"],"picked":"meleeMod_Cautious+1","floor":35},{"not_picked":["meleeMod_Roll","meleeMod_Pause"],"picked":"meleeMod_ForwardTilt+1","floor":36},{"not_picked":["Discovery","Swift Strike"],"picked":"Finesse","floor":38},{"not_picked":["Crow Ritual","Apotheosis"],"picked":"Secret Technique","floor":38},{"not_picked":["meleeMod_WaveDash","meleeMod_UpTilt"],"picked":"meleeMod_ShieldPoke","floor":39},{"not_picked":["meleeMod_ShieldPoke","meleeMod_HaxDash"],"picked":"meleeMod_Cautious+1","floor":41},{"not_picked":["meleeMod_ForwardTilt","meleeMod_FalconKick"],"picked":"meleeMod_Cautious+1","floor":48}],"player_experience":399162,"relics_obtained":[{"floor":5,"key":"ReplayFunnel"},{"floor":9,"key":"Gremlin Food"},{"floor":26,"key":"infinitespire:PuzzleCube"},{"floor":28,"key":"Ring of Fury"},{"floor":30,"key":"Red Mask"},{"floor":43,"key":"Pet Ghost"},{"floor":47,"key":"Replay:Towering Pillar of Hats"}],"event_choices":[{"cards_removed":["meleeMod_Shield"],"damage_healed":0,"gold_gain":0,"player_choice":"Card Removal","damage_taken":7,"max_hp_gain":0,"max_hp_loss":0,"event_name":"Golden Wing","floor":2,"gold_loss":0},{"damage_healed":0,"gold_gain":0,"player_choice":"Obtain Plague Curse","damage_taken":0,"max_hp_gain":0,"max_hp_loss":0,"event_name":"Plague Doctor","floor":13,"gold_loss":0,"cards_obtained":["theForsaken:PlagueCurse"]},{"damage_healed":0,"gold_gain":0,"player_choice":"Ignored","damage_taken":0,"max_hp_gain":0,"max_hp_loss":0,"event_name":"betterNote:BetterNote","floor":19,"gold_loss":0,"cards_obtained":["thethorton:CreditCard"]},{"damage_healed":0,"gold_gain":0,"player_choice":"Fought Bandits","damage_taken":0,"max_hp_gain":0,"max_hp_loss":0,"event_name":"Masked Bandits","floor":30,"gold_loss":0},{"cards_removed":["CommonCold"],"damage_healed":0,"gold_gain":0,"player_choice":"Offered Curse","damage_taken":0,"relics_obtained":["Spirit Poop"],"max_hp_gain":0,"max_hp_loss":0,"event_name":"Bonfire Elementals","floor":31,"gold_loss":0},{"damage_healed":0,"gold_gain":3,"player_choice":"1","damage_taken":0,"max_hp_gain":0,"max_hp_loss":0,"event_name":"betterStone:BetterStone","floor":38,"gold_loss":0},{"damage_healed":0,"gold_gain":222,"player_choice":"Wore Mask","damage_taken":0,"max_hp_gain":0,"max_hp_loss":0,"event_name":"Tomb of Lord Red Mask","floor":45,"gold_loss":0}],"is_beta":false,"boss_relics":[{"not_picked":["hubris:VirtuousBlindfold","bronze:MakeshiftBattery"],"picked":"Black Star"},{"not_picked":["Busted Crown","thethorton:BottledFunds"],"picked":"meleeMod_EvidenceZip"}],"items_purged_floors":[22],"is_endless":false,"potions_floor_spawned":[7,11,14,16,18,24,29,36,39],"killed_by":"Replay:Hell Engine","ascension_level":0}}