{"host":"ocllwaoi18j60ltd","time":1614076772,"event":{"mods":["BaseMod","DeckTracker","Minty Spire (QoL Compilation)","Permanent Neow","Quick Restart","StSLib","SuperFastMode"],"gold_per_floor":[116,134,1,1,13,40,40,73,73,73,92,105,105,30,30,101,101,119,119,119,91,109,109,9,9,9,25,25,54,54,54,54,128,128,143,158,158,177,177,177,187,187,187,200,200,247,247,280,280,280,280],"floor_reached":50,"language":"KOR","playtime":1265,"items_purged":["Strike_G","Strike_G"],"score":1092,"play_id":"8e9672ef-6e33-462d-94fb-61ce88674135","local_time":"20210223193932","is_ascension_mode":true,"campfire_choices":[{"data":"Blade Dance","floor":7.0,"key":"SMITH"},{"data":"Accuracy","floor":10.0,"key":"SMITH"},{"data":"Acrobatics","floor":13.0,"key":"SMITH"},{"floor":15.0,"key":"REST"},{"data":"Blade Dance","floor":23.0,"key":"SMITH"},{"data":"Neutralize","floor":25.0,"key":"SMITH"},{"floor":30.0,"key":"REST"},{"floor":32.0,"key":"REST"},{"floor":40.0,"key":"REST"},{"floor":45,"key":"RECALL"},{"floor":47,"key":"REST"},{"data":"Wraith Form v2","floor":49,"key":"SMITH"}],"circlet_count":0,"master_deck":["AscendersBane","Defend_G","Defend_G","Defend_G","Defend_G","Survivor","Neutralize+1","Backstab","Blade Dance+1","Dagger Throw","Dagger Spray","Acrobatics+1","Accuracy+1","Backflip","Wraith Form v2+1","Corpse Explosion","Slice+1","Blade Dance+1","Backflip+1","Footwork","Venomology","Caltrops","Masterful Stab+1","Dodge and Roll","Reflex"],"relics":["Ring of the Snake","Lizard Tail","Paper Crane","Ginger","SlaversCollar","Shuriken","MutagenicStrength","The Courier","Empty Cage","TungstenRod","Regal Pillow"],"acts_visited":["Exordium","TheCity","TheBeyond"],"potions_floor_usage":[41,41,44,46,48,50,50],"damage_taken":[{"damage":0.0,"enemies":"2 Louse","floor":1.0,"turns":4.0},{"damage":0.0,"enemies":"Small Slimes","floor":2.0,"turns":3.0},{"damage":2.0,"enemies":"Jaw Worm","floor":5.0,"turns":5.0},{"damage":7.0,"enemies":"Gremlin Nob","floor":6.0,"turns":4.0},{"damage":29.0,"enemies":"Lagavulin","floor":8.0,"turns":6.0},{"damage":4.0,"enemies":"Red Slaver","floor":11.0,"turns":2.0},{"damage":0.0,"enemies":"2 Fungi Beasts","floor":12.0,"turns":2.0},{"damage":38.0,"enemies":"Slime Boss","floor":16.0,"turns":8.0},{"damage":8.0,"enemies":"Spheric Guardian","floor":18.0,"turns":5.0},{"damage":0.0,"enemies":"Chosen","floor":22.0,"turns":3.0},{"damage":1.0,"enemies":"Snecko","floor":27.0,"turns":4.0},{"damage":18.0,"enemies":"Slavers","floor":29.0,"turns":3.0},{"damage":16.0,"enemies":"Automaton","floor":33.0,"turns":7.0},{"damage":21.0,"enemies":"3 Darklings","floor":35.0,"turns":3.0},{"damage":1.0,"enemies":"Orb Walker","floor":36.0,"turns":3.0},{"damage":15.0,"enemies":"Jaw Worm Horde","floor":38.0,"turns":4.0},{"damage":36,"enemies":"Writhing Mass","floor":41,"turns":6},{"damage":10,"enemies":"4 Shapes","floor":44,"turns":4},{"damage":53,"enemies":"2 Orb Walkers","floor":46,"turns":5},{"damage":0,"enemies":"Giant Head","floor":48,"turns":6},{"damage":53,"enemies":"Awakened One","floor":50,"turns":6}],"seed_played":"6636218436667151541","potions_obtained":[{"floor":2.0,"key":"GhostInAJar"},{"floor":5.0,"key":"DistilledChaos"},{"floor":8.0,"key":"Explosive Potion"},{"floor":22.0,"key":"PowerPotion"},{"floor":35.0,"key":"ColorlessPotion"},{"floor":36.0,"key":"PowerPotion"},{"floor":46,"key":"Explosive Potion"}],"is_trial":false,"path_per_floor":["M","M","$","?","M","E","R","E","T","R","M","M","R","?","R","B",null,"M","?","?","$","M","R","$","R","T","M","?","E","R","?","R","B",null,"M","M","?","M","?","R","M","?","T","M","R","?","R","E","R","B"],"character_chosen":"THE_SILENT","items_purchased":["Dagger Spray","Blade Dance"],"campfire_rested":5,"item_purchase_floors":[3,21],"current_hp_per_floor":[59,59,59,64,62,55,55,26,26,26,22,22,22,22,43,5,55,47,47,47,47,47,47,47,47,47,46,46,28,49,29,51,35,66,45,44,44,29,29,51,15,62,62,52,52,30,48,48,48,0,0],"gold":280,"neow_bonus":"THREE_CARDS","is_daily":false,"chose_seed":false,"campfire_upgraded":6,"win_rate":0.0,"timestamp":1614076772,"path_taken":["M","M","$","?","M","E","R","E","T","R","M","M","R","?","R","BOSS","M","?","?","?","?","R","$","R","T","M","?","E","R","?","R","BOSS","M","M","?","?","?","R","M","?","T","M","R","?","R","E","R","BOSS"],"items_purchased_type":["Card","Card"],"build_version":"2020-12-22","purchased_purges":2,"victory":false,"max_hp_per_floor":[66,66,66,71,71,71,71,71,71,71,71,71,71,71,71,71,71,71,71,71,71,71,71,71,71,71,71,71,71,71,76,76,76,76,76,76,76,76,76,76,76,62,62,62,62,62,62,62,62,62,62],"card_choices":[{"not_picked":["Slice","Infinite Blades"],"picked":"Backstab","floor":0.0},{"not_picked":["Poisoned Stab","Catalyst"],"picked":"Blade Dance","floor":1.0},{"not_picked":["Prepared","Dodge and Roll"],"picked":"Dagger Throw","floor":2.0},{"not_picked":["Setup","Flying Knee"],"picked":"Acrobatics","floor":5.0},{"not_picked":["Distraction","Eviscerate"],"picked":"Accuracy","floor":6.0},{"not_picked":["Deadly Poison","Underhanded Strike"],"picked":"Backflip","floor":8.0},{"not_picked":["Bane","Flying Knee","Dagger Spray"],"picked":"SKIP","floor":11.0},{"not_picked":["Outmaneuver","Dagger Spray"],"picked":"Wraith Form v2","floor":12.0},{"not_picked":["Night Terror","Glass Knife"],"picked":"Corpse Explosion","floor":16.0},{"not_picked":["Acrobatics","Dagger Spray"],"picked":"Slice+1","floor":18.0},{"not_picked":["Dodge and Roll","Acrobatics+1"],"picked":"Backflip+1","floor":22.0},{"not_picked":["Outmaneuver","All Out Attack","Acrobatics"],"picked":"SKIP","floor":27.0},{"not_picked":["Malaise","Acrobatics"],"picked":"Footwork","floor":29.0},{"not_picked":["Storm of Steel","Corpse Explosion"],"picked":"Venomology","floor":33.0},{"not_picked":["Quick Slash","Concentrate","Flying Knee"],"picked":"SKIP","floor":35.0},{"not_picked":["Quick Slash","Backflip"],"picked":"Caltrops","floor":36.0},{"not_picked":["Acrobatics+1","Outmaneuver"],"picked":"Masterful Stab+1","floor":38.0},{"not_picked":["Quick Slash+1","Bane"],"picked":"Dodge and Roll","floor":41},{"not_picked":["Dagger Throw","Quick Slash+1"],"picked":"Reflex","floor":44},{"not_picked":["Poisoned Stab+1","Deflect","Leg Sweep"],"picked":"SKIP","floor":48}],"player_experience":864020,"relics_obtained":[{"floor":6.0,"key":"Lizard Tail"},{"floor":8.0,"key":"Paper Crane"},{"floor":9.0,"key":"Ginger"},{"floor":26.0,"key":"Shuriken"},{"floor":29.0,"key":"The Courier"},{"floor":46,"key":"TungstenRod"},{"floor":48,"key":"Regal Pillow"}],"event_choices":[{"damage_healed":0.0,"max_hp_gain":5.0,"max_hp_loss":0.0,"gold_gain":0.0,"event_name":"Big Fish","player_choice":"Donut","floor":4.0,"gold_loss":0.0,"damage_taken":0.0},{"cards_removed":["Strike_G"],"damage_healed":0.0,"max_hp_gain":0.0,"max_hp_loss":0.0,"gold_gain":0.0,"event_name":"The Cleric","player_choice":"Card Removal","floor":14.0,"gold_loss":75.0,"damage_taken":0.0},{"cards_removed":["Strike_G"],"damage_healed":0.0,"max_hp_gain":0.0,"max_hp_loss":0.0,"gold_gain":0.0,"event_name":"Back to Basics","player_choice":"Elegance","floor":19.0,"gold_loss":0.0,"damage_taken":0.0},{"damage_healed":0.0,"max_hp_gain":0.0,"max_hp_loss":0.0,"gold_gain":0.0,"event_name":"Cursed Tome","player_choice":"Ignored","floor":20.0,"gold_loss":0.0,"damage_taken":0.0},{"damage_healed":0.0,"max_hp_gain":0.0,"max_hp_loss":0.0,"gold_gain":0.0,"event_name":"Drug Dealer","player_choice":"Inject Mutagens","floor":28.0,"gold_loss":0.0,"damage_taken":0.0,"relics_obtained":["MutagenicStrength"]},{"damage_healed":0.0,"max_hp_gain":5.0,"max_hp_loss":0.0,"gold_gain":0.0,"event_name":"Forgotten Altar","player_choice":"Shed Blood","floor":31.0,"gold_loss":0.0,"damage_taken":25.0},{"damage_healed":0.0,"max_hp_gain":0.0,"max_hp_loss":0.0,"gold_gain":0.0,"event_name":"SecretPortal","player_choice":"Ignored","floor":37.0,"gold_loss":0.0,"damage_taken":0.0},{"damage_healed":0.0,"max_hp_gain":0.0,"max_hp_loss":0.0,"gold_gain":0.0,"event_name":"Tomb of Lord Red Mask","player_choice":"Ignored","floor":39.0,"gold_loss":0.0,"damage_taken":0.0},{"damage_healed":62,"gold_gain":0,"player_choice":"Heal","damage_taken":0,"max_hp_gain":0,"max_hp_loss":14,"event_name":"The Moai Head","floor":42,"gold_loss":0},{"damage_healed":0,"gold_gain":0,"player_choice":"Fight","damage_taken":0,"max_hp_gain":0,"max_hp_loss":0,"event_name":"Mysterious Sphere","floor":46,"gold_loss":0}],"is_beta":false,"boss_relics":[{"not_picked":["Tiny House","Pandora\u0027s Box"],"picked":"SlaversCollar"},{"not_picked":["Coffee Dripper","Fusion Hammer"],"picked":"Empty Cage"}],"items_purged_floors":[3,24],"is_endless":false,"potions_floor_spawned":[2,5,8,22,35,36,46],"killed_by":"Awakened One","ascension_level":20}}