{"host":"7wi4qgm5yw4j7oz0","time":1614094912,"event":{"mods":["AchievementEnabler","BaseMod","Block Reminder","Colored Map","Colored Powertips","Highlight Path","Minty Spire (QoL Compilation)","Permanent Neow","Random Character Button","StSLib","SuperFastMode","everything is the same but u backflip on backflip"],"gold_per_floor":[112,37,53,64,64,64,75,75,102,117,117,145,165,65,65,137,137,151,186,61,61,72,72,72,72,72,106,106,106,117,117,117,188,188,200,213,213,213,223,223,240,240,264,264,284,284,284,297,297,297],"floor_reached":51,"language":"KOR","playtime":1687,"items_purged":["Shame","Strike_R","Strike_R"],"score":1234,"play_id":"b1432341-09f4-422c-9e3b-53f2882d8a77","local_time":"20210224004152","is_ascension_mode":true,"campfire_choices":[{"data":"Searing Blow","floor":6.0,"key":"SMITH"},{"data":"Searing Blow+1","floor":8.0,"key":"SMITH"},{"data":"Searing Blow+2","floor":11.0,"key":"SMITH"},{"data":"Searing Blow+3","floor":15.0,"key":"SMITH"},{"data":"Searing Blow+4","floor":23.0,"key":"SMITH"},{"data":"Searing Blow+5","floor":25.0,"key":"SMITH"},{"floor":32.0,"key":"REST"},{"floor":40,"key":"REST"},{"data":"Searing Blow+6","floor":42,"key":"SMITH"},{"data":"Searing Blow+7","floor":46,"key":"SMITH"},{"floor":49,"key":"REST"}],"circlet_count":0,"master_deck":["AscendersBane","Strike_R+1","Defend_R","Defend_R","Defend_R","Defend_R","Searing Blow+8","Headbutt+1","Thunderclap","Battle Trance","Offering","Battle Trance","Flame Barrier","Decay","Corruption","Armaments","Dual Wield+1","Seeing Red"],"relics":["Burning Blood","Incense Burner","Strawberry","Ancient Tea Set","Empty Cage","Red Mask","HornCleat","CaptainsWheel","MutagenicStrength","Runic Cube","Toy Ornithopter"],"acts_visited":["Exordium","TheCity","TheBeyond"],"potions_floor_usage":[50,50],"damage_taken":[{"damage":7.0,"enemies":"Jaw Worm","floor":1.0,"turns":3.0},{"damage":7.0,"enemies":"Small Slimes","floor":3.0,"turns":3.0},{"damage":10.0,"enemies":"2 Louse","floor":4.0,"turns":3.0},{"damage":0.0,"enemies":"2 Fungi Beasts","floor":7.0,"turns":2.0},{"damage":2.0,"enemies":"3 Louse","floor":10.0,"turns":3.0},{"damage":21.0,"enemies":"Gremlin Nob","floor":12.0,"turns":4.0},{"damage":0.0,"enemies":"Exordium Wildlife","floor":13.0,"turns":2.0},{"damage":2.0,"enemies":"Slime Boss","floor":16.0,"turns":5.0},{"damage":6.0,"enemies":"Shell Parasite","floor":18.0,"turns":1.0},{"damage":17.0,"enemies":"Masked Bandits","floor":19.0,"turns":3.0},{"damage":12.0,"enemies":"Spheric Guardian","floor":22.0,"turns":3.0},{"damage":29.0,"enemies":"Slavers","floor":27.0,"turns":5.0},{"damage":6.0,"enemies":"Cultist and Chosen","floor":30.0,"turns":3.0},{"damage":40.0,"enemies":"Automaton","floor":33.0,"turns":5.0},{"damage":6.0,"enemies":"3 Shapes","floor":35.0,"turns":7.0},{"damage":64.0,"enemies":"3 Darklings","floor":36.0,"turns":5.0},{"damage":11,"enemies":"Spire Growth","floor":39,"turns":3},{"damage":13,"enemies":"Maw","floor":41,"turns":7},{"damage":9,"enemies":"Jaw Worm Horde","floor":45,"turns":3},{"damage":28,"enemies":"4 Shapes","floor":48,"turns":7},{"damage":54,"enemies":"Donu and Deca","floor":50,"turns":8}],"seed_played":"-4806605451368194892","potions_obtained":[{"floor":1.0,"key":"SteroidPotion"},{"floor":4.0,"key":"Energy Potion"},{"floor":10.0,"key":"GamblersBrew"},{"floor":12.0,"key":"SteroidPotion"},{"floor":22.0,"key":"Regen Potion"},{"floor":27.0,"key":"PowerPotion"},{"floor":30.0,"key":"GamblersBrew"},{"floor":41,"key":"Fire Potion"},{"floor":45,"key":"Weak Potion"}],"is_trial":false,"path_per_floor":["M","$","M","M","?","R","M","R","T","M","R","E","M","$","R","B",null,"M","?","$","?","M","R","$","R","T","E","?","?","M","?","R","B",null,"M","M","?","?","M","R","M","R","T","?","M","R","?","M","R","B",null],"character_chosen":"IRONCLAD","items_purchased":[],"campfire_rested":3,"item_purchase_floors":[],"current_hp_per_floor":[67,67,66,62,39,39,45,45,52,56,56,41,47,47,47,51,74,74,63,63,63,57,57,57,57,57,34,34,34,34,34,58,24,68,68,19,19,19,14,37,30,30,30,64,61,61,61,39,58,20],"gold":297,"neow_bonus":"ONE_RARE_RELIC","is_daily":false,"chose_seed":false,"campfire_upgraded":8,"win_rate":0.0,"timestamp":1614094912,"path_taken":["M","$","M","M","?","R","M","R","T","M","R","E","M","$","R","BOSS","M","?","$","?","M","R","$","R","T","E","?","?","M","?","R","BOSS","M","M","?","?","?","R","M","R","T","?","M","R","?","M","R","BOSS"],"items_purchased_type":[],"build_version":"2020-12-22","purchased_purges":3,"victory":true,"max_hp_per_floor":[75,75,75,75,75,75,75,75,82,82,82,82,82,82,82,82,82,82,82,82,82,82,82,82,82,82,82,82,82,82,82,82,82,82,82,82,82,78,78,78,78,78,78,64,64,64,64,64,64,64],"card_choices":[{"not_picked":["Clash","Pummel"],"picked":"Searing Blow","floor":1.0},{"not_picked":["Flex","Iron Wave"],"picked":"Headbutt","floor":3.0},{"not_picked":["Inflame","Bloodletting"],"picked":"Thunderclap","floor":4.0},{"not_picked":["Evolve","Flex"],"picked":"Battle Trance","floor":7.0},{"not_picked":["Thunderclap","Feel No Pain","Clash"],"picked":"SKIP","floor":10.0},{"not_picked":["Rampage","Pommel Strike","Heavy Blade"],"picked":"SKIP","floor":12.0},{"not_picked":["Sword Boomerang","Perfected Strike","Bludgeon"],"picked":"SKIP","floor":13.0},{"not_picked":["Reaper","Barricade"],"picked":"Offering","floor":16.0},{"not_picked":["Sword Boomerang","Reckless Charge","Armaments"],"picked":"SKIP","floor":18.0},{"not_picked":["Thunderclap","Blood for Blood"],"picked":"Battle Trance","floor":22.0},{"not_picked":["Flex","Dropkick+1","Brutality"],"picked":"SKIP","floor":27.0},{"not_picked":["Perfected Strike","Headbutt+1"],"picked":"Flame Barrier","floor":30.0},{"not_picked":["Reaper","Immolate"],"picked":"Corruption","floor":33.0},{"not_picked":["Sever Soul","Heavy Blade"],"picked":"Armaments","floor":35.0},{"not_picked":["Twin Strike","Flex"],"picked":"Dual Wield+1","floor":36.0},{"not_picked":["Warcry","Second Wind","Armaments"],"picked":"SKIP","floor":39},{"not_picked":["Headbutt","Battle Trance+1"],"picked":"Seeing Red","floor":41},{"not_picked":["Perfected Strike","Warcry","Body Slam+1"],"picked":"SKIP","floor":45},{"not_picked":["Heavy Blade+1","Cleave+1","Perfected Strike"],"picked":"SKIP","floor":48}],"player_experience":360773,"relics_obtained":[{"floor":9.0,"key":"Strawberry"},{"floor":12.0,"key":"Ancient Tea Set"},{"floor":19.0,"key":"Red Mask"},{"floor":26.0,"key":"HornCleat"},{"floor":27.0,"key":"CaptainsWheel"},{"floor":43,"key":"Toy Ornithopter"}],"event_choices":[{"damage_healed":0.0,"max_hp_gain":0.0,"max_hp_loss":0.0,"gold_gain":0.0,"event_name":"Shining Light","player_choice":"Entered Light","floor":5.0,"gold_loss":0.0,"damage_taken":23.0,"cards_upgraded":["Headbutt","Strike_R"]},{"damage_healed":0.0,"max_hp_gain":0.0,"max_hp_loss":0.0,"gold_gain":0.0,"event_name":"Masked Bandits","player_choice":"Fought Bandits","floor":19.0,"gold_loss":0.0,"damage_taken":0.0},{"damage_healed":0.0,"max_hp_gain":0.0,"max_hp_loss":0.0,"gold_gain":0.0,"event_name":"The Mausoleum","player_choice":"Ignored","floor":21.0,"gold_loss":0.0,"damage_taken":0.0},{"cards_removed":["Bash"],"damage_healed":0.0,"max_hp_gain":0.0,"max_hp_loss":0.0,"gold_gain":0.0,"event_name":"Back to Basics","player_choice":"Elegance","floor":28.0,"gold_loss":0.0,"damage_taken":0.0},{"damage_healed":0.0,"max_hp_gain":0.0,"max_hp_loss":0.0,"gold_gain":0.0,"event_name":"Drug Dealer","player_choice":"Inject Mutagens","floor":29.0,"gold_loss":0.0,"damage_taken":0.0,"relics_obtained":["MutagenicStrength"]},{"damage_healed":0.0,"max_hp_gain":0.0,"max_hp_loss":0.0,"gold_gain":0.0,"event_name":"Forgotten Altar","player_choice":"Smashed Altar","floor":31.0,"gold_loss":0.0,"damage_taken":0.0,"cards_obtained":["Decay"]},{"damage_healed":0,"gold_gain":0,"player_choice":"Ignored","damage_taken":0,"max_hp_gain":0,"max_hp_loss":0,"event_name":"Mysterious Sphere","floor":37,"gold_loss":0},{"damage_healed":0,"gold_gain":0,"player_choice":"Max HP","damage_taken":0,"max_hp_gain":0,"max_hp_loss":4,"event_name":"Winding Halls","floor":38,"gold_loss":0},{"damage_healed":64,"gold_gain":0,"player_choice":"Heal","damage_taken":0,"max_hp_gain":0,"max_hp_loss":14,"event_name":"The Moai Head","floor":44,"gold_loss":0},{"damage_healed":0,"gold_gain":0,"player_choice":"Ignored","damage_taken":0,"max_hp_gain":0,"max_hp_loss":0,"event_name":"SecretPortal","floor":47,"gold_loss":0}],"is_beta":false,"boss_relics":[{"not_picked":["Tiny House","Fusion Hammer"],"picked":"Empty Cage"},{"not_picked":["Pandora\u0027s Box","SacredBark"],"picked":"Runic Cube"}],"items_purged_floors":[2,14,20],"is_endless":false,"potions_floor_spawned":[1,4,10,12,13,22,27,30,41,45],"ascension_level":17}}