{"host":"ja297la2wpvv1dvv","time":1614120093,"event":{"mods":["AchievementEnabler","BaseMod","Bestiary","Colored Map","Colored Powertips","Curses Come First","Minty Spire (QoL Compilation)","StSLib"],"gold_per_floor":[116,116,116,132,146,178,178,194,194,194,212,247,247,260,260,363,363,383,393,393,393],"floor_reached":20,"language":"ENG","playtime":1961,"items_purged":[],"score":205,"play_id":"2f64c10c-9b92-4daf-aa10-ee980e3fe115","local_time":"20210223164133","is_ascension_mode":true,"campfire_choices":[{"data":"Zap","floor":7.0,"key":"SMITH"},{"floor":10.0,"key":"REST"},{"floor":15.0,"key":"REST"}],"circlet_count":0,"master_deck":["Strike_B","Strike_B","Defend_B","Defend_B","Defend_B","Defend_B","Zap+1","Dualcast","Chaos+1","Rebound","Undo","Streamline","Hologram","Cold Snap","Barrage","Steam Power","Aggregate","Electrodynamics","Coolheaded","Barrage"],"relics":["Cracked Core","NeowsBlessing","Question Card","Cables","Ornamental Fan","Black Star"],"acts_visited":["Exordium","TheCity"],"potions_floor_usage":[],"damage_taken":[{"damage":0.0,"enemies":"Small Slimes","floor":1.0,"turns":1.0},{"damage":0.0,"enemies":"Cultist","floor":4.0,"turns":1.0},{"damage":0.0,"enemies":"2 Louse","floor":5.0,"turns":1.0},{"damage":27.0,"enemies":"Gremlin Nob","floor":6.0,"turns":4.0},{"damage":11.0,"enemies":"2 Fungi Beasts","floor":8.0,"turns":3.0},{"damage":6.0,"enemies":"Looter","floor":11.0,"turns":2.0},{"damage":35.0,"enemies":"Lagavulin","floor":12.0,"turns":4.0},{"damage":0.0,"enemies":"Blue Slaver","floor":14.0,"turns":3.0},{"damage":11.0,"enemies":"Hexaghost","floor":16.0,"turns":8.0},{"damage":25,"enemies":"Shell Parasite","floor":18,"turns":7},{"damage":26,"enemies":"2 Thieves","floor":19,"turns":4},{"damage":24,"enemies":"Snecko","floor":20,"turns":3}],"seed_played":"2603019583046347306","potions_obtained":[{"floor":6.0,"key":"SkillPotion"},{"floor":12.0,"key":"FocusPotion"}],"is_trial":false,"path_per_floor":["M","?","?","M","M","E","R","M","T","R","M","E","?","M","R","B",null,"M","M","M"],"character_chosen":"DEFECT","items_purchased":[],"campfire_rested":2,"item_purchase_floors":[],"current_hp_per_floor":[75,68,68,68,68,41,41,30,30,52,46,11,11,11,33,22,75,50,24,0,0],"gold":393,"neow_bonus":"THREE_ENEMY_KILL","is_daily":false,"chose_seed":false,"campfire_upgraded":1,"win_rate":0.0,"timestamp":1614120093,"path_taken":["M","?","?","?","M","E","R","M","T","R","M","E","?","M","R","BOSS","M","M","M"],"items_purchased_type":[],"build_version":"2020-12-22","purchased_purges":0,"victory":false,"max_hp_per_floor":[75,75,75,75,75,75,75,75,75,75,75,75,75,75,75,75,75,75,75,75,75],"card_choices":[{"not_picked":["Ball Lightning","Cold Snap"],"picked":"Chaos","floor":1.0},{"not_picked":["Hello World","Turbo"],"picked":"Rebound","floor":4.0},{"not_picked":["Gash","Steam"],"picked":"Undo","floor":5.0},{"not_picked":["Stack","Compile Driver"],"picked":"Streamline","floor":6.0},{"not_picked":["Gash","Sweeping Beam","Compile Driver"],"picked":"Hologram","floor":8.0},{"not_picked":["Gash","Leap","Go for the Eyes"],"picked":"Cold Snap","floor":11.0},{"not_picked":["Scrape","Biased Cognition","Sunder"],"picked":"Barrage","floor":12.0},{"not_picked":["Blizzard","Conserve Battery","Compile Driver"],"picked":"Aggregate","floor":14.0},{"not_picked":["Multi-Cast","Machine Learning","Seek"],"picked":"Electrodynamics","floor":16.0},{"not_picked":["Leap","Streamline","White Noise"],"picked":"Coolheaded","floor":18},{"not_picked":["Rebound+1","Turbo","Cold Snap"],"picked":"Barrage","floor":19}],"player_experience":225358,"relics_obtained":[{"floor":6.0,"key":"Question Card"},{"floor":9.0,"key":"Cables"},{"floor":12.0,"key":"Ornamental Fan"}],"event_choices":[{"cards_removed":["Strike_B"],"damage_healed":0.0,"max_hp_gain":0.0,"max_hp_loss":0.0,"gold_gain":0.0,"event_name":"Golden Wing","player_choice":"Card Removal","floor":2.0,"gold_loss":0.0,"damage_taken":7.0},{"damage_healed":0.0,"max_hp_gain":0.0,"max_hp_loss":0.0,"gold_gain":0.0,"event_name":"Upgrade Shrine","player_choice":"Upgraded","floor":3.0,"gold_loss":0.0,"damage_taken":0.0,"cards_upgraded":["Chaos"]},{"damage_healed":0.0,"max_hp_gain":0.0,"max_hp_loss":0.0,"gold_gain":0.0,"cards_transformed":["Strike_B"],"event_name":"Living Wall","player_choice":"Change","floor":13.0,"gold_loss":0.0,"damage_taken":0.0,"cards_obtained":["Steam Power"]}],"is_beta":false,"boss_relics":[{"not_picked":["Cursed Key","Busted Crown"],"picked":"Black Star"}],"items_purged_floors":[],"is_endless":false,"potions_floor_spawned":[6,12],"killed_by":"Snecko","ascension_level":2}}