{"host":"1xo5g347e5o4auts","time":1614064935,"event":{"mods":["BaseMod","Minty Spire (QoL Compilation)","Permanent Neow","StSLib"],"gold_per_floor":[167,167,184,198,198,198,224,224,224,241,271,288,288,321,321,395,395,413,428,446,35,47,79,79,110,110,110,145,155,155,188,188,188,188],"floor_reached":33,"language":"ENG","playtime":1032,"items_purged":[],"score":700,"play_id":"48400b90-271f-496f-8004-6bdf8846d9fc","local_time":"20210223092215","is_ascension_mode":true,"campfire_choices":[{"data":"Eruption","floor":6.0,"key":"SMITH"},{"data":"Conclude","floor":8.0,"key":"SMITH"},{"data":"TalkToTheHand","floor":13.0,"key":"SMITH"},{"data":"CutThroughFate","floor":15.0,"key":"SMITH"},{"floor":27.0,"key":"REST"},{"data":"Omniscience","floor":30.0,"key":"SMITH"},{"data":"Wallop","floor":32.0,"key":"SMITH"}],"circlet_count":0,"master_deck":["AscendersBane","Strike_P+1","Strike_P","Strike_P","Defend_P","Defend_P","Defend_P","Defend_P+1","Eruption+1","Vigilance+1","BattleHymn","BowlingBash","BowlingBash","FlurryOfBlows","Conclude+1","DeceiveReality","CutThroughFate+1","WheelKick","TalkToTheHand+1","Omniscience","ThirdEye+1","WaveOfTheHand","Omniscience+1","Nirvana","ClearTheMind","Adaptation+1","ThirdEye+1","Wallop+1"],"relics":["Tiny House","Strawberry","Eternal Feather","Vajra","The Courier","VioletLotus","DollysMirror","Meat on the Bone","Ancient Tea Set","Red Mask","Shuriken","Akabeko","Bottled Lightning"],"acts_visited":["Exordium","TheCity"],"potions_floor_usage":[],"damage_taken":[{"damage":2.0,"enemies":"Small Slimes","floor":1.0,"turns":4.0},{"damage":2.0,"enemies":"Cultist","floor":3.0,"turns":3.0},{"damage":0.0,"enemies":"2 Louse","floor":4.0,"turns":2.0},{"damage":5.0,"enemies":"3 Sentries","floor":7.0,"turns":3.0},{"damage":0.0,"enemies":"Looter","floor":10.0,"turns":1.0},{"damage":3.0,"enemies":"Lagavulin","floor":11.0,"turns":6.0},{"damage":9.0,"enemies":"Exordium Wildlife","floor":12.0,"turns":4.0},{"damage":0.0,"enemies":"Gremlin Nob","floor":14.0,"turns":3.0},{"damage":20.0,"enemies":"The Guardian","floor":16.0,"turns":7.0},{"damage":8.0,"enemies":"3 Byrds","floor":18.0,"turns":4.0},{"damage":13.0,"enemies":"Spheric Guardian","floor":19.0,"turns":4.0},{"damage":0.0,"enemies":"Snake Plant","floor":20.0,"turns":2.0},{"damage":10.0,"enemies":"Shelled Parasite and Fungi","floor":22.0,"turns":2.0},{"damage":41.0,"enemies":"Slavers","floor":23.0,"turns":6.0},{"damage":7.0,"enemies":"Masked Bandits","floor":25.0,"turns":3.0},{"damage":13.0,"enemies":"Book of Stabbing","floor":28.0,"turns":4.0},{"damage":0.0,"enemies":"Cultist and Chosen","floor":29.0,"turns":3.0},{"damage":22.0,"enemies":"Gremlin Leader","floor":31.0,"turns":6.0},{"damage":65,"enemies":"Automaton","floor":33,"turns":8}],"seed_played":"-4753454931185243882","potions_obtained":[{"floor":0.0,"key":"LiquidMemories"},{"floor":1.0,"key":"SpeedPotion"},{"floor":4.0,"key":"BlessingOfTheForge"},{"floor":12.0,"key":"FairyPotion"},{"floor":18.0,"key":"SneckoOil"},{"floor":22.0,"key":"BlessingOfTheForge"},{"floor":23.0,"key":"SkillPotion"}],"is_trial":false,"path_per_floor":["M","?","M","M","?","R","E","R","T","M","E","M","R","E","R","B",null,"M","M","M","$","M","E","?","?","T","R","E","M","R","E","R","B"],"character_chosen":"WATCHER","items_purchased":["DollysMirror","Meat on the Bone","Nirvana","ClearTheMind"],"campfire_rested":1,"item_purchase_floors":[21,21,21,21],"current_hp_per_floor":[64,64,62,62,40,40,42,42,42,42,39,30,39,39,48,28,67,59,46,46,46,48,19,19,24,24,63,50,50,65,43,58,0,0],"gold":188,"neow_bonus":"BOSS_RELIC","is_daily":false,"chose_seed":false,"campfire_upgraded":6,"win_rate":0.0,"timestamp":1614064935,"path_taken":["M","?","M","?","?","R","E","R","T","M","E","M","R","E","R","BOSS","M","M","M","$","M","E","?","?","T","R","E","M","R","E","R","BOSS"],"items_purchased_type":["Relic","Relic","Card","Card"],"build_version":"2020-12-22","purchased_purges":0,"victory":false,"max_hp_per_floor":[73,73,73,73,73,73,80,80,80,80,80,80,80,80,80,80,80,80,80,80,80,80,80,80,80,80,80,80,80,80,80,80,80,80],"card_choices":[{"not_picked":["ThirdEye","Protect"],"picked":"BattleHymn","floor":0.0},{"not_picked":["JustLucky","Evaluate"],"picked":"BowlingBash","floor":1.0},{"not_picked":["PathToVictory","Worship"],"picked":"FlurryOfBlows","floor":3.0},{"not_picked":["Evaluate","FlurryOfBlows"],"picked":"Conclude","floor":4.0},{"not_picked":["Indignation","Alpha"],"picked":"DeceiveReality","floor":7.0},{"not_picked":["SignatureMove","Collect"],"picked":"CutThroughFate","floor":10.0},{"not_picked":["PathToVictory","Crescendo"],"picked":"WheelKick","floor":11.0},{"not_picked":["FollowUp","JustLucky"],"picked":"TalkToTheHand","floor":12.0},{"not_picked":["CarveReality","Halt","FollowUp"],"picked":"SKIP","floor":14.0},{"not_picked":["MasterReality","Scrawl"],"picked":"Omniscience","floor":16.0},{"not_picked":["Halt","CutThroughFate","Fasting2"],"picked":"SKIP","floor":18.0},{"not_picked":["Halt","CutThroughFate","Fasting2"],"picked":"SKIP","floor":18.0},{"not_picked":["JustLucky+1","PathToVictory"],"picked":"ThirdEye+1","floor":19.0},{"not_picked":["Study","FlyingSleeves"],"picked":"WaveOfTheHand","floor":20.0},{"not_picked":["PathToVictory","EmptyBody","Brilliance"],"picked":"SKIP","floor":22.0},{"not_picked":["FlurryOfBlows","CrushJoints"],"picked":"Adaptation+1","floor":23.0},{"not_picked":["WindmillStrike+1","Pray"],"picked":"ThirdEye+1","floor":28.0},{"not_picked":["FlyingSleeves","Perseverance","FollowUp"],"picked":"SKIP","floor":29.0},{"not_picked":["Weave","Evaluate"],"picked":"Wallop","floor":31.0}],"player_experience":1504967,"relics_obtained":[{"floor":7.0,"key":"Strawberry"},{"floor":9.0,"key":"Eternal Feather"},{"floor":11.0,"key":"Vajra"},{"floor":14.0,"key":"The Courier"},{"floor":23.0,"key":"Ancient Tea Set"},{"floor":25.0,"key":"Red Mask"},{"floor":26.0,"key":"Shuriken"},{"floor":28.0,"key":"Akabeko"},{"floor":31.0,"key":"Bottled Lightning"}],"event_choices":[{"damage_healed":0.0,"max_hp_gain":0.0,"max_hp_loss":0.0,"gold_gain":0.0,"cards_transformed":["Strike_P"],"event_name":"Transmorgrifier","player_choice":"Transformed","floor":2.0,"gold_loss":0.0,"damage_taken":0.0,"cards_obtained":["BowlingBash"]},{"damage_healed":0.0,"max_hp_gain":0.0,"max_hp_loss":0.0,"gold_gain":0.0,"event_name":"Shining Light","player_choice":"Entered Light","floor":5.0,"gold_loss":0.0,"damage_taken":22.0,"cards_upgraded":["Vigilance","Defend_P"]},{"damage_healed":0.0,"max_hp_gain":0.0,"max_hp_loss":0.0,"gold_gain":0.0,"event_name":"Vampires","player_choice":"Ignored","floor":24.0,"gold_loss":0.0,"damage_taken":0.0},{"damage_healed":0.0,"max_hp_gain":0.0,"max_hp_loss":0.0,"gold_gain":0.0,"event_name":"Masked Bandits","player_choice":"Fought Bandits","floor":25.0,"gold_loss":0.0,"damage_taken":0.0}],"is_beta":false,"boss_relics":[{"not_picked":["SacredBark","Velvet Choker"],"picked":"VioletLotus"}],"items_purged_floors":[],"is_endless":false,"potions_floor_spawned":[1,4,12,18,22,23,25],"killed_by":"Automaton","ascension_level":20}}