{"host":"q6l9o5ad25lrm2yj","time":1614075585,"event":{"mods":["BaseMod","BetterRewards","Colored Powertips","Lobotomy","Marisa£®ÏF”Í°°ƒß¿Ì…≥£©","Minty Spire (QoL Compilation)","Replay The Spire","StSLib","[IsaacMod]“‘»ˆº‚À˛"],"gold_per_floor":[113,0,100,100,110,110,121,134,188,188,288,288,288,288,288,388,388,401,651,651,591,591,591,296,308,308,308,223,223,223,223,223,322,322,304,304,242,242,542,542,542,542],"floor_reached":41,"language":"ZHS","playtime":1824,"items_purged":[],"score":371,"play_id":"9aedc9d7-ba77-4344-acc2-820d7e61e4ae","local_time":"20210223181945","daily_mods":["ControlledChaos","Heirloom","Time Dilation","Flight"],"is_ascension_mode":false,"campfire_choices":[{"floor":15.0,"key":"REST"}],"circlet_count":0,"master_deck":["SpecialBullet","SpecialBullet","SpecialBullet","SpecialBullet","SpecialBullet","SpecialBullet","SpecialBullet","SpecialBullet","ShyLook","InTheNameOfLoveAndHate","ParadiseLost","OldLady","RapturousDream","InformationCode","Horn","Amita+1","Hornet","ControlCode","Mimicry","SomewhereSpear","Neutralize","Replay:Light Bash","Strike_R","SlowAim","Defend_G","TT2Protocol","LaLuna","Soda+1","SecurityCode","J.A.X.","Freischutz","TheSmile","DreamingCurrent","SomewhereSpear+1","ExtractionCode","DespairKnight","Wingbeat","Madness","Madness"],"relics":["CogitoBucket","Frozen Eye","HushsDoor","DoctorsRemote","Gambling Chip","Calipers","Dream Catcher","MagicMushroom","Theresia","NeowsBlessing","Divine Protection","Shovel","Sundial","Blood Vial","SlaversCollar","GuppysTail"],"acts_visited":["Exordium","TheCity","TheBeyond"],"potions_floor_usage":[],"damage_taken":[{"damage":7.0,"enemies":"2 Louse","floor":1.0,"turns":2.0},{"damage":6.0,"enemies":"Jaw Worm","floor":5.0,"turns":4.0},{"damage":10.0,"enemies":"Small Slimes","floor":7.0,"turns":3.0},{"damage":14.0,"enemies":"Looter","floor":8.0,"turns":4.0},{"damage":18.0,"enemies":"Hexaghost","floor":16.0,"turns":7.0},{"damage":0.0,"enemies":"Shell Parasite","floor":18.0,"turns":1.0},{"damage":0,"enemies":"3 Byrds","floor":25,"turns":1},{"damage":0,"enemies":"Automaton","floor":33,"turns":1},{"damage":0,"enemies":"3 Shapes","floor":35,"turns":1},{"damage":20,"enemies":"3 Darklings","floor":37,"turns":5},{"damage":110,"enemies":"Reptomancer","floor":41,"turns":6}],"seed_played":"8542959004299290714","potions_obtained":[{"floor":1.0,"key":"LiquidMemories"},{"floor":5.0,"key":"LifebloodPotion"}],"is_trial":true,"path_per_floor":["M","WH","WH","WH","M","R","M","M","T","?","WH","R","$","?","R","B",null,"M","WH","WH","?","T","R","$","M","T","R","?","R","R","?","R","B",null,"M","?","M","?","?","R","E"],"character_chosen":"Angela","items_purchased":["Shovel","GuppysTail"],"campfire_rested":1,"item_purchase_floors":[24,34],"current_hp_per_floor":[63,63,63,63,57,57,47,33,33,33,33,33,33,8,26,8,70,70,70,70,70,70,70,70,70,70,70,70,70,70,70,70,70,60,60,60,60,52,52,52,0,0],"gold":542,"neow_bonus":"THREE_ENEMY_KILL","is_daily":false,"chose_seed":false,"campfire_upgraded":0,"win_rate":0.0,"timestamp":1614075585,"path_taken":["M","WH","WH","WH","M","R","M","M","T","?","WH","R","$","?","R","BOSS","M","WH","WH","WH","?","R","$","?","T","R","?","R","R","?","R","BOSS","M","?","?","?","?","R","E"],"items_purchased_type":["Relic","Relic"],"build_version":"2020-12-22","purchased_purges":0,"victory":false,"max_hp_per_floor":[70,70,70,63,63,63,63,63,63,63,63,63,63,63,63,63,70,70,70,70,70,70,70,70,70,70,70,70,70,70,70,70,70,60,60,60,60,60,60,60,60,60],"card_choices":[{"not_picked":[],"picked":"Bomb","floor":0.0},{"not_picked":["SpiderBud","SnowQueen"],"picked":"ShyLook","floor":1.0},{"not_picked":["Pinks"],"picked":"InTheNameOfLoveAndHate","floor":1.0},{"not_picked":["Pinks","Twilight"],"picked":"ParadiseLost","floor":4.0},{"not_picked":["SpiderBud","Scarecrow"],"picked":"OldLady","floor":5.0},{"not_picked":["BearPaw"],"picked":"RapturousDream","floor":5.0},{"not_picked":["FeatherOfHonor"],"picked":"Bomb","floor":7.0},{"not_picked":["Beak"],"picked":"Horn","floor":8.0},{"not_picked":["BeautyBeast","LittlePrince"],"picked":"VoidDream","floor":8.0},{"not_picked":["Gaze"],"picked":"Hornet","floor":15.0},{"not_picked":["DaCapo"],"picked":"Mimicry","floor":16.0},{"not_picked":["Tough"],"picked":"SomewhereSpear","floor":18.0},{"not_picked":["SnowQueen","WhitesApple"],"picked":"LaLuna","floor":25},{"not_picked":["Noise"],"picked":"Soda+1","floor":25},{"not_picked":["Scorched","Variant"],"picked":"Freischutz","floor":33},{"not_picked":["CENSORED_ego"],"picked":"TheSmile","floor":33},{"not_picked":["Murderer","Funeral"],"picked":"DreamingCurrent","floor":35},{"not_picked":["CherryBlossom+1"],"picked":"SomewhereSpear+1","floor":35},{"not_picked":["HeroicMonk","PunishingBird"],"picked":"DespairKnight","floor":37},{"not_picked":["Adoration"],"picked":"Wingbeat","floor":37}],"player_experience":42266,"relics_obtained":[{"floor":9.0,"key":"Dream Catcher"},{"floor":22,"key":"Divine Protection"},{"floor":26,"key":"Sundial"}],"event_choices":[{"damage_healed":0.0,"max_hp_gain":0.0,"max_hp_loss":0.0,"gold_gain":0.0,"event_name":"Scrap Ooze","player_choice":"Fled","floor":14.0,"gold_loss":0.0,"damage_taken":25.0},{"damage_healed":0,"gold_gain":0,"player_choice":"Obtained Relic","damage_taken":0,"relics_obtained":["Blood Vial"],"max_hp_gain":0,"max_hp_loss":0,"event_name":"Addict","floor":28,"gold_loss":85},{"damage_healed":0,"gold_gain":0,"player_choice":"Obtain J.A.X.","damage_taken":0,"max_hp_gain":0,"max_hp_loss":0,"event_name":"Drug Dealer","floor":31,"gold_loss":0,"cards_obtained":["J.A.X."]},{"damage_healed":0,"gold_gain":0,"player_choice":"Embrace Madness","damage_taken":8,"max_hp_gain":0,"max_hp_loss":0,"event_name":"Winding Halls","floor":38,"gold_loss":0,"cards_obtained":["Madness","Madness"]}],"is_beta":false,"boss_relics":[{"not_picked":["Replay:Bronze Core","Tiny House"],"picked":"MagicMushroom"},{"not_picked":[]},{"not_picked":["Honey Jar","Replay:Drink Me"],"picked":"SlaversCollar"},{"not_picked":[]}],"items_purged_floors":[],"is_endless":false,"potions_floor_spawned":[1,5],"killed_by":"Reptomancer","ascension_level":0}}