{"host":"rby9tmzevanrudcg","time":1614110346,"event":{"mods":["100% Spire Juice","Act Like it!","BaseMod","GifTheSpireLib","Minty Spire (QoL Compilation)","Quick Restart","StSLib","SuperFastMode"],"gold_per_floor":[119,119,119,44,63,63,101,121,121,141,157,3,16,29,29,148,148,173,196,196,196,196,196],"floor_reached":22,"language":"ZHS","playtime":1249,"items_purged":["Moonworks:Strike"],"score":213,"play_id":"473f075c-55f7-4ee8-b177-eadc89c37098","local_time":"20210224035906","is_ascension_mode":false,"campfire_choices":[{"data":"Moonworks:IndiscriminateFireSupport","floor":6.0,"key":"SMITH"},{"data":"Moonworks:RocketCannon","floor":15.0,"key":"SMITH"}],"circlet_count":0,"master_deck":["Moonworks:Strike","Moonworks:Strike","Moonworks:Defend","Moonworks:Defend","Moonworks:Defend","Moonworks:Defend","Moonworks:Ambush","Moonworks:LongDistanceShot","Moonworks:IndiscriminateFireSupport+1","Moonworks:FullSpeedAlicianrone","Moonworks:UnpaidWork","Moonworks:MixPhenomenon","Moonworks:RocketCannon+1","Moonworks:SubspaceTunnel","Moonworks:Blazing"],"relics":["Moonworks:BrokenBomb","Moonworks:Homemark","NeowsBlessing","Bloody Idol","Peace Pipe","Philosopher\u0027s Stone","Nilry\u0027s Codex"],"acts_visited":["Exordium","TheCity"],"potions_floor_usage":[],"damage_taken":[{"damage":0.0,"enemies":"2 Louse","floor":1.0,"turns":1.0},{"damage":0.0,"enemies":"Jaw Worm","floor":5.0,"turns":1.0},{"damage":0.0,"enemies":"3 Sentries","floor":7.0,"turns":1.0},{"damage":0.0,"enemies":"Small Slimes","floor":8.0,"turns":2.0},{"damage":5.0,"enemies":"Exordium Thugs","floor":10.0,"turns":2.0},{"damage":14.0,"enemies":"Blue Slaver","floor":11.0,"turns":3.0},{"damage":0.0,"enemies":"3 Louse","floor":13.0,"turns":2.0},{"damage":0.0,"enemies":"Exordium Thugs","floor":14.0,"turns":4.0},{"damage":11.0,"enemies":"Slime Boss","floor":16.0,"turns":6.0},{"damage":28.0,"enemies":"Spheric Guardian","floor":18.0,"turns":4.0},{"damage":12,"enemies":"Shell Parasite","floor":19,"turns":3},{"damage":8,"enemies":"Snake Plant","floor":22,"turns":2}],"seed_played":"5848378993422765349","potions_obtained":[{"floor":5.0,"key":"Regen Potion"},{"floor":8.0,"key":"Explosive Potion"}],"is_trial":false,"path_per_floor":["M","?","?","$","M","R","E","M","T","M","M","$","M","M","R","B",null,"M","M","?","?","M"],"character_chosen":"THE_STARBREAKER","items_purchased":["Moonworks:SubspaceTunnel"],"campfire_rested":0,"item_purchase_floors":[12],"current_hp_per_floor":[60,53,38,38,38,38,38,38,38,33,19,19,19,19,19,23,60,32,20,4,4,0,0],"gold":196,"neow_bonus":"THREE_ENEMY_KILL","is_daily":false,"chose_seed":false,"campfire_upgraded":2,"win_rate":0.0,"timestamp":1614110346,"path_taken":["M","?","?","$","M","R","E","M","T","M","M","$","M","M","R","BOSS","M","M","?","?","?"],"items_purchased_type":["Card"],"build_version":"2020-12-22","purchased_purges":1,"victory":false,"max_hp_per_floor":[60,60,60,60,60,60,60,60,60,60,60,60,60,60,60,60,60,60,60,60,60,60,60],"card_choices":[{"not_picked":["Moonworks:BigMagnum","Moonworks:LulusLuckyEgg"],"picked":"Moonworks:IndiscriminateFireSupport","floor":1.0},{"not_picked":["Moonworks:BigMagnum","Moonworks:LulusLuckyEgg"],"picked":"Moonworks:FullSpeedAlicianrone","floor":5.0},{"not_picked":["Moonworks:TacticalRetreat","Moonworks:CloudOfSeagulls"],"picked":"Moonworks:UnpaidWork","floor":7.0},{"not_picked":["Moonworks:Flamethrower","Moonworks:SakisCookie","Moonworks:IndiscriminateFireSupport"],"picked":"SKIP","floor":8.0},{"not_picked":["Moonworks:BigMagnum","Moonworks:SakisCookie"],"picked":"Moonworks:MixPhenomenon","floor":10.0},{"not_picked":["Moonworks:BigMagnum","Moonworks:TreasureThief"],"picked":"Moonworks:RocketCannon","floor":11.0},{"not_picked":["Moonworks:IndiscriminateFireSupport","Moonworks:BigBangBell","Moonworks:Assault"],"picked":"SKIP","floor":13.0},{"not_picked":["Moonworks:CloudOfSeagulls","Moonworks:LulusLuckyEgg","Moonworks:JonathanRush"],"picked":"SKIP","floor":14.0},{"not_picked":["Moonworks:GoAway","Moonworks:LeapThroughSpace"],"picked":"Moonworks:Blazing","floor":16.0},{"not_picked":["Moonworks:SakisCookie","Moonworks:BigMagnum+1","Moonworks:EvilSpyWorkPreparation"],"picked":"SKIP","floor":18.0},{"not_picked":["Moonworks:CloudOfSeagulls","Moonworks:BindingChains+1","Moonworks:Assault+1"],"picked":"SKIP","floor":19}],"player_experience":121807,"relics_obtained":[{"floor":7.0,"key":"Peace Pipe"},{"floor":20,"key":"Nilry\u0027s Codex"}],"event_choices":[{"cards_removed":["Moonworks:Strike"],"damage_healed":0.0,"max_hp_gain":0.0,"max_hp_loss":0.0,"gold_gain":0.0,"event_name":"Golden Wing","player_choice":"Card Removal","floor":2.0,"gold_loss":0.0,"damage_taken":7.0},{"damage_healed":0.0,"max_hp_gain":0.0,"max_hp_loss":0.0,"gold_gain":0.0,"event_name":"Golden Idol","player_choice":"Take Damage","floor":3.0,"gold_loss":0.0,"damage_taken":15.0,"relics_obtained":["Golden Idol"]},{"damage_healed":0,"gold_gain":0,"player_choice":"Obtained Book","damage_taken":16,"max_hp_gain":0,"max_hp_loss":0,"event_name":"Cursed Tome","floor":20,"gold_loss":0},{"damage_healed":0,"gold_gain":0,"player_choice":"Gave Idol","damage_taken":0,"relics_obtained":["Bloody Idol"],"max_hp_gain":0,"max_hp_loss":0,"event_name":"Forgotten Altar","floor":21,"relics_lost":["Golden Idol"],"gold_loss":0}],"is_beta":false,"boss_relics":[{"not_picked":["Ectoplasm","Empty Cage"],"picked":"Philosopher\u0027s Stone"}],"items_purged_floors":[4],"is_endless":false,"potions_floor_spawned":[5,8],"killed_by":"Snake Plant","ascension_level":0}}