{"host":"cxvb37eaaiijvrl4","time":1614104045,"event":{"mods":["ATMod(阿瑾Mod)","BaseMod","Better Third Choice","Minty Spire (QoL Compilation)","MostiFishMod","Quick Restart","Rare Cards Sparkle","Shop Mod","Spicy Shops","StSLib","TestMod","Uncapped","残留之物"],"gold_per_floor":[110,128,128,93,113,143,143,153,153,169,569,579,504,514,514,591,591,611,611,526,539,564,339,374,393,393,413,426,426,20,32,32,107,107,125,25,25,45,63,93,143,758,811,811,225,225,270,428,428,453,503,503,503,230,306,331],"floor_reached":57,"language":"ZHS","playtime":1872,"items_purged":["Scrape","Dualcast","Strike_B","Strike_B","Fusion","Eruption+1","Ball Lightning+1","Zap"],"score":3322,"play_id":"0abd05f7-371b-4c19-8b35-a775cd281dfd","local_time":"20210223101405","is_ascension_mode":true,"campfire_choices":[{"data":"Eruption","floor":15.0,"key":"SMITH"},{"data":"Storm","floor":29.0,"key":"SMITH"},{"data":"MostiFishMod:Culaccino","floor":32,"key":"SMITH"},{"data":"MostiFishMod:IntelligentEquipment","floor":44,"key":"SMITH"},{"data":"Madness","floor":46,"key":"SMITH"},{"floor":49,"key":"RECALL"},{"data":"Madness","floor":53,"key":"SMITH"}],"circlet_count":0,"master_deck":["AscendersBane","Defend_B","Defend_B","Defend_B","Defend_B","AT_KingSlayer+1","MostiFishMod:Prepare","AT_StudyProgram","MostiFishMod:Culaccino+1","White Noise","Storm+1","Turbo+1","MostiFishMod:DeathFromBelow","MostiFishMod:IntelligentEquipment+1","Madness+1","Madness+1","AT_DarkMatter","Storm+1","Recycle+1","Double Energy+1"],"relics":["Cracked Core","AT_ATBox","Jackal-EndForJourney","testmod-Nyarlathotep","SynthV:TestCard","DaveBox","ThornShield","Blood Vial","AT_TrinityForce","HollowDreamFlower","Bronze Scales","AT_GoldPhoenixTree","AT_BellowingDragoncrestRing","Membership Card","Whetstone","testmod-TimeTraveler","testmod-RealStoneCalender","Orichalcum","Runic Capacitor","AT_MibuBalloonWealth","MostiFishMod:AdaptiveDefenses","testmod-ArcanaOfDestiny","MerchantsRug","Cables","testmod-Justice","Vajra","testmod-Antiphasic"],"acts_visited":["Exordium","TheCity","TheBeyond","TheEnding"],"potions_floor_usage":[56],"damage_taken":[{"damage":2.0,"enemies":"2 Louse","floor":1.0,"turns":3.0},{"damage":26.0,"enemies":"Jaw Worm","floor":2.0,"turns":4.0},{"damage":8.0,"enemies":"Small Slimes","floor":5.0,"turns":3.0},{"damage":8.0,"enemies":"Gremlin Nob","floor":6.0,"turns":4.0},{"damage":2.0,"enemies":"Exordium Wildlife","floor":8.0,"turns":3.0},{"damage":0.0,"enemies":"2 Fungi Beasts","floor":10.0,"turns":3.0},{"damage":2.0,"enemies":"Blue Slaver","floor":12.0,"turns":3.0},{"damage":13.0,"enemies":"Lots of Slimes","floor":14.0,"turns":3.0},{"damage":0.0,"enemies":"Slime Boss","floor":16.0,"turns":5.0},{"damage":1.0,"enemies":"Spheric Guardian","floor":18.0,"turns":3.0},{"damage":2.0,"enemies":"3 Byrds","floor":21.0,"turns":3.0},{"damage":0.0,"enemies":"Gremlin Leader","floor":24.0,"turns":1.0},{"damage":11.0,"enemies":"Centurion and Healer","floor":25.0,"turns":2.0},{"damage":0.0,"enemies":"Snake Plant","floor":27.0,"turns":1.0},{"damage":0.0,"enemies":"3 Cultists","floor":28.0,"turns":3.0},{"damage":0,"enemies":"Centurion and Healer","floor":31,"turns":2},{"damage":0,"enemies":"Automaton","floor":33,"turns":2},{"damage":3,"enemies":"3 Shapes","floor":35,"turns":2},{"damage":0,"enemies":"3 Darklings","floor":38,"turns":1},{"damage":0,"enemies":"Spire Growth","floor":39,"turns":1},{"damage":15,"enemies":"Nemesis","floor":40,"turns":3},{"damage":0,"enemies":"Transient","floor":42,"turns":4},{"damage":0,"enemies":"Maw","floor":47,"turns":2},{"damage":0,"enemies":"Reptomancer","floor":48,"turns":2},{"damage":0,"enemies":"Time Eater","floor":50,"turns":1},{"damage":0,"enemies":"Donu and Deca","floor":51,"turns":1},{"damage":0,"enemies":"Shield and Spear","floor":55,"turns":1},{"damage":27,"enemies":"The Heart","floor":56,"turns":2}],"seed_played":"-9081759114906853320","potions_obtained":[{"floor":2.0,"key":"testmod-SpacePotion"},{"floor":6.0,"key":"PlaceholderMod:PlaceholderPotion"},{"floor":8.0,"key":"Strength Potion"},{"floor":12.0,"key":"Strength Potion"},{"floor":18.0,"key":"Weak Potion"},{"floor":21.0,"key":"ColorlessPotion"},{"floor":25.0,"key":"AttackPotion"},{"floor":31,"key":"DistilledChaos"},{"floor":42,"key":"FairyPotion"}],"is_trial":false,"path_per_floor":["M","M","?","?","M","E","?","M","T","M","?","M","$","M","R","B",null,"M","?","?","M","T","$","E","M","T","M","M","R","$","M","R","B",null,"M","$","?","M","M","E","?","M","T","R","$","R","M","E","R","B","B",null,"R","$","E","B",null],"character_chosen":"DEFECT","items_purchased":["Membership Card","Whetstone","Runic Capacitor","AT_MibuBalloonWealth","MostiFishMod:AdaptiveDefenses","testmod-ArcanaOfDestiny","MerchantsRug","testmod-Justice","Vajra"],"campfire_rested":0,"item_purchase_floors":[30,30,45,45,45,45,45,54,54],"current_hp_per_floor":[62,36,36,52,44,36,57,57,57,59,59,59,59,48,48,50,61,62,62,62,62,62,62,64,53,53,59,64,64,64,64,64,64,64,61,61,47,53,59,49,49,55,55,55,55,55,61,64,64,64,64,64,64,64,64,37],"gold":331,"neow_bonus":"TRANSFORM_TWO_CARDS","is_daily":false,"chose_seed":false,"campfire_upgraded":6,"win_rate":0.0,"timestamp":1614104045,"path_taken":["M","M","?","?","M","E","?","?","T","M","?","M","$","M","R","BOSS","M","?","?","M","?","$","E","M","T","?","M","R","$","M","R","BOSS","M","$","?","M","M","E","?","M","T","R","$","R","M","E","R","BOSS","BOSS","R","$","E","BOSS"],"items_purchased_type":["Relic","Relic","Relic","Relic","Relic","Relic","Relic","Relic","Relic"],"build_version":"2020-12-22","purchased_purges":8,"victory":true,"max_hp_per_floor":[64,64,64,64,64,64,64,64,64,64,64,64,64,64,64,64,64,64,64,64,64,64,64,64,64,64,64,64,64,64,64,64,64,64,64,64,64,64,64,64,64,64,64,64,64,64,64,64,64,64,64,64,64,64,64,64],"card_choices":[{"not_picked":["Stack","Cold Snap"],"picked":"Ball Lightning","floor":1.0},{"not_picked":["Conserve Battery","Barrage","MostiFishMod:FluxCapactior","Go for the Eyes"],"picked":"MostiFishMod:Prepare","floor":2.0},{"not_picked":["Redo","Gash","Cold Snap","Go for the Eyes"],"picked":"AT_StudyProgram","floor":5.0},{"not_picked":["Redo","Tempest","MostiFishMod:PushDownKick","Buffer","Reprogram"],"picked":"SKIP","floor":6.0},{"not_picked":["Sweeping Beam","Streamline","Chill","Gash","Conserve Battery"],"picked":"SKIP","floor":8.0},{"not_picked":["Ball Lightning","MostiFishMod:Nova","Turbo","Rebound","Go for the Eyes"],"picked":"SKIP","floor":10.0},{"not_picked":["Conserve Battery","Machine Learning","Chill","Streamline","Barrage"],"picked":"SKIP","floor":12.0},{"not_picked":["Gash","Chill","Blizzard","Undo","Fusion"],"picked":"SKIP","floor":14.0},{"not_picked":["Reboot","Fission","MostiFishMod:DawningShadow","MostiFishMod:Overload"],"picked":"MostiFishMod:Culaccino","floor":16.0},{"not_picked":["Sweeping Beam+1","Hologram","Leap","Go for the Eyes","Double Energy"],"picked":"SKIP","floor":18.0},{"not_picked":["Sweeping Beam","Fusion","Capacitor","Steam"],"picked":"White Noise","floor":21.0},{"not_picked":["Compile Driver","MostiFishMod:DeathFromBelow","Conserve Battery","AT_HeatAcrobatics","Sweeping Beam"],"picked":"SKIP","floor":24.0},{"not_picked":["Sweeping Beam","Turbo","Hologram","AT_HeatAcrobatics"],"picked":"Storm","floor":25.0},{"not_picked":["Double Energy","Beam Cell","Redo","Conserve Battery"],"picked":"Turbo+1","floor":27.0},{"not_picked":["MostiFishMod:FluxCapactior+1","Sweeping Beam","Rebound","AT_HeatAcrobatics","Barrage"],"picked":"SKIP","floor":28.0},{"not_picked":["Gash","Self Repair","Hologram","Barrage"],"picked":"MostiFishMod:DeathFromBelow","floor":31},{"not_picked":["Electrodynamics","Seek","Reboot","Hyperbeam"],"picked":"MostiFishMod:IntelligentEquipment","floor":33},{"not_picked":["Auto Shields","Tempest","Barrage","Loop","Steam"],"picked":"SKIP","floor":35},{"not_picked":["Ball Lightning","Capacitor","MostiFishMod:FluxCapactior","MostiFishMod:PushDownKick"],"picked":"AT_DarkMatter","floor":38},{"not_picked":["Hologram+1","Beam Cell","Rebound","Go for the Eyes"],"picked":"Storm+1","floor":39},{"not_picked":["Conserve Battery","Rainbow","Stack","AT_ThreeBodyProblem","Sweeping Beam"],"picked":"SKIP","floor":40},{"not_picked":["AT_HeatAcrobatics","Ball Lightning","Compile Driver","Sweeping Beam","Echo Form"],"picked":"SKIP","floor":42},{"not_picked":["Coolheaded","Redo","Steam","Heatsinks","Hologram"],"picked":"SKIP","floor":47},{"not_picked":["AT_ThunderBolt+1","MostiFishMod:Overload","Loop+1","Rip and Tear"],"picked":"Recycle+1","floor":48},{"not_picked":["Tempest","Undo","Ball Lightning","Go for the Eyes"],"picked":"Double Energy+1","floor":55}],"player_experience":754641,"relics_obtained":[{"floor":1.0,"key":"SynthV:TestCard"},{"floor":6.0,"key":"Blood Vial"},{"floor":22.0,"key":"Bronze Scales"},{"floor":24.0,"key":"AT_GoldPhoenixTree"},{"floor":26.0,"key":"AT_BellowingDragoncrestRing"},{"floor":40,"key":"testmod-RealStoneCalender"},{"floor":43,"key":"Orichalcum"},{"floor":48,"key":"Cables"},{"floor":55,"key":"testmod-Antiphasic"}],"event_choices":[{"damage_healed":0.0,"max_hp_gain":0.0,"max_hp_loss":0.0,"gold_gain":0.0,"event_name":"给自己的盒子","player_choice":"Swap Relic","floor":3.0,"relics_lost":["DaveBox"],"gold_loss":0.0,"damage_taken":0.0,"relics_obtained":["DaveBox"]},{"damage_healed":16.0,"max_hp_gain":0.0,"max_hp_loss":0.0,"gold_gain":0.0,"event_name":"The Cleric","player_choice":"Healed","floor":4.0,"gold_loss":35.0,"damage_taken":0.0},{"damage_healed":21.0,"max_hp_gain":0.0,"max_hp_loss":0.0,"gold_gain":0.0,"event_name":"Big Fish","player_choice":"Banana","floor":7.0,"gold_loss":0.0,"damage_taken":0.0},{"damage_healed":0.0,"max_hp_gain":0.0,"max_hp_loss":0.0,"gold_gain":400.0,"event_name":"恩洛斯的盘子","player_choice":"Sell","floor":11.0,"relics_lost":["testmod-TestBox"],"gold_loss":0.0,"damage_taken":0.0},{"damage_healed":0.0,"max_hp_gain":0.0,"max_hp_loss":0.0,"gold_gain":0.0,"event_name":"Ghosts","player_choice":"Ignored","floor":19.0,"gold_loss":0.0,"damage_taken":0.0},{"damage_healed":0.0,"max_hp_gain":0.0,"max_hp_loss":0.0,"gold_gain":0.0,"event_name":"Addict","player_choice":"Obtained Relic","floor":20.0,"gold_loss":85.0,"damage_taken":0.0,"relics_obtained":["HollowDreamFlower"]},{"damage_healed":0,"gold_gain":0,"player_choice":"Embrace Madness","damage_taken":12,"max_hp_gain":0,"max_hp_loss":0,"event_name":"Winding Halls","floor":37,"gold_loss":0,"cards_obtained":["Madness","Madness"]},{"damage_healed":0,"gold_gain":50,"player_choice":"Pray","damage_taken":0,"max_hp_gain":0,"max_hp_loss":0,"event_name":"Golden Shrine","floor":41,"gold_loss":0}],"is_beta":false,"boss_relics":[{"not_picked":["testmod-KeyOfTheVoid","testmod-Prudence"],"picked":"AT_TrinityForce"},{"not_picked":["TimeKeys","EE1DDrone"],"picked":"testmod-TimeTraveler"}],"items_purged_floors":[13,23,23,30,30,36,45,54],"is_endless":false,"potions_floor_spawned":[2,6,8,12,18,21,25,31,38,39,42],"ascension_level":20}}