{"host":"0awa854l6bexpjrv","time":1614061029,"event":{"mods":["BaseMod","Block Reminder","Colored Map","Colored Powertips","Downfall","Highlight Path","Minty Spire (QoL Compilation)","Quick Restart","Rare Cards Sparkle","StSLib","SuperFastMode"],"gold_per_floor":[113,126,14,33,33,61,61,76,376,376,376,376,35,48,48,178,178,198,52,54,54,54,54,54,98,98,98,98,142,157,157,157],"floor_reached":31,"language":"ENG","playtime":1403,"items_purged":["Regret"],"score":427,"play_id":"d424d722-3c3a-43f2-a5d2-7599393928d4","local_time":"20210222221709","is_ascension_mode":true,"campfire_choices":[{"floor":7.0,"key":"REST"},{"data":"Leg Sweep","floor":12.0,"key":"SMITH"},{"data":"Noxious Fumes","floor":15.0,"key":"SMITH"},{"floor":23.0,"key":"REST"},{"data":"Footwork","floor":27.0,"key":"SMITH"}],"circlet_count":0,"master_deck":["Strike_G","Strike_G","Strike_G","Defend_G","Defend_G","Defend_G","Defend_G","Defend_G","Survivor","Neutralize","Blade Dance","Footwork+1","Noxious Fumes+1","Leg Sweep","Leg Sweep+1","Deflect","Accuracy","Blade Dance","Phantasmal Killer","Accuracy+1","Corpse Explosion","RitualDagger","A Thousand Cuts","Noxious Fumes","PiercingWail+1","Backstab+1"],"relics":["Ring of the Snake","Turnip","Calipers","Old Coin","Golden Idol","PreservedInsect","Bottled Tornado","Runic Pyramid","Torii","Sundial","Blood Vial","Shuriken"],"acts_visited":["Exordium","TheCity"],"potions_floor_usage":[],"damage_taken":[{"damage":10.0,"enemies":"Jaw Worm","floor":1.0,"turns":6.0},{"damage":0.0,"enemies":"2 Louse","floor":2.0,"turns":4.0},{"damage":0.0,"enemies":"Small Slimes","floor":4.0,"turns":3.0},{"damage":12.0,"enemies":"Lagavulin","floor":6.0,"turns":6.0},{"damage":6.0,"enemies":"Exordium Thugs","floor":8.0,"turns":7.0},{"damage":1.0,"enemies":"2 Fungi Beasts","floor":14.0,"turns":5.0},{"damage":17.0,"enemies":"Hexaghost","floor":16.0,"turns":9.0},{"damage":6.0,"enemies":"Spheric Guardian","floor":18.0,"turns":7.0},{"damage":7.0,"enemies":"2 Thieves","floor":20.0,"turns":5.0},{"damage":23.0,"enemies":"Gremlin Leader","floor":25.0,"turns":4.0},{"damage":27.0,"enemies":"Book of Stabbing","floor":29.0,"turns":6.0},{"damage":14,"enemies":"Shelled Parasite and Fungi","floor":30,"turns":6},{"damage":7,"enemies":"3 Cultists","floor":31,"turns":2}],"seed_played":"2671265973532656924","potions_obtained":[{"floor":1.0,"key":"Poison Potion"},{"floor":2.0,"key":"Block Potion"},{"floor":16.0,"key":"Weak Potion"},{"floor":18.0,"key":"LiquidMemories"},{"floor":25.0,"key":"Swift Potion"},{"floor":29.0,"key":"Swift Potion"}],"is_trial":false,"path_per_floor":["M","M","$","M","?","E","R","M","T","?","T","R","$","M","R","B",null,"M","$","M","?","$","R","?","E","T","R","?","E","M","M"],"character_chosen":"THE_SILENT","items_purchased":["Noxious Fumes","Accuracy","Bottled Tornado","ColorlessPotion","Corpse Explosion"],"campfire_rested":2,"item_purchase_floors":[3,13,13,13,19],"current_hp_per_floor":[60,60,60,60,60,48,69,63,63,63,63,63,63,62,62,45,65,59,59,52,46,46,65,65,42,42,42,42,17,5,0,0],"gold":157,"neow_bonus":"ONE_RARE_RELIC","is_daily":false,"chose_seed":false,"campfire_upgraded":3,"win_rate":0.0,"timestamp":1614061029,"path_taken":["M","M","$","M","?","E","R","M","T","?","?","R","$","M","R","BOSS","M","$","M","?","$","R","?","E","T","R","?","E","M","M"],"items_purchased_type":["Card","Card","Relic","Potion","Card"],"build_version":"2020-12-22","purchased_purges":1,"victory":false,"max_hp_per_floor":[70,70,70,70,70,70,70,70,70,65,65,65,65,65,65,65,65,65,65,65,65,65,65,65,65,65,65,65,65,65,65,65],"card_choices":[{"not_picked":["Accuracy","Reflex"],"picked":"Blade Dance","floor":1.0},{"not_picked":["Acrobatics","Dodge and Roll"],"picked":"Footwork","floor":2.0},{"not_picked":["Terror","Riddle With Holes"],"picked":"Leg Sweep","floor":4.0},{"not_picked":["Dodge and Roll","Envenom"],"picked":"Leg Sweep","floor":6.0},{"not_picked":["Eviscerate","Skewer"],"picked":"Deflect","floor":8.0},{"not_picked":["Dagger Throw","Leg Sweep"],"picked":"Blade Dance","floor":14.0},{"not_picked":["Venomology","Adrenaline"],"picked":"Phantasmal Killer","floor":16.0},{"not_picked":["Underhanded Strike+1","Blade Dance"],"picked":"Accuracy+1","floor":18.0},{"not_picked":["Deflect","Acrobatics","Choke"],"picked":"SKIP","floor":20.0},{"not_picked":["Flechettes","Endless Agony"],"picked":"PiercingWail+1","floor":25.0},{"not_picked":["Grand Finale","Deadly Poison","Setup"],"picked":"SKIP","floor":29.0},{"not_picked":["Predator","PiercingWail"],"picked":"Backstab+1","floor":30}],"player_experience":806050,"relics_obtained":[{"floor":6.0,"key":"Calipers"},{"floor":9.0,"key":"Old Coin"},{"floor":11.0,"key":"PreservedInsect"},{"floor":25.0,"key":"Torii"},{"floor":26.0,"key":"Sundial"},{"floor":29.0,"key":"Shuriken"}],"event_choices":[{"damage_healed":0.0,"max_hp_gain":0.0,"max_hp_loss":0.0,"gold_gain":0.0,"event_name":"Scrap Ooze","player_choice":"Fled","floor":5.0,"gold_loss":0.0,"damage_taken":0.0},{"damage_healed":0.0,"max_hp_gain":0.0,"max_hp_loss":5.0,"gold_gain":0.0,"event_name":"Golden Idol","player_choice":"Lose Max HP","floor":10.0,"gold_loss":0.0,"damage_taken":0.0,"relics_obtained":["Golden Idol"]},{"damage_healed":0.0,"max_hp_gain":0.0,"max_hp_loss":0.0,"gold_gain":0.0,"event_name":"Nest","player_choice":"Joined the Cult","floor":21.0,"gold_loss":0.0,"damage_taken":6.0,"cards_obtained":["RitualDagger"]},{"damage_healed":0.0,"max_hp_gain":0.0,"max_hp_loss":0.0,"gold_gain":0.0,"cards_transformed":["Strike_G","Strike_G"],"event_name":"Drug Dealer","player_choice":"Became Test Subject","floor":24.0,"gold_loss":0.0,"damage_taken":0.0,"cards_obtained":["A Thousand Cuts","Noxious Fumes"]},{"damage_healed":0.0,"max_hp_gain":0.0,"max_hp_loss":0.0,"gold_gain":0.0,"event_name":"The Mausoleum","player_choice":"Opened","floor":28.0,"gold_loss":0.0,"damage_taken":0.0,"relics_obtained":["Blood Vial"]}],"is_beta":false,"boss_relics":[{"not_picked":["SacredBark","HoveringKite"],"picked":"Runic Pyramid"}],"items_purged_floors":[3],"is_endless":false,"potions_floor_spawned":[1,2,16,18,25,29],"killed_by":"3 Cultists","ascension_level":3}}