{"host":"7oiwk103j2prpym5","time":1614096440,"event":{"mods":["BaseMod","BetterRewards","Colored Map","Colored Powertips","GifTheSpireLib","Infinite Spire","Minty Spire (QoL Compilation)","Permanent Neow","Relic Filter Mod","Reliquary","Remove Card Discount Mod","Replay The Spire","StSLib","Stuff the Spire","Weighted Paths"],"gold_per_floor":[115,95,105,105,124,124,171,181,250,269,296,296,315,330,330,434,434,446,116,116,133,133,133,133,133,133,149,184,194,206,206,206,304,304,318,318,329,354,354,379,391,408,432,432,432,432,388,212,212,212,212],"floor_reached":50,"language":"ENG","playtime":3570,"items_purged":["Strike_R","Defend_R","Strike_R","Defend_R","ReplayTheSpireMod:Restless Dread","Sickly","Normality","Normality"],"score":667,"play_id":"7d3c3813-9858-415f-b77c-914ad938c1b0","local_time":"20210223100720","is_ascension_mode":false,"campfire_choices":[{"floor":6,"key":"RECALL"},{"floor":15,"key":"DIG"},{"data":"Double Tap","floor":23,"key":"SMITH"},{"data":"Armaments","floor":25,"key":"SMITH"},{"floor":32,"key":"REST"},{"data":"Armaments+1","floor":44,"key":"SMITH"},{"floor":46,"key":"REST"},{"floor":49,"key":"REST"}],"circlet_count":0,"master_deck":["Strike_R","Strike_R","Strike_R","Defend_R","Defend_R+1","Bash","Armaments+2","Rampage","True Grit","Sword Boomerang","Clumsy","infinitespire:Oblivion","Clothesline","Heavy Blade","Cleave","Seeing Red","Pommel Strike","Double Tap+1","Overencumbered","Zap","Immolate","Dramatic Entrance","infinitespire:FinalStrike","ReplayTheSpireMod:Strike From Hell","Cleave","Reckless Charge+1","Shockwave","Iron Wave","infinitespire:Fortify","Shrug It Off+1","Inflame","ReplayTheSpireMod:Limb From Limb+1","StuffTheSpire:Incineration","Burning Pact","Crow Ritual","Metamorphosis","Searing Blow+2","Spot Weakness+1","ReplayTheSpireMod:Muscle Training","Immolate","ReplayTheSpireMod:Corrosion Curse","Sadistic Nature"],"relics":["Burning Blood","Mirror","Charon\u0027s Ashes","reliquary:Sod","ReplayTheSpireMod:SealedPack","Du-Vu Doll","Ring of Misfortune","Ring of Searing","PreservedInsect","Nloth\u0027s Gift","Letter Opener","Replay:PocketPolymizer","Prayer Wheel","Cursed Key","reliquary:BigHammer","Ornamental Fan","infinitespire:Lychee Nut","Gremlin Food","Smiling Mask","StuffTheSpire:GreaterSneckoEye"],"acts_visited":["Exordium","TheCity","TheBeyond"],"potions_floor_usage":[16,16,28,28,29,33,41],"damage_taken":[{"damage":8,"enemies":"Jaw Worm","floor":1,"turns":4},{"damage":18,"enemies":"infinitespire:Voidling","floor":3,"turns":4},{"damage":1,"enemies":"2 Louse","floor":5,"turns":2},{"damage":14,"enemies":"Exordium Thugs","floor":8,"turns":4},{"damage":4,"enemies":"Red Slaver","floor":10,"turns":2},{"damage":18,"enemies":"Gremlin Nob","floor":11,"turns":4},{"damage":11,"enemies":"Large Slime","floor":13,"turns":4},{"damage":11,"enemies":"Blue Slaver","floor":14,"turns":3},{"damage":45,"enemies":"Hexaghost","floor":16,"turns":10},{"damage":5,"enemies":"3 Byrds","floor":18,"turns":3},{"damage":14,"enemies":"Shell Parasite","floor":21,"turns":2},{"damage":2,"enemies":"Snecko","floor":27,"turns":2},{"damage":77,"enemies":"Nightmare","floor":28,"turns":6},{"damage":18,"enemies":"Snake Plant","floor":29,"turns":2},{"damage":4,"enemies":"3 Cultists","floor":30,"turns":3},{"damage":29,"enemies":"Champ","floor":33,"turns":7},{"damage":5,"enemies":"3 Darklings","floor":35,"turns":2},{"damage":5,"enemies":"Orb Walker","floor":37,"turns":2},{"damage":19,"enemies":"Giant Head","floor":40,"turns":4},{"damage":10,"enemies":"Jaw Worm Horde","floor":41,"turns":3},{"damage":21,"enemies":"Sphere and 2 Shapes","floor":42,"turns":3},{"damage":58,"enemies":"Time Eater","floor":50,"turns":3}],"seed_played":"-307135322394361274","potions_obtained":[{"floor":1,"key":"FearPotion"},{"floor":2,"key":"Dexterity Potion"},{"floor":10,"key":"Weak Potion"},{"floor":11,"key":"Languid Potion"},{"floor":16,"key":"Swift Potion"},{"floor":27,"key":"Milkshake"},{"floor":28,"key":"Regen Potion"},{"floor":30,"key":"BlessingOfTheForge"},{"floor":37,"key":"Block Potion"}],"is_trial":false,"path_per_floor":["M","?","M","?","M","R","T","M","T","M","E","?","M","M","R_BF","B",null,"M","$","?","M","T","R","?","R","T","M","NM","M","M","AVR","R","B",null,"M","AVR","M","?","?","E","M","M","T","R","?","R","$","$","R_BF","B"],"character_chosen":"IRONCLAD","items_purchased":["Tiny Chest","Armaments","Rampage","BloodPotion","Du-Vu Doll","Cleave","ReplayTheSpireMod:Corrosion Curse","Sadistic Nature"],"campfire_rested":3,"item_purchase_floors":[0,0,0,0,19,19,47,48],"current_hp_per_floor":[66,66,61,61,66,66,66,58,58,60,48,75,70,65,65,26,75,75,75,75,67,67,67,67,67,67,71,15,8,10,10,32,9,75,75,75,75,56,51,44,45,35,35,35,15,31,31,31,47,0,0],"gold":212,"neow_bonus":"","is_daily":false,"chose_seed":false,"campfire_upgraded":3,"win_rate":0.0,"timestamp":1614096440,"path_taken":["M","?","?","?","M","R","?","M","T","M","E","?","?","M","R_BF","BOSS","M","$","?","M","?","R","?","R","T","?","NM","M","M","AVR","R","BOSS","M","AVR","M","?","?","E","M","M","T","R","?","R","?","$","R_BF","BOSS"],"items_purchased_type":["Relic","Card","Card","Potion","Relic","Card","Card","Card"],"build_version":"2020-12-22","purchased_purges":8,"victory":false,"max_hp_per_floor":[75,75,75,75,75,75,75,75,75,75,75,75,75,75,75,75,75,75,75,75,75,75,75,75,75,75,75,75,75,75,75,75,75,75,75,75,75,56,56,56,56,56,56,56,56,56,56,56,56,56,56],"card_choices":[{"not_picked":["StuffTheSpire:Slingshot","Body Slam"],"picked":"True Grit","floor":1},{"not_picked":["Anger","StuffTheSpire:Slingshot"],"picked":"Sword Boomerang","floor":3},{"not_picked":["Replay:Fractal Strike","ReplayTheSpireMod:Haul"],"picked":"infinitespire:Oblivion","floor":4},{"not_picked":["Evolve","Havoc"],"picked":"Clothesline","floor":5},{"not_picked":["Barricade","Run Through"],"picked":"Whirlwind","floor":8},{"not_picked":["StuffTheSpire:Slingshot","Clothesline"],"picked":"Heavy Blade","floor":10},{"not_picked":["Massacre","Battle Trance"],"picked":"Cleave","floor":11},{"not_picked":["Evolve","Armaments"],"picked":"Seeing Red","floor":13},{"not_picked":["Sword Boomerang","StuffTheSpire:Slingshot"],"picked":"Pommel Strike","floor":14},{"not_picked":["StuffTheSpire:TitanForm","Replay:Many Hands"],"picked":"Double Tap","floor":16},{"not_picked":["Survivor","Eruption"],"picked":"Zap","floor":17},{"not_picked":["StuffTheSpire:TitanForm","Replay:Many Hands"],"picked":"Immolate","floor":17},{"not_picked":["StuffTheSpire:PlasmaPunch","Specialist"],"picked":"Dramatic Entrance","floor":17},{"not_picked":["infinitespire:Collect","ReplayTheSpireMod:Echoes of Time"],"picked":"infinitespire:FinalStrike","floor":17},{"not_picked":["StuffTheSpire:Resist+1","Pommel Strike"],"picked":"ReplayTheSpireMod:Strike From Hell","floor":18},{"not_picked":["StuffTheSpire:Incineration","Demonic Infusion"],"picked":"Reckless Charge+1","floor":21},{"not_picked":["Immolate","Blood for Blood"],"picked":"Shockwave","floor":27},{"not_picked":["Hemokinesis","Dark Embrace","ReplayReversal"],"picked":"SKIP","floor":28},{"not_picked":["Hemokinesis","Dark Embrace","ReplayReversal"],"picked":"SKIP","floor":28},{"not_picked":["Battle Trance","StuffTheSpire:RockThrow"],"picked":"Iron Wave","floor":29},{"not_picked":["Body Slam","Clash","Abandon"],"picked":"SKIP","floor":30},{"not_picked":["Anger","Cleave+1"],"picked":"Shrug It Off+1","floor":35},{"not_picked":["Iron Wave+1","Combust"],"picked":"Inflame","floor":35},{"not_picked":["Power Through","Iron Wave"],"picked":"ReplayTheSpireMod:Limb From Limb+1","floor":37},{"not_picked":["StuffTheSpire:BloodClot+1","Replay:Undeath\u0027s Touch+1"],"picked":"StuffTheSpire:Incineration","floor":37},{"not_picked":["Warcry+1","Twin Strike"],"picked":"Burning Pact","floor":38},{"not_picked":["Panacea","The Bomb"],"picked":"Crow Ritual","floor":39},{"not_picked":["Good Instincts","Mayhem"],"picked":"Metamorphosis","floor":39},{"not_picked":["Abandon","Battle Trance"],"picked":"Searing Blow+1","floor":40},{"not_picked":["Havoc","Armaments"],"picked":"Spot Weakness+1","floor":41},{"not_picked":["Cleave","Battle Trance","StuffTheSpire:Slingshot+1"],"picked":"SKIP","floor":41},{"not_picked":["StuffTheSpire:Incineration","Second Wind+1"],"picked":"ReplayTheSpireMod:Muscle Training","floor":42},{"not_picked":["Wild Strike","ReplayTheSpireMod:Muscle Training"],"picked":"Immolate","floor":42}],"player_experience":897315,"relics_obtained":[{"floor":9,"key":"Mirror"},{"floor":11,"key":"Charon\u0027s Ashes"},{"floor":15,"key":"reliquary:Sod"},{"floor":20,"key":"Ring of Misfortune"},{"floor":20,"key":"Ring of Searing"},{"floor":22,"key":"PreservedInsect"},{"floor":26,"key":"Letter Opener"},{"floor":28,"key":"Replay:PocketPolymizer"},{"floor":38,"key":"infinitespire:Lychee Nut"},{"floor":40,"key":"Gremlin Food"},{"floor":43,"key":"Smiling Mask"},{"floor":45,"key":"StuffTheSpire:GreaterSneckoEye"}],"event_choices":[{"damage_healed":0,"gold_gain":0,"player_choice":"Bought 1 Potion","damage_taken":0,"max_hp_gain":0,"max_hp_loss":0,"event_name":"The Woman in Blue","floor":2,"gold_loss":0},{"cards_removed":["Whirlwind"],"damage_healed":27,"gold_gain":0,"player_choice":"Offered Uncommon","damage_taken":0,"max_hp_gain":0,"max_hp_loss":0,"event_name":"Bonfire Elementals","floor":12,"gold_loss":0},{"damage_healed":0,"gold_gain":0,"player_choice":"Traded Relic","damage_taken":0,"relics_obtained":["Nloth\u0027s Gift"],"max_hp_gain":0,"max_hp_loss":0,"event_name":"N\u0027loth","floor":24,"relics_lost":["Tiny Chest"],"gold_loss":0},{"damage_healed":0,"gold_gain":0,"player_choice":"Memory 2","damage_taken":5,"max_hp_gain":0,"max_hp_loss":0,"event_name":"SensoryStone","floor":39,"gold_loss":0}],"is_beta":false,"boss_relics":[{"not_picked":["infinitespire:Burning Sword","Velvet Choker"],"picked":"ReplayTheSpireMod:SealedPack"},{"not_picked":["Runic Cube","Sozu"],"picked":"reliquary:BigHammer"}],"items_purged_floors":[0,0,0,0,19,31,47,47],"is_endless":true,"potions_floor_spawned":[1,10,11,13,16,27,28,30,37],"killed_by":"Time Eater","ascension_level":0}}