{"host":"h3ogdo6no3ehk88q","time":1614120954,"event":{"mods":["AchievementEnabler","BaseMod","Minty Spire (QoL Compilation)","StSLib","SuperFastMode"],"gold_per_floor":[119,131,148,158,158,158,185,260,271,317,317,317,317,335,367,367,367,367,367],"floor_reached":18,"language":"ENG","playtime":364,"items_purged":[],"score":214,"play_id":"b0bcc17e-0b97-41b4-841d-a282d6c6e854","local_time":"20210223175554","is_ascension_mode":true,"campfire_choices":[{"data":"Clothesline","floor":6,"key":"SMITH"},{"floor":12,"key":"REST"},{"floor":17,"key":"REST"}],"circlet_count":0,"master_deck":["AscendersBane","Strike_R","Strike_R","Strike_R","Strike_R","Strike_R","Defend_R","Defend_R","Defend_R","Defend_R","Bash","Clothesline+1","Cleave","True Grit+1"],"relics":["Burning Blood","InkBottle","Happy Flower","Letter Opener"],"acts_visited":["Exordium"],"potions_floor_usage":[4,15,18,18],"damage_taken":[{"damage":9,"enemies":"Jaw Worm","floor":1,"turns":5},{"damage":7,"enemies":"2 Louse","floor":2,"turns":3},{"damage":0,"enemies":"Small Slimes","floor":3,"turns":3},{"damage":38,"enemies":"Exordium Wildlife","floor":4,"turns":6},{"damage":50,"enemies":"Gremlin Nob","floor":7,"turns":6},{"damage":6,"enemies":"Red Slaver","floor":9,"turns":4},{"damage":12,"enemies":"Blue Slaver","floor":14,"turns":5},{"damage":32,"enemies":"Lagavulin","floor":15,"turns":7},{"damage":36,"enemies":"Slime Boss","floor":18,"turns":9}],"seed_played":"-4507850838899657654","potions_obtained":[{"floor":2,"key":"SkillPotion"},{"floor":7,"key":"Block Potion"},{"floor":14,"key":"ElixirPotion"},{"floor":15,"key":"Dexterity Potion"}],"is_trial":false,"path_per_floor":["M","M","M","M","?","R","E","?","M","T","T","R","?","M","E","?","R","B"],"character_chosen":"IRONCLAD","items_purchased":[],"campfire_rested":2,"item_purchase_floors":[],"current_hp_per_floor":[72,71,77,45,72,72,28,17,17,17,17,41,41,35,9,9,33,0,0],"gold":367,"neow_bonus":"TEN_PERCENT_HP_BONUS","is_daily":false,"chose_seed":false,"campfire_upgraded":1,"win_rate":0.0,"timestamp":1614120954,"path_taken":["M","M","M","M","?","R","E","?","M","T","T","R","?","M","E","?","R","BOSS"],"items_purchased_type":[],"build_version":"2020-12-22","purchased_purges":0,"victory":false,"max_hp_per_floor":[82,82,82,82,82,82,82,82,82,82,82,82,82,82,82,82,82,82,82],"card_choices":[{"not_picked":["Pummel","Fire Breathing"],"picked":"Clothesline","floor":1},{"not_picked":["Second Wind","Heavy Blade","Armaments"],"picked":"SKIP","floor":2},{"not_picked":["Rupture","Body Slam","Sentinel"],"picked":"SKIP","floor":3},{"not_picked":["Perfected Strike","Dark Embrace","Dropkick"],"picked":"SKIP","floor":4},{"not_picked":["Sentinel","Clash","Dark Embrace"],"picked":"SKIP","floor":7},{"not_picked":["Searing Blow","Dual Wield"],"picked":"Cleave","floor":9},{"not_picked":["Double Tap","Warcry"],"picked":"True Grit","floor":14},{"not_picked":["Seeing Red","Clash","Rupture"],"picked":"SKIP","floor":15}],"player_experience":883491,"relics_obtained":[{"floor":7,"key":"InkBottle"},{"floor":10,"key":"Happy Flower"},{"floor":15,"key":"Letter Opener"}],"event_choices":[{"damage_healed":27,"gold_gain":0,"player_choice":"Banana","damage_taken":0,"max_hp_gain":0,"max_hp_loss":0,"event_name":"Big Fish","floor":5,"gold_loss":0},{"damage_healed":0,"gold_gain":75,"player_choice":"Gather Gold","damage_taken":11,"max_hp_gain":0,"max_hp_loss":0,"event_name":"World of Goop","floor":8,"gold_loss":0},{"damage_healed":0,"gold_gain":0,"player_choice":"Ignored","damage_taken":0,"max_hp_gain":0,"max_hp_loss":0,"event_name":"Liars Game","floor":13,"gold_loss":0},{"damage_healed":0,"gold_gain":0,"player_choice":"Grow","damage_taken":0,"max_hp_gain":0,"max_hp_loss":0,"event_name":"Living Wall","floor":16,"gold_loss":0,"cards_upgraded":["True Grit"]}],"is_beta":false,"boss_relics":[],"items_purged_floors":[],"is_endless":false,"potions_floor_spawned":[2,7,14,15],"killed_by":"Slime Boss","ascension_level":15}}