{"host":"ijtyqc57s6c9mbij","time":1614049150,"event":{"mods":["BaseMod","Colored Map","Downfall","Minty Spire (QoL Compilation)","StSLib"],"gold_per_floor":[0,15,27,41,41,72,72,72,72,88,88,101,1,19,34,137,137,37,59,12,32,32,32,32,43,61,61,76,107,107,207,224,335,335,335,353,369,391,391,141,141,41,60,60,60,36,36,64,87,87,87,112,34,34,34,34],"floor_reached":57,"language":"ENG","playtime":5039,"items_purged":["Normality","downfall:Haunted"],"score":1368,"play_id":"3e471951-76e0-441d-b7f6-bb0846a29bcf","local_time":"20210222185910","is_ascension_mode":true,"campfire_choices":[{"data":"hexamod:Float","floor":1,"key":"SMITH"},{"floor":9,"key":"RECALL"},{"data":"hexamod:ForkedFlame","floor":11,"key":"SMITH"},{"floor":13,"key":"REST"},{"data":"hexamod:RainOfEmbers","floor":18,"key":"SMITH"},{"floor":30,"key":"REST"},{"data":"hexamod:RetreatToShadows","floor":35,"key":"SMITH"},{"data":"hexamod:FlameSwitch","floor":42,"key":"SMITH"},{"floor":44,"key":"REST"},{"floor":47,"key":"REST"},{"data":"hexamod:ApocalypseNow","floor":54,"key":"SMITH"}],"circlet_count":0,"master_deck":["hexamod:Strike","hexamod:Defend","hexamod:Defend","hexamod:Defend","hexamod:Sear","hexamod:Float+1","hexamod:RainOfEmbers+1","hexamod:BacktrackSmack","hexamod:HeatShield","hexamod:EmpoweredFlame","hexamod:ForkedFlame+1","hexamod:SpectralAdrenaline","hexamod:NecessarySacrifice","hexamod:GhostOfSpirePresent","hexamod:Incineration+1","hexamod:ExtraCrispy+1","hexamod:SoulSteal","hexamod:RainOfEmbers+1","hexamod:TimeOfNeed+1","hexamod:UnleashSpirits+1","hexamod:NightmareGuise+1","hexamod:RetreatToShadows+1","hexamod:Rewind","hexamod:GhostLash+1","hexamod:FlamesFromBeyond+1","hexamod:ShieldOfDarkness+1","downfall:Bewildered","hexamod:SpectralAdrenaline+1","hexamod:BacktrackSmack","hexamod:FlamesFromBeyond","hexamod:RetreatToShadows+1","hexamod:CatchUp","hexamod:InspiringFlames+1","hexamod:FastForward+1","downfall:Haunted","hexamod:UnleashSpirits+1","downfall:Haunted","Injury","hexamod:FastForward","hexamod:HauntingEcho","hexamod:Toasty","hexamod:FastForward","hexamod:ThirdSeal","hexamod:EtherealExpedition","hexamod:SwordOfDarkness","hexamod:RetreatToShadows+1","hexamod:GhostflameBarrier+1","hexamod:FirstSeal","hexamod:GiftsFromTheDead","hexamod:FlameSwitch+1","hexamod:FirstSeal","hexamod:ThermalTransfer+1","hexamod:Hexaguard+1","Jack Of All Trades","hexamod:Firestarter","hexamod:GiftsFromTheDead","hexamod:Hexaguard","hexamod:Again","hexamod:SwordOfDarkness+1","hexamod:SkipABeat+1","hexamod:RainOfEmbers+1","hexamod:ApocalypseNow+1"],"relics":["hexamod:SpiritBrand","champ:DuelingGlove","downfall:ShatteredFragment","Prayer Wheel","Shuriken","downfall:HeartBlessingGreen","Astrolabe","downfall:HeartBlessingRed","sneckomod:BabySnecko","White Beast Statue","hexamod:MatchstickCase","Darkstone Periapt","bronze:MakeshiftBattery","downfall:HeartBlessingBlue","Bag of Preparation","hexamod:TheBrokenSeal","Orichalcum"],"acts_visited":["Exordium","TheCity","TheBeyond","TheEnding"],"potions_floor_usage":[16,25,29,32,36,36,40,49,52,55,56,56,56],"damage_taken":[{"damage":2,"enemies":"Jaw Worm","floor":2,"turns":3},{"damage":2,"enemies":"2 Louse","floor":3,"turns":3},{"damage":0,"enemies":"Small Slimes","floor":4,"turns":3},{"damage":0,"enemies":"3 Sentries","floor":6,"turns":7},{"damage":7,"enemies":"3 Louse","floor":10,"turns":3},{"damage":13,"enemies":"Exordium Thugs","floor":12,"turns":2},{"damage":2,"enemies":"Blue Slaver","floor":14,"turns":2},{"damage":8,"enemies":"3 Louse","floor":15,"turns":2},{"damage":6,"enemies":"WA_ARCHETYPE_RETAIN","floor":16,"turns":4},{"damage":22,"enemies":"3 Byrds","floor":19,"turns":4},{"damage":0,"enemies":"downfall:FleeingMerchant","floor":20,"turns":4},{"damage":17,"enemies":"downfall:LooterAlt2","floor":21,"turns":3},{"damage":3,"enemies":"Centurion and Healer","floor":25,"turns":3},{"damage":19,"enemies":"Shelled Parasite and Fungi","floor":26,"turns":4},{"damage":1,"enemies":"Chosen and Byrds","floor":28,"turns":3},{"damage":7,"enemies":"Book of Stabbing","floor":29,"turns":3},{"damage":13,"enemies":"Snecko","floor":32,"turns":3},{"damage":6,"enemies":"IC_MUSHROOM_ARCHETYPE","floor":33,"turns":8},{"damage":19,"enemies":"3 Shapes","floor":36,"turns":4},{"damage":4,"enemies":"Orb Walker","floor":37,"turns":2},{"damage":4,"enemies":"3 Darklings","floor":38,"turns":4},{"damage":6,"enemies":"downfall:FleeingMerchant","floor":40,"turns":5},{"damage":74,"enemies":"Spire Growth","floor":43,"turns":6},{"damage":3,"enemies":"downfall:FleeingMerchant","floor":46,"turns":2},{"damage":15,"enemies":"Writhing Mass","floor":48,"turns":4},{"damage":32,"enemies":"Maw","floor":49,"turns":10},{"damage":16,"enemies":"DF_ARCHETYPE_ORBS","floor":50,"turns":5},{"damage":17,"enemies":"downfall:CharBossMerchant","floor":52,"turns":5},{"damage":29,"enemies":"downfall:NeowBoss","floor":55,"turns":9},{"damage":55,"enemies":"downfall:NeowBossFinal","floor":56,"turns":8}],"seed_played":"-1553521599326806075","potions_obtained":[{"floor":2,"key":"Swift Potion"},{"floor":10,"key":"champ:CounterPotion"},{"floor":14,"key":"LiquidMemories"},{"floor":19,"key":"Ancient Potion"},{"floor":25,"key":"hexamod:SoulburnPotion"},{"floor":29,"key":"hexamod:EctoCoolerPotion"},{"floor":32,"key":"Explosive Potion"},{"floor":33,"key":"DuplicationPotion"},{"floor":36,"key":"EssenceOfSteel"},{"floor":37,"key":"Dexterity Potion"},{"floor":40,"key":"hexamod:InfernoChargePotion"},{"floor":43,"key":"PowerPotion"},{"floor":43,"key":"Swift Potion"},{"floor":46,"key":"Energy Potion"},{"floor":49,"key":"ColorlessPotion"},{"floor":52,"key":"hexamod:EctoCoolerPotion"}],"is_trial":false,"path_per_floor":["R","M","M","M","?","E","T","?","R","M","R","M","R","M","M","B",null,"R","M","$","M","?","?","T","M","M","?","M","E","R","?","M","B",null,"R","M","M","M","?","$","T","R","M","R","?","$","R","M","M","B",null,"E","$","R","B","B",null],"character_chosen":"THE_SPIRIT","items_purchased":["hexamod:ThirdSeal","hexamod:FlameSwitch","Bag of Preparation","EntropicBrew","hexamod:ApocalypseNow"],"campfire_rested":4,"item_purchase_floors":[20,40,46,46,53],"current_hp_per_floor":[70,68,66,66,45,45,45,45,45,38,38,25,46,44,36,30,70,70,48,48,31,31,31,31,28,9,32,31,24,45,80,67,61,105,105,93,89,85,85,86,86,96,22,56,56,67,101,86,125,109,125,115,115,115,93,52],"gold":34,"neow_bonus":"ONE_RARE_RELIC","is_daily":false,"chose_seed":false,"campfire_upgraded":6,"win_rate":0.0,"timestamp":1614049150,"path_taken":["R","M","M","M","?","E","T","?","R","M","R","M","R","M","M","BOSS","R","M","$","M","?","?","T","M","M","?","M","E","R","?","M","BOSS","R","M","M","M","?","?","T","R","M","R","?","$","R","?","M","BOSS","E","$","R","BOSS","BOSS"],"items_purchased_type":["Card","Card","Relic","Potion","Card"],"build_version":"2020-12-22","purchased_purges":2,"victory":true,"max_hp_per_floor":[70,70,70,70,70,70,70,70,70,70,70,70,70,70,70,70,70,70,70,70,70,70,70,70,70,70,70,70,70,70,105,105,105,105,105,105,105,105,105,105,105,115,115,115,115,115,115,115,125,125,125,125,125,125,125,125],"card_choices":[{"not_picked":["hexamod:CatchUp","hexamod:SuperheatedStrike"],"picked":"hexamod:RainOfEmbers","floor":2},{"not_picked":["hexamod:ShieldOfDarkness","hexamod:GhostShield"],"picked":"hexamod:BacktrackSmack","floor":3},{"not_picked":["hexamod:Firestarter","hexamod:ShieldOfDarkness"],"picked":"hexamod:HeatShield","floor":4},{"not_picked":["hexamod:NightmareGuise","hexamod:SpectersWail"],"picked":"hexamod:EmpoweredFlame","floor":6},{"not_picked":["hexamod:ShieldOfDarkness","hexamod:ChargedBarrage"],"picked":"hexamod:SpectralAdrenaline","floor":10},{"not_picked":["hexamod:BacktrackSmack","hexamod:ShieldOfDarkness"],"picked":"hexamod:NecessarySacrifice","floor":10},{"not_picked":["hexamod:BacktrackSmack","hexamod:PowerFromBeyond"],"picked":"hexamod:GhostOfSpirePresent","floor":12},{"not_picked":["hexamod:Firestarter","hexamod:ShieldOfDarkness"],"picked":"hexamod:Incineration","floor":12},{"not_picked":["hexamod:SpectralSpark","hexamod:PhantomCloak"],"picked":"hexamod:ExtraCrispy","floor":14},{"not_picked":["hexamod:InspiringFlames","hexamod:PhantomFireball"],"picked":"hexamod:SoulSteal","floor":14},{"not_picked":["hexamod:ShieldOfDarkness","hexamod:Incineration"],"picked":"hexamod:SecondSeal","floor":15},{"not_picked":["hexamod:NightmareStrike","hexamod:BurningTouch","hexamod:ThermalTransfer"],"picked":"SKIP","floor":15},{"not_picked":["hexamod:GiftsFromTheDead","hexamod:VolcanoVisage"],"picked":"hexamod:SixthSeal","floor":16},{"not_picked":["hexamod:BacktrackSmack","hexamod:RainOfEmbers"],"picked":"hexamod:NightmareGuise+1","floor":19},{"not_picked":["hexamod:EmpoweredFlame+1","hexamod:FastForward+1"],"picked":"hexamod:RetreatToShadows","floor":19},{"not_picked":["hexamod:Hexaguard","hexamod:PhantomFireball+1"],"picked":"hexamod:Rewind","floor":20},{"not_picked":["hexamod:AdvancingGuard+1","hexamod:SpectersWail+1"],"picked":"hexamod:GhostLash+1","floor":21},{"not_picked":["hexamod:GhostLash","hexamod:NightmareGuise"],"picked":"hexamod:FlamesFromBeyond+1","floor":21},{"not_picked":["hexamod:SwordOfDarkness","hexamod:AdvancingGuard"],"picked":"hexamod:ShieldOfDarkness+1","floor":21},{"not_picked":["hexamod:AdvancingGuard+1","hexamod:HeatShield"],"picked":"hexamod:SpectralAdrenaline+1","floor":25},{"not_picked":["hexamod:Hexaguard","hexamod:RainOfEmbers"],"picked":"hexamod:FifthSeal","floor":25},{"not_picked":["hexamod:SwordOfDarkness","hexamod:HauntingEcho+1"],"picked":"hexamod:BacktrackSmack","floor":25},{"not_picked":["hexamod:ThermalTransfer","hexamod:ExtraCrispy"],"picked":"hexamod:FlamesFromBeyond","floor":26},{"not_picked":["hexamod:GhostLash","hexamod:ThermalTransfer","hexamod:BurningTouch"],"picked":"SKIP","floor":26},{"not_picked":["hexamod:GhostOfSpirePast","hexamod:SkipABeat"],"picked":"hexamod:RetreatToShadows+1","floor":28},{"not_picked":["hexamod:Firestarter","hexamod:NecessarySacrifice"],"picked":"hexamod:CatchUp","floor":28},{"not_picked":["hexamod:Firestarter","hexamod:Haunt+1"],"picked":"hexamod:InspiringFlames+1","floor":29},{"not_picked":["hexamod:NightmareStrike","hexamod:SkipABeat"],"picked":"hexamod:FastForward","floor":29},{"not_picked":["hexamod:Firestarter","hexamod:HeatShield"],"picked":"hexamod:FastForward","floor":32},{"not_picked":["hexamod:NightmareGuise+1","hexamod:SecondSeal"],"picked":"hexamod:HauntingEcho","floor":32},{"not_picked":["hexamod:UnleashSpirits","hexamod:ForkedFlame"],"picked":"hexamod:Toasty","floor":33},{"not_picked":["hexamod:SixthSeal","hexamod:FourthSeal"],"picked":"hexamod:FirstSeal","floor":33},{"not_picked":["hexamod:NightmareStrike+1","hexamod:RecurringNightmare"],"picked":"hexamod:FourthSeal","floor":36},{"not_picked":["hexamod:SuperheatedStrike+1","hexamod:NightmareStrike"],"picked":"hexamod:FastForward","floor":36},{"not_picked":["hexamod:SecondSeal","hexamod:SixthSeal"],"picked":"hexamod:ThirdSeal","floor":36},{"not_picked":["hexamod:HauntingEcho","hexamod:UnleashSpirits"],"picked":"hexamod:EtherealExpedition","floor":37},{"not_picked":["hexamod:SpectralAdrenaline","hexamod:SuperheatedStrike"],"picked":"hexamod:SwordOfDarkness","floor":37},{"not_picked":["hexamod:SixthSeal","hexamod:Firestarter"],"picked":"hexamod:RetreatToShadows+1","floor":38},{"not_picked":["hexamod:BacktrackSmack","hexamod:HeatMetal"],"picked":"hexamod:GhostflameBarrier+1","floor":38},{"not_picked":["hexamod:ThirdSeal","hexamod:SecondSeal"],"picked":"hexamod:FirstSeal","floor":38},{"not_picked":["hexamod:FastForward","hexamod:SuperheatedStrike+1"],"picked":"hexamod:GiftsFromTheDead","floor":40},{"not_picked":["hexamod:GhostLash","hexamod:Hexaguard","hexamod:HeatMetal"],"picked":"SKIP","floor":40},{"not_picked":["hexamod:SecondSeal","hexamod:ThirdSeal"],"picked":"hexamod:FirstSeal","floor":43},{"not_picked":["hexamod:BacktrackSmack+1","hexamod:FastForward"],"picked":"hexamod:ThermalTransfer+1","floor":43},{"not_picked":["hexamod:ShieldOfDarkness","hexamod:Firestarter"],"picked":"hexamod:Hexaguard+1","floor":43},{"not_picked":["hexamod:HeatCrush+1","hexamod:SpectralSpark"],"picked":"hexamod:GiftsFromTheDead","floor":46},{"not_picked":["hexamod:HauntingEcho","hexamod:RainOfEmbers"],"picked":"hexamod:Hexaguard","floor":48},{"not_picked":["hexamod:HeatCrush+1","hexamod:HauntingEcho+1"],"picked":"hexamod:Again","floor":48},{"not_picked":["hexamod:BacktrackSmack+1","hexamod:HauntingEcho"],"picked":"hexamod:SwordOfDarkness+1","floor":49},{"not_picked":["hexamod:GhostLash+1","hexamod:DynamicBlow"],"picked":"hexamod:SkipABeat+1","floor":49},{"not_picked":["hexamod:HeatMetal","hexamod:PowerFromBeyond+1"],"picked":"hexamod:RainOfEmbers+1","floor":52}],"player_experience":1037159,"relics_obtained":[{"floor":6,"key":"Prayer Wheel"},{"floor":7,"key":"Shuriken"},{"floor":24,"key":"White Beast Statue"},{"floor":29,"key":"hexamod:MatchstickCase"},{"floor":52,"key":"Orichalcum"}],"event_choices":[{"damage_healed":0,"gold_gain":0,"cards_transformed":["hexamod:Strike"],"player_choice":"Change","damage_taken":0,"max_hp_gain":0,"max_hp_loss":0,"event_name":"Living Wall","floor":8,"gold_loss":0,"cards_obtained":["hexamod:ForkedFlame"]},{"damage_healed":23,"gold_gain":0,"player_choice":"Heal","damage_taken":0,"max_hp_gain":0,"max_hp_loss":0,"event_name":"The Library","floor":27,"gold_loss":0}],"is_beta":false,"boss_relics":[{"not_picked":["Runic Dome","Black Star"],"picked":"Astrolabe"},{"not_picked":["Sozu","Tiny House"],"picked":"bronze:MakeshiftBattery"}],"items_purged_floors":[40,46],"is_endless":false,"potions_floor_spawned":[2,10,14,19,25,26,28,29,32,33,36,37,38,40,43,46,48,49,52],"ascension_level":2}}