{"host":"6h0diz2ap0m56grs","time":1614114940,"event":{"mods":["2.2 Compatiblity","BaseMod","Colored Map","Marisa????????","Minty Spire (QoL Compilation)","Quick Restart","Replay The Spire","Shop Mod","StSLib","The Cursed","The Exalted","The Necromancer","The Servant 0.9.4"],"gold_per_floor":[119,133,133,79,79,110,110,142,210,226,226,226,254,283,283,388,488,502,502,423,523,541,572,598,632,632,667,667,695,695,695,695,796,796,814,814,839,889,968,995,1024,1054,1079,1079,1107,534,534,569,569,569],"floor_reached":51,"language":"ENG","playtime":1994,"items_purged":[],"score":1887,"play_id":"a5397cbc-eeb2-4543-a8f0-9b931516aef2","local_time":"20210223151540","daily_mods":["SealedDeck","Heirloom","Time Dilation","Flight"],"is_ascension_mode":true,"campfire_choices":[{"data":"Bromod:PointStrike","floor":7,"key":"SMITH"},{"data":"Bromod:TargetCracker","floor":11,"key":"SMITH"},{"data":"Bromod:RadialBlind","floor":15,"key":"SMITH"},{"data":"Bromod:Maglev","floor":30,"key":"SMITH"},{"data":"Bromod:OrganShatter","floor":32,"key":"SMITH"},{"data":"Bromod:DriftingContact","floor":44,"key":"SMITH"},{"data":"Bromod:ToxicFlight","floor":47,"key":"SMITH"},{"data":"Bromod:BulletJump","floor":49,"key":"SMITH"}],"circlet_count":0,"master_deck":["Bromod:BulletJump","Bromod:Vitality+1","Bromod:RadialBlind+1","Bromod:ShatteringImpact+1","Bromod:PointStrike+1","Bromod:OrganShatter+1","Bromod:OrganShatter+1","Bromod:RadialBlind+1","Bromod:SlashDash","Bromod:SlashDash","Bromod:SlashDash","Bromod:BulletJump+1","Bromod:Vitality+1","Bromod:TargetCracker+1","Bromod:CollisionForce","Bromod:VoltaicStrike+1","Bromod:NoReturn+1","Bromod:Maglev+1","Bromod:OrganShatter+1","Bromod:Stormbringer","Bromod:DriftingContact+1","Bromod:ContagiousSpread+1","Bromod:SlashDash","Bromod:TargetCracker+1","Bromod:ThermiteRounds+1","Bromod:ToxicFlight+1","Bromod:PointStrike+1","Bromod:OrganShatter+1"],"relics":["Bromod:Ordis","Bromod:AscarisDevice","replay:Trail_Library","Bromod:ArcaneAvenger","Anchor","Letter Opener","Bromod:ArcaneFury","Replay:Wanted Poster","MerchantsRug","Blood Vial","InkBottle","Singing Bowl","Gremlin Horn","Turnip","Bag of Preparation","Runic Dome","Sozu","SacredBark","Whetstone","Replay:Towering Pillar of Hats","Bromod:ArcaneAwakening","Pocketwatch","Molten Egg 2","PreservedInsect","Snack Pack","Bottled Tornado","Gremlin Food"],"acts_visited":["Exordium","TheCity","TheBeyond"],"potions_floor_usage":[50,50,50,50,50],"damage_taken":[{"damage":0,"enemies":"Small Slimes","floor":1,"turns":3},{"damage":0,"enemies":"Jaw Worm","floor":2,"turns":1},{"damage":0,"enemies":"Lagavulin","floor":6,"turns":7},{"damage":0,"enemies":"3 Sentries","floor":8,"turns":8},{"damage":0,"enemies":"Cultist","floor":10,"turns":2},{"damage":0,"enemies":"Gremlin Nob","floor":13,"turns":4},{"damage":0,"enemies":"Lagavulin","floor":14,"turns":4},{"damage":0,"enemies":"Slime Boss","floor":16,"turns":6},{"damage":0,"enemies":"Shell Parasite","floor":18,"turns":3},{"damage":0,"enemies":"2 Thieves","floor":22,"turns":3},{"damage":0,"enemies":"Slavers","floor":23,"turns":6},{"damage":0,"enemies":"Gremlin Leader","floor":24,"turns":7},{"damage":0,"enemies":"Book of Stabbing","floor":25,"turns":5},{"damage":0,"enemies":"Gremlin Leader","floor":27,"turns":5},{"damage":0,"enemies":"Book of Stabbing","floor":29,"turns":4},{"damage":0,"enemies":"Pondfish","floor":33,"turns":8},{"damage":0,"enemies":"3 Darklings","floor":35,"turns":3},{"damage":0,"enemies":"Mind Bloom Boss Battle","floor":38,"turns":4},{"damage":0,"enemies":"R_Hoarder","floor":40,"turns":6},{"damage":0,"enemies":"Nemesis","floor":41,"turns":5},{"damage":0,"enemies":"R_Hoarder","floor":42,"turns":6},{"damage":0,"enemies":"Giant Head","floor":45,"turns":7},{"damage":0,"enemies":"Reptomancer","floor":48,"turns":3},{"damage":0,"enemies":"Donu and Deca","floor":50,"turns":5}],"seed_played":"-2980223682804381777","potions_obtained":[{"floor":2,"key":"Ancient Potion"},{"floor":13,"key":"Bromod:AmmoRestore"},{"floor":16,"key":"EssenceOfSteel"},{"floor":22,"key":"FearPotion"},{"floor":25,"key":"Venom Potion"},{"floor":27,"key":"CultistPotion"}],"is_trial":true,"path_per_floor":["M","M","?","$","?","E","R","E","T","M","R","?","E","E","R","B",null,"M","?","$","?","M","E","E","E","T","E","T","E","R","?","R","B",null,"M","?","$","?","?","E","E","E","T","R","E","$","R","E","R","B",null],"character_chosen":"THE_EXALTED","items_purchased":["Bromod:Vitality","MerchantsRug","Whetstone","Bromod:PointStrike+1","Bromod:OrganShatter+1","Snack Pack","Bottled Tornado"],"campfire_rested":0,"item_purchase_floors":[4,20,37,46,46,46,46],"current_hp_per_floor":[75,75,80,80,80,80,80,80,80,80,80,80,80,80,80,80,80,80,80,80,80,80,80,80,82,82,84,84,84,84,68,68,70,89,89,89,89,89,73,95,99,99,99,99,99,99,99,101,101,101],"gold":569,"neow_bonus":"","is_daily":false,"chose_seed":false,"campfire_upgraded":8,"win_rate":0.0,"timestamp":1614114940,"path_taken":["M","M","?","$","?","E","R","E","T","?","R","?","E","E","R","BOSS","M","?","$","?","?","E","E","E","T","E","?","E","R","?","R","BOSS","M","?","$","?","?","E","E","E","T","R","E","$","R","E","R","BOSS"],"items_purchased_type":["Card","Relic","Relic","Card","Card","Relic","Relic"],"build_version":"2020-12-22","purchased_purges":0,"victory":true,"max_hp_per_floor":[75,75,80,80,80,80,80,80,80,80,80,80,80,80,80,80,80,80,80,80,80,80,80,80,82,82,84,84,84,84,89,89,89,89,89,89,89,89,95,97,99,99,99,99,99,99,99,101,101,101],"card_choices":[{"not_picked":["Bromod:SteelCharge","Bromod:Foundry"],"picked":"Bromod:SlashDash","floor":1},{"not_picked":["Bromod:ShatteringImpact","Bromod:FinishingTouch"],"picked":"Bromod:BulletJump","floor":2},{"not_picked":["Bromod:Reflection","Bromod:Rejuvenation","Bromod:BriefRespite"],"picked":"SKIP","floor":6},{"not_picked":["Bromod:QuickDraw","Bromod:BulletJump"],"picked":"Bromod:TargetCracker","floor":8},{"not_picked":["Bromod:RadialBlind","Bromod:PressurePoint","Bromod:ContagiousSpread"],"picked":"SKIP","floor":10},{"not_picked":["Bromod:QuickDraw","Bromod:Stretch","Bromod:FastHands"],"picked":"SKIP","floor":13},{"not_picked":["Bromod:HornetStrike","Bromod:PointStrike","Bromod:FormaBlueprint"],"picked":"SKIP","floor":14},{"not_picked":["Bromod:Frostbite","Bromod:HellsChamber"],"picked":"Bromod:VoltaicStrike","floor":16},{"not_picked":["Bromod:BulletJump","Bromod:FinishingTouch+1","Bromod:Patagium"],"picked":"SKIP","floor":18},{"not_picked":["Bromod:Vitality","Bromod:SteelFiber","Bromod:FastHands"],"picked":"SKIP","floor":22},{"not_picked":["Bromod:Reflection","Bromod:SteelFiber","Bromod:Continuity"],"picked":"SKIP","floor":23},{"not_picked":["Bromod:Foundry","Bromod:RelentlessCombination+1"],"picked":"Bromod:NoReturn+1","floor":24},{"not_picked":["Bromod:PointStrike","Bromod:SeismicWave+1","Bromod:SplitChamber"],"picked":"Singing Bowl","floor":25},{"not_picked":["Bromod:OrganShatter","Bromod:Foundry","Bromod:PointBlank+1"],"picked":"Singing Bowl","floor":27},{"not_picked":["Bromod:RelentlessCombination","Bromod:BloodRush+1"],"picked":"Bromod:OrganShatter+1","floor":29},{"not_picked":["Bromod:ThermiteRounds","Bromod:Continuity"],"picked":"Bromod:DriftingContact","floor":33},{"not_picked":["Bromod:SeismicWave+1","Bromod:SteelFiber"],"picked":"Bromod:ContagiousSpread+1","floor":35},{"not_picked":["Bromod:PressurePoint","Bromod:Reflection"],"picked":"Bromod:SlashDash","floor":38},{"not_picked":["Bromod:BodyCount","Bromod:Provoked+1","Bromod:HeatedCharge"],"picked":"Singing Bowl","floor":39},{"not_picked":["Bromod:HeatedCharge+1","Bromod:SteelFiber","Bromod:Stretch+1"],"picked":"Singing Bowl","floor":39},{"not_picked":["Bromod:Foundry","Bromod:SpeedTrigger+1","Bromod:Reflection+1"],"picked":"Singing Bowl","floor":39},{"not_picked":["Bromod:BulletJump+1","Bromod:SteelFiber+1","Bromod:FastHands"],"picked":"Singing Bowl","floor":40},{"not_picked":["Bromod:Reflection","Bromod:FastHands","Bromod:PointStrike"],"picked":"Singing Bowl","floor":41},{"not_picked":["Bromod:BodyCount+1","Bromod:Redirection+1"],"picked":"Bromod:TargetCracker+1","floor":42},{"not_picked":["Bromod:FastHands+1","Bromod:QuickDraw"],"picked":"Bromod:ToxicFlight","floor":45},{"not_picked":["Bromod:OrganShatter+1","Bromod:ContagiousSpread","Bromod:NorthWind"],"picked":"Singing Bowl","floor":48}],"player_experience":559806,"relics_obtained":[{"floor":6,"key":"Anchor"},{"floor":8,"key":"Letter Opener"},{"floor":9,"key":"Eternal Feather"},{"floor":13,"key":"Potion Belt"},{"floor":14,"key":"Bromod:ArcaneFury"},{"floor":23,"key":"Blood Vial"},{"floor":24,"key":"InkBottle"},{"floor":25,"key":"Singing Bowl"},{"floor":26,"key":"Gremlin Horn"},{"floor":27,"key":"Turnip"},{"floor":28,"key":"Bag of Preparation"},{"floor":29,"key":"Darkstone Periapt"},{"floor":38,"key":"Replay:Towering Pillar of Hats"},{"floor":40,"key":"Bromod:ArcaneAwakening"},{"floor":41,"key":"Pocketwatch"},{"floor":42,"key":"Molten Egg 2"},{"floor":43,"key":"War Paint"},{"floor":45,"key":"PreservedInsect"},{"floor":48,"key":"Gremlin Food"}],"event_choices":[{"damage_healed":0,"gold_gain":0,"player_choice":"Donut","damage_taken":0,"max_hp_gain":5,"max_hp_loss":0,"event_name":"Big Fish","floor":3,"gold_loss":0},{"damage_healed":0,"gold_gain":0,"player_choice":"Forge","damage_taken":0,"max_hp_gain":0,"max_hp_loss":0,"event_name":"Accursed Blacksmith","floor":5,"gold_loss":0,"cards_upgraded":["Bromod:RadialBlind"]},{"damage_healed":0,"gold_gain":0,"player_choice":"Bought 0 Potions","damage_taken":0,"max_hp_gain":0,"max_hp_loss":0,"event_name":"The Woman in Blue","floor":12,"gold_loss":0},{"damage_healed":0,"gold_gain":100,"player_choice":"Pray","damage_taken":0,"max_hp_gain":0,"max_hp_loss":0,"event_name":"Golden Shrine","floor":21,"gold_loss":0},{"damage_healed":0,"gold_gain":0,"player_choice":"Shed Blood","damage_taken":21,"max_hp_gain":5,"max_hp_loss":0,"event_name":"Forgotten Altar","floor":31,"gold_loss":0},{"damage_healed":0,"gold_gain":0,"player_choice":"Ignored","damage_taken":0,"max_hp_gain":0,"max_hp_loss":0,"event_name":"Tomb of Lord Red Mask","floor":36,"gold_loss":0},{"damage_healed":0,"gold_gain":0,"player_choice":"Fight","damage_taken":0,"max_hp_gain":0,"max_hp_loss":0,"event_name":"MindBloom","floor":38,"gold_loss":0}],"is_beta":false,"boss_relics":[{"not_picked":["Cursed Key","Busted Crown"],"picked":"Replay:Wanted Poster"},{"not_picked":["Bromod:ArcaneGrace","Coffee Dripper"],"picked":"Replay:Grab Bag"},{"not_picked":["ChewingGum","ReplayTheSpireMod:Onyx Gauntlets"],"picked":"Runic Dome"},{"not_picked":["Painkiller Herb","Philosopher\u0027s Stone"],"picked":"Sozu"},{"not_picked":["Empty Cage","Astrolabe"],"picked":"SacredBark"}],"items_purged_floors":[],"is_endless":false,"potions_floor_spawned":[2,13,16,22,25,27,35,38,48],"ascension_level":1}}