{"host":"0qlrtuw7bw78ucw4","time":1614083135,"event":{"mods":["BaseMod","Downfall","Minty Spire (QoL Compilation)","StSLib"],"gold_per_floor":[99,113,113,113,125,125,125,138,48,198,298,312,312,197,215,287,287,287,300,300,73,73,73,73,58,268,268,268,268,268,268],"floor_reached":29,"language":"ENG","playtime":1145,"items_purged":["downfall:Malfunctioning","Doubt","Slimebound:Strike_Slimebound","downfall:Haunted"],"score":383,"play_id":"cbb56e51-eca3-4e8f-adf3-a946aea18fad","local_time":"20210223232535","is_ascension_mode":true,"campfire_choices":[{"data":"Slimebound:CorrosiveSpit","floor":1,"key":"SMITH"},{"data":"Slimebound:Nibble","floor":6,"key":"SMITH"},{"data":"Slimebound:Split","floor":13,"key":"SMITH"},{"data":"Slimebound:Teamwork","floor":18,"key":"SMITH"},{"data":"Slimebound:MassRepurpose","floor":28,"key":"SMITH"}],"circlet_count":0,"master_deck":["AscendersBane","Slimebound:Strike_Slimebound+1","Slimebound:Strike_Slimebound","Slimebound:Tackle","Slimebound:Defend_Slimebound+1","Slimebound:Defend_Slimebound","Slimebound:Defend_Slimebound+1","Slimebound:Defend_Slimebound","Slimebound:Split+1","Slimebound:CorrosiveSpit+1","Slimebound:Nibble+1","Slimebound:SplitLeeching","Slimebound:LevelUp+1","Slimebound:SplitAcid","Slimebound:DuplicatedForm+1","Slimebound:LivingWall","Slimebound:Teamwork+1","Slimebound:Recollect+1","Slimebound:LevelUp+1","Slimebound:SlimeBarrage","RitualDagger+1","Slimebound:MassRepurpose+1","Writhe"],"relics":["Slimebound:AbsorbEndCombat","Frozen Egg 2","Cursed Key","Centennial Puzzle","Juzu Bracelet"],"acts_visited":["Exordium","TheCity"],"potions_floor_usage":[2,12,29],"damage_taken":[{"damage":1,"enemies":"2 Louse","floor":2,"turns":3},{"damage":1,"enemies":"Small Slimes","floor":5,"turns":5},{"damage":0,"enemies":"Jaw Worm","floor":8,"turns":4},{"damage":5,"enemies":"downfall:FleeingMerchant","floor":9,"turns":4},{"damage":6,"enemies":"3 Louse","floor":12,"turns":2},{"damage":25,"enemies":"downfall:FleeingMerchant","floor":14,"turns":4},{"damage":23,"enemies":"Exordium Wildlife","floor":15,"turns":6},{"damage":18,"enemies":"SI_SHIV_ARCHETYPE","floor":16,"turns":7},{"damage":19,"enemies":"Spheric Guardian","floor":19,"turns":4},{"damage":20,"enemies":"downfall:FleeingMerchant","floor":21,"turns":4},{"damage":0,"enemies":"Chosen","floor":22,"turns":1},{"damage":33,"enemies":"downfall:FleeingMerchant","floor":25,"turns":4},{"damage":34,"enemies":"downfall:FleeingMerchant","floor":26,"turns":4},{"damage":37,"enemies":"Slavers","floor":29,"turns":3}],"seed_played":"-7632095708651054040","potions_obtained":[{"floor":2,"key":"Fruit Juice"},{"floor":5,"key":"AttackPotion"},{"floor":15,"key":"SpeedPotion"},{"floor":23,"key":"CultistPotion"}],"is_trial":false,"path_per_floor":["R","M","?","?","M","R","T","M","$","?","?","M","R","$","M","B",null,"R","M","?","$","M","?","T","$","$","?","R","E"],"character_chosen":"SLIMEBOUND","items_purchased":["Slimebound:LevelUp+1"],"campfire_rested":0,"item_purchase_floors":[21],"current_hp_per_floor":[58,66,66,66,69,69,69,69,66,66,66,62,62,58,50,55,66,66,62,62,61,61,61,61,47,30,30,30,0,0,0],"gold":268,"neow_bonus":"TEN_PERCENT_HP_BONUS","is_daily":false,"chose_seed":false,"campfire_upgraded":5,"win_rate":0.0,"timestamp":1614083135,"path_taken":["R","M","?","?","M","R","T","M","$","?","?","M","R","$","M","BOSS","R","M","?","$","M","?","T","?","$","?","R","E"],"items_purchased_type":["Card"],"build_version":"2020-12-22","purchased_purges":4,"victory":false,"max_hp_per_floor":[64,69,69,69,69,69,69,69,69,69,69,69,69,69,69,69,69,69,69,69,69,69,69,69,69,69,69,69,69,69,69],"card_choices":[{"not_picked":["Slimebound:ItLooksTasty","Slimebound:BestDefense"],"picked":"Slimebound:Nibble","floor":2},{"not_picked":["Slimebound:ComboTackle","Slimebound:ViciousTackle"],"picked":"Slimebound:SplitLeeching","floor":5},{"not_picked":["Slimebound:GoopTackle","Slimebound:RejuvenatingLick"],"picked":"Slimebound:LevelUp+1","floor":8},{"not_picked":["Slimebound:LeechEnergy","Slimebound:AcidTongue+1"],"picked":"Slimebound:SplitAcid","floor":9},{"not_picked":["Slimebound:LeechEnergy","Slimebound:ProtectTheBoss+1"],"picked":"Slimebound:DuplicatedForm+1","floor":12},{"not_picked":["Slimebound:LeechEnergy","Slimebound:HauntingLick","Slimebound:ComboTackle"],"picked":"SKIP","floor":14},{"not_picked":["Slimebound:ItLooksTasty","Slimebound:SamplingLick"],"picked":"Slimebound:LivingWall","floor":15},{"not_picked":["Slimebound:CheckThePlaybook","Slimebound:OneTwoCombo"],"picked":"Slimebound:Teamwork","floor":16},{"not_picked":["Slimebound:SlimeBrawl","Slimebound:ComboTackle","Slimebound:GoopTackle"],"picked":"SKIP","floor":19},{"not_picked":["Slimebound:ServeAndProtect","Slimebound:LivingWall"],"picked":"Slimebound:Recollect+1","floor":21},{"not_picked":["Slimebound:GoopTackle","Slimebound:ItLooksTasty"],"picked":"Slimebound:SlimeBarrage","floor":22},{"not_picked":["Slimebound:AcidTongue+1","Slimebound:Prepare"],"picked":"Slimebound:MassRepurpose","floor":25},{"not_picked":["Slimebound:SplitBruiser","Slimebound:HauntingLick","Slimebound:ProtectTheBoss+1"],"picked":"SKIP","floor":26}],"player_experience":1045260,"relics_obtained":[{"floor":7,"key":"Frozen Egg 2"},{"floor":24,"key":"Centennial Puzzle"}],"event_choices":[{"damage_healed":0,"gold_gain":0,"player_choice":"Ignored","damage_taken":0,"max_hp_gain":0,"max_hp_loss":0,"event_name":"Ghosts","floor":20,"gold_loss":0}],"is_beta":false,"boss_relics":[{"not_picked":["bronze:MakeshiftBattery","Velvet Choker"],"picked":"Cursed Key"}],"items_purged_floors":[9,14,21,26],"is_endless":false,"potions_floor_spawned":[2,5,15],"killed_by":"Slavers","ascension_level":17}}