{"host":"yq9izw6r1wt570l5","time":1614054410,"event":{"mods":["AchievementEnabler","BaseMod","BetterRewards","Colored Powertips","Downfall","Hermit","Infinite Spire","Jorbs\u0027s Wanderer Trilogy","Minty Spire (QoL Compilation)","Replay The Spire","StSLib","The Bladedancer","The Cursed","The Runesmith"],"gold_per_floor":[23,98,98,98,121,157,157,181,181,181,181],"floor_reached":10,"language":"ENG","playtime":490,"items_purged":[],"score":69,"play_id":"a7d6e3a1-1806-4ac6-943e-89d1826ce231","local_time":"20210223012650","is_ascension_mode":true,"campfire_choices":[{"data":"Pot Of Greed","floor":7,"key":"SMITH"}],"circlet_count":0,"master_deck":["Strike_G","Strike_G","Strike_G","Strike_G","Strike_G","Defend_G","Defend_G","Defend_G","Defend_G","Defend_G","Survivor","Neutralize","Slice","ReplayTheSpireMod:Uncanny Aura","Quick Slash+1","Quick Slash","ReplayTheSpireMod:Speed Training","Pot Of Greed","Pot Of Greed+1","Footwork"],"relics":["Ring of the Snake","Golden Idol","NlothsMask","Grinning Jar"],"acts_visited":["Exordium"],"potions_floor_usage":[6],"damage_taken":[{"damage":0,"enemies":"2 Louse","floor":1,"turns":2},{"damage":1,"enemies":"Cultist","floor":5,"turns":3},{"damage":31,"enemies":"3 Sentries","floor":6,"turns":10},{"damage":0,"enemies":"Small Slimes","floor":8,"turns":3},{"damage":32,"enemies":"Nightmare","floor":10,"turns":10}],"seed_played":"1919675158464921112","potions_obtained":[{"floor":1,"key":"Flashbang"}],"is_trial":false,"path_per_floor":["M","?","?","?","M","E","R","M","T","NM"],"character_chosen":"THE_SILENT","items_purchased":["Quick Slash+1"],"campfire_rested":0,"item_purchase_floors":[0],"current_hp_per_floor":[70,59,59,59,58,27,27,27,27,0,0],"gold":181,"neow_bonus":"","is_daily":false,"chose_seed":false,"campfire_upgraded":1,"win_rate":0.0,"timestamp":1614054410,"path_taken":["M","?","?","?","?","E","R","M","T","NM"],"items_purchased_type":["Card"],"build_version":"2020-12-22","purchased_purges":0,"victory":false,"max_hp_per_floor":[70,70,65,65,65,65,65,65,65,65,65],"card_choices":[{"not_picked":["Dagger Throw","Calculated Gamble"],"picked":"Quick Slash","floor":1},{"not_picked":["Sucker Punch","Poisoned Stab"],"picked":"ReplayTheSpireMod:Speed Training","floor":5},{"not_picked":["Quick Slash","Dagger Throw","Choke"],"picked":"SKIP","floor":6},{"not_picked":["Dodge and Roll","Adrenaline"],"picked":"Footwork","floor":8}],"player_experience":94630,"relics_obtained":[{"floor":6,"key":"Grinning Jar"}],"event_choices":[{"damage_healed":0,"gold_gain":75,"player_choice":"Gather Gold","damage_taken":11,"max_hp_gain":0,"max_hp_loss":0,"event_name":"World of Goop","floor":2,"gold_loss":0},{"damage_healed":0,"gold_gain":0,"player_choice":"Lose Max HP","damage_taken":0,"relics_obtained":["Golden Idol"],"max_hp_gain":0,"max_hp_loss":5,"event_name":"Golden Idol","floor":3,"gold_loss":0},{"damage_healed":0,"gold_gain":0,"player_choice":"Trade","damage_taken":0,"relics_obtained":["NlothsMask"],"max_hp_gain":0,"max_hp_loss":0,"event_name":"FaceTrader","floor":4,"gold_loss":0}],"is_beta":false,"boss_relics":[],"items_purged_floors":[],"is_endless":false,"potions_floor_spawned":[1],"killed_by":"Nightmare","ascension_level":1}}