{"host":"cc6r8m2qe4jvlwua","time":1614124418,"event":{"mods":["BaseMod","Minty Spire (QoL Compilation)","Morshu Shopkeeper","Replay The Spire","StSLib"],"gold_per_floor":[110,110,129,129,129,129,197,120,166,226,257,257,291,38,38,135,135,150,200,250,314,332,367,367,342,419,469,469,499,510,521,521,625,625,642,293,343,355,405,405,421,438,490,490,517,530,565,615,615,615],"floor_reached":51,"language":"ENG","playtime":2053,"items_purged":["Strike_P","Strike_P","Defend_P"],"score":683,"play_id":"97822669-6738-412c-869b-6e99568edea7","local_time":"20210223175338","is_ascension_mode":true,"campfire_choices":[{"data":"Eruption","floor":6,"key":"SMITH"},{"data":"TalkToTheHand","floor":12,"key":"SMITH"},{"data":"BowlingBash","floor":15,"key":"SMITH"},{"data":"Alpha","floor":24,"key":"SMITH"},{"data":"EmptyFist","floor":28,"key":"SMITH"},{"data":"Judgement","floor":40,"key":"SMITH"},{"data":"Perseverance","floor":44,"key":"SMITH"},{"floor":49,"key":"REST"}],"circlet_count":0,"master_deck":["Strike_P+1","Defend_P","Eruption+1","Vigilance","TalkToTheHand+1","InnerPeace","Protect+1","Halt","Alpha+1","EmptyFist+1","Adaptation+1","Judgement+1","Adaptation+1","Perseverance+1","Fasting2+1"],"relics":["PureWater","SsserpentHead","Vajra","Centennial Puzzle","Potion Belt","Akabeko","Philosopher\u0027s Stone","StoneCalendar","Mirror","Mummified Hand","Bottled Tornado","Sozu","Regal Pillow","Juzu Bracelet","Whetstone","Golden Egg","Replay:Purple Gloves"],"acts_visited":["Exordium","TheCity","TheBeyond"],"potions_floor_usage":[16,18,18,18,31,45],"damage_taken":[{"damage":0,"enemies":"Small Slimes","floor":1,"turns":2},{"damage":3,"enemies":"Cultist","floor":3,"turns":4},{"damage":0,"enemies":"2 Louse","floor":7,"turns":1},{"damage":3,"enemies":"Exordium Thugs","floor":10,"turns":4},{"damage":16,"enemies":"Gremlin Nob","floor":11,"turns":4},{"damage":10,"enemies":"Lagavulin","floor":13,"turns":6},{"damage":32,"enemies":"Slime Boss","floor":16,"turns":11},{"damage":16,"enemies":"3 Byrds","floor":18,"turns":7},{"damage":0,"enemies":"Chosen","floor":21,"turns":3},{"damage":3,"enemies":"Centurion and Healer","floor":22,"turns":4},{"damage":20,"enemies":"Slavers","floor":23,"turns":5},{"damage":26,"enemies":"Book of Stabbing","floor":29,"turns":4},{"damage":11,"enemies":"3 Cultists","floor":30,"turns":3},{"damage":3,"enemies":"Snecko","floor":31,"turns":4},{"damage":17,"enemies":"Automaton","floor":33,"turns":6},{"damage":7,"enemies":"3 Shapes","floor":35,"turns":3},{"damage":14,"enemies":"3 Darklings","floor":38,"turns":3},{"damage":11,"enemies":"Transient","floor":41,"turns":5},{"damage":1,"enemies":"Maw","floor":42,"turns":6},{"damage":9,"enemies":"Reptomancer","floor":45,"turns":4},{"damage":9,"enemies":"4 Shapes","floor":46,"turns":4},{"damage":3,"enemies":"R_Hoarder","floor":47,"turns":7},{"damage":21,"enemies":"Replay:Hell Engine","floor":50,"turns":10}],"seed_played":"-1442333500985152066","potions_obtained":[{"floor":1,"key":"Adrenaline Potion"},{"floor":7,"key":"SkillPotion"},{"floor":13,"key":"Fire Potion"},{"floor":16,"key":"SkillPotion"},{"floor":22,"key":"BlessingOfTheForge"},{"floor":23,"key":"SmokeBomb"},{"floor":31,"key":"Venom Potion"},{"floor":33,"key":"AttackPotion"}],"is_trial":false,"path_per_floor":["M","?","M","?","?","R","M","$","T","M","E","R","E","$","R","B",null,"M","?","?","M","M","E","R","?","T","T","R","E","M","M","R","B",null,"M","$","?","M","?","R","M","M","T","R","E","M","E","?","R","B",null],"character_chosen":"WATCHER","items_purchased":["Protect","Akabeko","Regal Pillow","Perseverance"],"campfire_rested":1,"item_purchase_floors":[8,14,36,36],"current_hp_per_floor":[79,84,81,81,81,81,81,81,81,78,62,62,52,52,52,20,84,68,68,68,68,65,45,45,45,45,45,45,19,8,5,30,13,84,77,77,77,63,63,63,52,51,51,51,42,33,30,30,69,48],"gold":615,"neow_bonus":"TEN_PERCENT_HP_BONUS","is_daily":false,"chose_seed":false,"campfire_upgraded":7,"win_rate":0.0,"timestamp":1614124418,"path_taken":["M","?","M","?","?","R","?","?","T","?","E","R","E","$","R","BOSS","M","?","?","?","M","E","R","?","T","?","R","E","M","M","R","BOSS","M","$","?","M","?","R","M","M","T","R","E","M","E","?","R","BOSS"],"items_purchased_type":["Card","Relic","Relic","Card"],"build_version":"2020-12-22","purchased_purges":3,"victory":true,"max_hp_per_floor":[79,84,84,84,84,84,84,84,84,84,84,84,84,84,84,84,84,84,84,84,84,84,84,84,84,84,84,84,84,84,84,84,84,84,84,84,80,80,80,80,80,80,80,80,80,80,80,80,80,80],"card_choices":[{"not_picked":["DeceiveReality","Nirvana"],"picked":"TalkToTheHand","floor":1},{"not_picked":["Fasting2","Crescendo"],"picked":"BowlingBash","floor":3},{"not_picked":["FlyingSleeves","FollowUp"],"picked":"InnerPeace","floor":7},{"not_picked":["FollowUp","Conclude","WheelKick"],"picked":"SKIP","floor":10},{"not_picked":["FlyingSleeves","JustLucky","Protect"],"picked":"SKIP","floor":11},{"not_picked":["Wish","CrushJoints"],"picked":"Halt","floor":13},{"not_picked":["SpiritShield","Brilliance"],"picked":"Alpha","floor":16},{"not_picked":["Evaluate","Replay:ManipulateFuture","FlyingSleeves+1"],"picked":"SKIP","floor":18},{"not_picked":["Replay:Anticipation+1","FearNoEvil","Replay:ManipulateFuture"],"picked":"SKIP","floor":21},{"not_picked":["EmptyBody+1","Protect+1"],"picked":"Adaptation+1","floor":22},{"not_picked":["DeceiveReality","Replay:Vibes","JustLucky"],"picked":"SKIP","floor":23},{"not_picked":["Wish","Replay:BluntJabs","Consecrate"],"picked":"SKIP","floor":29},{"not_picked":["EmptyBody","BattleHymn+1","EmptyFist"],"picked":"SKIP","floor":30},{"not_picked":["FlyingSleeves","JustLucky","ThirdEye"],"picked":"SKIP","floor":31},{"not_picked":["Replay:LoomingThreat","Blasphemy"],"picked":"Judgement","floor":33},{"not_picked":["Conclude","Replay:AtTheReady"],"picked":"Adaptation+1","floor":35},{"not_picked":["FlurryOfBlows","EmptyBody+1","Evaluate+1"],"picked":"SKIP","floor":38},{"not_picked":["Consecrate+1","LikeWater","MentalFortress"],"picked":"SKIP","floor":41},{"not_picked":["Replay:DivineShield","Evaluate","FlyingSleeves+1"],"picked":"SKIP","floor":42},{"not_picked":["WaveOfTheHand+1","LikeWater+1"],"picked":"Fasting2+1","floor":45},{"not_picked":["WreathOfFlame","CarveReality+1","InnerPeace+1"],"picked":"SKIP","floor":46},{"not_picked":["Protect","BattleHymn+1","Judgement"],"picked":"SKIP","floor":47}],"player_experience":197210,"relics_obtained":[{"floor":9,"key":"Vajra"},{"floor":11,"key":"Centennial Puzzle"},{"floor":13,"key":"Potion Belt"},{"floor":23,"key":"StoneCalendar"},{"floor":26,"key":"Mirror"},{"floor":27,"key":"Mummified Hand"},{"floor":29,"key":"Bottled Tornado"},{"floor":43,"key":"Whetstone"},{"floor":45,"key":"Golden Egg"},{"floor":47,"key":"Replay:Purple Gloves"}],"event_choices":[{"damage_healed":0,"gold_gain":0,"player_choice":"Donut","damage_taken":0,"max_hp_gain":5,"max_hp_loss":0,"event_name":"Big Fish","floor":2,"gold_loss":0},{"cards_removed":["Strike_P"],"damage_healed":0,"gold_gain":0,"player_choice":"Forget","damage_taken":0,"max_hp_gain":0,"max_hp_loss":0,"event_name":"Living Wall","floor":4,"gold_loss":0},{"damage_healed":0,"gold_gain":0,"player_choice":"Trade","damage_taken":0,"relics_obtained":["SsserpentHead"],"max_hp_gain":0,"max_hp_loss":0,"event_name":"FaceTrader","floor":5,"gold_loss":0},{"damage_healed":0,"gold_gain":0,"player_choice":"Read","damage_taken":0,"max_hp_gain":0,"max_hp_loss":0,"event_name":"The Library","floor":19,"gold_loss":0,"cards_obtained":["EmptyFist"]},{"cards_removed":["Defend_P"],"damage_healed":0,"gold_gain":0,"player_choice":"Elegance","damage_taken":0,"max_hp_gain":0,"max_hp_loss":0,"event_name":"Back to Basics","floor":20,"gold_loss":0},{"cards_removed":["Defend_P"],"damage_healed":0,"gold_gain":0,"player_choice":"Gave Gold","damage_taken":0,"max_hp_gain":0,"max_hp_loss":0,"event_name":"Beggar","floor":25,"gold_loss":75},{"damage_healed":0,"gold_gain":0,"player_choice":"Max HP","damage_taken":0,"max_hp_gain":0,"max_hp_loss":4,"event_name":"Winding Halls","floor":37,"gold_loss":0},{"cards_removed":["BowlingBash"],"damage_healed":0,"gold_gain":0,"player_choice":"Gave Card","damage_taken":0,"relics_obtained":["Juzu Bracelet"],"max_hp_gain":0,"max_hp_loss":0,"event_name":"WeMeetAgain","floor":39,"gold_loss":0}],"is_beta":false,"boss_relics":[{"not_picked":["Fusion Hammer","Velvet Choker"],"picked":"Philosopher\u0027s Stone"},{"not_picked":["Calling Bell","Cursed Key"],"picked":"Sozu"}],"items_purged_floors":[8,14,36],"is_endless":false,"potions_floor_spawned":[1,7,13,16,22,23,31,33,41,45,46,47],"ascension_level":2}}