{"host":"9tdhussg6z28ni1x","time":1614090350,"event":{"mods":["2.2 Compatiblity","Act Like it!","Arknights","BaseMod","CapriCore","KOR Keyword Fix","Minty Spire (QoL Compilation)","Relic Stats","Replay The Spire","StSLib","SuperFastMode","The Dragon Tamer","The Hierophant","The Poker Player","WarShipGirlsR/??á´Ò³R mod"],"gold_per_floor":[418,433,433,433,104,104,119,131,180,208,208,208],"floor_reached":11,"language":"KOR","playtime":391,"items_purged":["Strike_R"],"score":88,"play_id":"0943f106-9400-440c-9a96-6b5bbcc874f3","local_time":"20210223232550","is_ascension_mode":true,"campfire_choices":[{"data":"Battle Trance","floor":6,"key":"SMITH"}],"circlet_count":0,"master_deck":["Strike_R+1","Strike_R+1","Strike_R","Defend_R","Defend_R","Defend_R","Defend_R","Bash+1","Battle Trance+1","Twin Strike","Sever Soul+1","ReplayTheSpireMod:Strike From Hell","ReplayTheSpireMod:Stacked"],"relics":["Burning Blood","Old Coin","Matryoshka","Simple Rune","CeramicFish"],"acts_visited":["Exordium"],"potions_floor_usage":[11],"damage_taken":[{"damage":14,"enemies":"ats:Genji","floor":1,"turns":4},{"damage":4,"enemies":"Jaw Worm","floor":2,"turns":4},{"damage":6,"enemies":"2 Louse","floor":7,"turns":2},{"damage":20,"enemies":"Gremlin Gang","floor":8,"turns":4},{"damage":29,"enemies":"Lots of Slimes","floor":10,"turns":5},{"damage":9,"enemies":"Lagavulin","floor":11,"turns":4}],"seed_played":"4884779366105991547","potions_obtained":[{"floor":1,"key":"Venom Potion"},{"floor":10,"key":"Ancient Potion"}],"is_trial":false,"path_per_floor":["M","M","?","?","$","R","M","M","T","M","E"],"character_chosen":"IRONCLAD","items_purchased":["Matryoshka"],"campfire_rested":0,"item_purchase_floors":[5],"current_hp_per_floor":[43,45,45,45,45,45,45,31,31,8,0,0],"gold":208,"neow_bonus":"ONE_RARE_RELIC","is_daily":false,"chose_seed":false,"campfire_upgraded":1,"win_rate":0.0,"timestamp":1614090350,"path_taken":["M","M","?","?","?","R","M","?","T","M","E"],"items_purchased_type":["Relic"],"build_version":"2020-12-22","purchased_purges":1,"victory":false,"max_hp_per_floor":[80,80,80,80,80,80,80,80,80,80,80,80],"relic_stats":{"counters":[6,23],"CeramicFish":9,"obtain_stats":[{"Matryoshka":5,"CeramicFish":9,"Simple Rune":9,"Burning Blood":0,"Old Coin":0},{"Matryoshka":2,"CeramicFish":4,"Simple Rune":4,"Burning Blood":0,"Old Coin":0},{"Matryoshka":8,"CeramicFish":14,"Simple Rune":14,"Burning Blood":0,"Old Coin":0}],"Burning Blood":30},"card_choices":[{"not_picked":["Thunderclap","ReplayTheSpireMod:Strike From Hell"],"picked":"Battle Trance","floor":1},{"not_picked":["Body Slam","Dark Embrace"],"picked":"Twin Strike","floor":2},{"not_picked":["Defy Death","Clothesline"],"picked":"ReplayTheSpireMod:Strike From Hell","floor":7},{"not_picked":["Disarm","ReplayTheSpireMod:Limb From Limb","Life Link"],"picked":"SKIP","floor":8},{"not_picked":["Bludgeon","Carnage"],"picked":"ReplayTheSpireMod:Stacked","floor":10}],"player_experience":266851,"relics_obtained":[{"floor":9,"key":"Simple Rune"},{"floor":9,"key":"CeramicFish"}],"event_choices":[{"damage_healed":0,"gold_gain":0,"player_choice":"Grow","damage_taken":0,"max_hp_gain":0,"max_hp_loss":0,"event_name":"Living Wall","floor":3,"gold_loss":0,"cards_upgraded":["Bash"]}],"is_beta":false,"boss_relics":[],"items_purged_floors":[5],"is_endless":false,"potions_floor_spawned":[1,10],"killed_by":"Lagavulin","ascension_level":7}}