{"host":"t39frk1gt0zfm79h","time":1614053548,"event":{"mods":["BaseMod","Better Altar","Better Match","Better Note","Better Sensory Stone","Better Skull","Better Third Choice","Block Reminder","Colored Map","Downfall","Hermit","Minty Spire (QoL Compilation)","Relic Stats","StSLib"],"gold_per_floor":[111,129,229,229,249,283,283,283,283,302,302,337,354,373,373,469,469,452,3,3,18,32,32,67,67,67],"floor_reached":25,"language":"ENG","playtime":1558,"items_purged":[],"score":270,"play_id":"96f2b9c2-9508-4530-ac9f-fb0d101eeb5d","local_time":"20210222201228","is_ascension_mode":true,"campfire_choices":[{"data":"Apotheosis","floor":8,"key":"SMITH"},{"data":"hermit:Determination","floor":11,"key":"SMITH"},{"floor":15,"key":"REST"},{"floor":23,"key":"RECALL"}],"circlet_count":0,"master_deck":["hermit:Defend_Hermit","hermit:Defend_Hermit","hermit:Defend_Hermit","hermit:Defend_Hermit","hermit:Snapshot","hermit:Covet","Apotheosis+1","hermit:Determination+1","hermit:Horror","Regret","Shame","hermit:OverwhelmingPower","hermit:Spite","Purity","downfall:Haunted","downfall:Malfunctioning","hermit:LoneWolf","hermit:Feint","hermit:Reprieve","hermit:ShadowCloak","hermit:ShadowCloak","Bite","Bite","Bite","Bite","Bite","hermit:Cheat+1","hermit:Glare"],"relics":["hermit:Momento","downfall:ExtraCursedKey","Ancient Tea Set","Darkstone Periapt","Anchor","Fusion Hammer","Ice Cream","DollysMirror","Pear"],"acts_visited":["Exordium","TheCity"],"potions_floor_usage":[6,13,16,16,24,24],"damage_taken":[{"damage":0,"enemies":"2 Louse","floor":1,"turns":4},{"damage":3,"enemies":"Jaw Worm","floor":2,"turns":3},{"damage":2,"enemies":"Small Slimes","floor":5,"turns":4},{"damage":15,"enemies":"3 Sentries","floor":6,"turns":9},{"damage":2,"enemies":"Looter","floor":10,"turns":2},{"damage":22,"enemies":"Lagavulin","floor":12,"turns":6},{"damage":8,"enemies":"Exordium Thugs","floor":13,"turns":5},{"damage":2,"enemies":"3 Louse","floor":14,"turns":3},{"damage":49,"enemies":"The Guardian","floor":16,"turns":12},{"damage":9,"enemies":"2 Thieves","floor":18,"turns":4},{"damage":32,"enemies":"3 Byrds","floor":21,"turns":6},{"damage":21,"enemies":"Snecko","floor":22,"turns":6},{"damage":46,"enemies":"Slavers","floor":24,"turns":6},{"damage":59,"enemies":"3 Cultists","floor":25,"turns":5}],"seed_played":"-6134984469071812294","potions_obtained":[{"floor":1,"key":"EssenceOfSteel"},{"floor":2,"key":"champ:CounterPotion"},{"floor":12,"key":"Regen Potion"},{"floor":14,"key":"EssenceOfSteel"},{"floor":18,"key":"Block Potion"},{"floor":21,"key":"LiquidMemories"}],"is_trial":false,"path_per_floor":["M","M","?","?","M","E","?","R","T","M","R","E","M","M","R","B",null,"M","$","?","M","M","R","E","M"],"character_chosen":"HERMIT","items_purchased":["Ice Cream","DollysMirror"],"campfire_rested":1,"item_purchase_floors":[19,19],"current_hp_per_floor":[68,65,70,70,68,53,53,53,53,51,51,29,33,31,52,3,73,64,64,51,49,41,41,27,0,0],"gold":67,"neow_bonus":"RANDOM_COLORLESS_2","is_daily":false,"chose_seed":false,"campfire_upgraded":2,"win_rate":0.0,"timestamp":1614053548,"path_taken":["M","M","?","?","M","E","?","R","T","M","R","E","M","M","R","BOSS","M","$","?","M","M","R","E","M"],"items_purchased_type":["Relic","Relic"],"build_version":"2020-12-22","purchased_purges":0,"victory":false,"max_hp_per_floor":[68,68,73,73,73,73,73,73,73,73,73,73,73,73,73,73,73,73,73,51,51,51,51,61,61,61],"relic_stats":{"Darkstone Periapt":0,"counters":[14,75],"obtain_stats":[{"Darkstone Periapt":9,"Ice Cream":19,"Anchor":12,"Pear":24,"DollysMirror":19,"downfall:ExtraCursedKey":3,"Fusion Hammer":17,"Ancient Tea Set":6,"hermit:Momento":0},{"Darkstone Periapt":4,"Ice Cream":10,"Anchor":6,"Pear":13,"DollysMirror":10,"downfall:ExtraCursedKey":2,"Fusion Hammer":9,"Ancient Tea Set":4,"hermit:Momento":0},{"Darkstone Periapt":20,"Ice Cream":52,"Anchor":28,"Pear":70,"DollysMirror":52,"downfall:ExtraCursedKey":7,"Fusion Hammer":48,"Ancient Tea Set":20,"hermit:Momento":0}]},"card_choices":[{"not_picked":["Violence","HandOfGreed"],"picked":"Apotheosis","floor":0},{"not_picked":["hermit:Snipe","hermit:Dive"],"picked":"hermit:Determination","floor":1},{"not_picked":["hermit:Glare","hermit:Shortfuse"],"picked":"hermit:Horror","floor":2},{"not_picked":["hermit:Roulette","hermit:BodyArmor","hermit:ItchyTrigger"],"picked":"SKIP","floor":5},{"not_picked":["hermit:Headshot","hermit:FatalDesire"],"picked":"hermit:Spite","floor":6},{"not_picked":["Chrysalis","Secret Technique"],"picked":"Purity","floor":7},{"not_picked":["hermit:Coalescence","hermit:ItchyTrigger","hermit:HighCaliber"],"picked":"SKIP","floor":10},{"not_picked":["hermit:Showdown","hermit:CalledShot"],"picked":"hermit:LoneWolf","floor":12},{"not_picked":["hermit:Dive","hermit:LowProfile","hermit:Vantage"],"picked":"SKIP","floor":13},{"not_picked":["hermit:Ricochet","hermit:Desperado"],"picked":"hermit:Feint","floor":14},{"not_picked":["hermit:FinalCanter","hermit:Purgatory"],"picked":"hermit:Reprieve","floor":16},{"not_picked":["hermit:FlashPowder+1","hermit:GhostlyPresence"],"picked":"hermit:ShadowCloak","floor":18},{"not_picked":["hermit:Snipe","hermit:Shortfuse+1","hermit:HoleUp"],"picked":"SKIP","floor":21},{"not_picked":["hermit:LuckOfTheDraw+1","hermit:LoneWolf"],"picked":"hermit:Cheat+1","floor":22},{"not_picked":["hermit:Roulette","hermit:EternalForm"],"picked":"hermit:Glare","floor":24}],"player_experience":23975,"relics_obtained":[{"floor":6,"key":"Ancient Tea Set"},{"floor":9,"key":"Darkstone Periapt"},{"floor":12,"key":"Anchor"},{"floor":24,"key":"Pear"}],"event_choices":[{"cards_removed":["downfall:Aged"],"damage_healed":0,"gold_gain":0,"player_choice":"Forget","damage_taken":0,"max_hp_gain":0,"max_hp_loss":0,"event_name":"Living Wall","floor":4,"gold_loss":0},{"damage_healed":0,"gold_gain":1,"player_choice":"1","damage_taken":0,"max_hp_gain":0,"max_hp_loss":0,"event_name":"betterStone:BetterStone","floor":7,"gold_loss":0},{"damage_healed":0,"gold_gain":0,"player_choice":"Became a vampire","damage_taken":0,"max_hp_gain":0,"max_hp_loss":22,"event_name":"Vampires","floor":20,"gold_loss":0,"cards_obtained":["Bite","Bite","Bite","Bite","Bite"]}],"is_beta":false,"boss_relics":[{"not_picked":["bronze:MakeshiftBattery","Astrolabe"],"picked":"Fusion Hammer"}],"items_purged_floors":[],"is_endless":false,"potions_floor_spawned":[1,2,12,14,18,21],"killed_by":"3 Cultists","ascension_level":1}}