{"host":"rjfefv2ruvigm2gb","time":1614098258,"event":{"mods":["Act Like it!","AlwaysNeverKeys","BaseMod","Better Note","Better Third Choice","BetterRewards","Block Reminder","Bossed Relics","Colored Map","Colored Powertips","Conspire","Curses Come First","Displayed Cursed Tome","Downfall","Fox Events","GifTheSpireLib","Gold Saver","Googly Eyes","Highlight Path","Hubris","Ironclad Rager","Minty Spire (QoL Compilation)","Monster B Gone","Permanent Neow","Poor People Problems","Quick Restart","Relic Filter","Relic Stats","Reliquary","Replay The Spire","Retaliation","Ruina","Shop Mod","Small Relic Pack","Spire Arcade","StS++","StSLib","Stuff the Spire","SuperFastMode","The Blue Laboratory","Transform Curses","Uncapped","Virulent Crown"],"gold_per_floor":[7676,7676,7676,7576,7576,6765,6765,6765,6784,6803,6186,6198,6231,6231,6251,6326,6326,6326,6343,5418,5438,5438,5438,5490,5505,5517,5542,5542,5624,5656,5248,5262,5341,5341,5341,5351,5370,5670,5688,5722,5749,5761,5779,5779,5779,5779],"floor_reached":44,"language":"ENG","playtime":2586,"items_purged":[],"score":913,"play_id":"43816600-379d-43c6-a8fa-5e048ca8f7b7","local_time":"20210223103738","is_ascension_mode":true,"campfire_choices":[{"floor":8.0,"key":"DIG"},{"floor":18.0,"key":"DIG"},{"floor":23.0,"key":"REST"},{"floor":35.0,"key":"DIG"}],"circlet_count":0,"master_deck":["AscendersBane","bronze:Strike+1","bronze:Strike","bronze:Strike","bronze:Strike","bronze:Defend","bronze:Defend","bronze:Defend+1","bronze:Defend","bronze:Replicate","bronze:Goto","bronze:Iterate","bronze:BronzeOrb","Ghostly","bronze:ChildClass","bronze:ChosenStrike","bronze:ItsAFeature","bronze:CutThrough+1","bronze:Turbo","bronze:MaxOutput","bronze:Iterate","bronze:InfiniteBeams","bronze:DelayedSlice","bronze:BuggyMess","bronze:Flail","bronze:Library","bronze:ChildClass","bronze:InfiniteBeams+1","bronze:Repulsor+1","bronze:BuggyMess","bronze:Break+1","Secret Weapon","Apotheosis","Bandage Up","hubris:Sloth","bronze:BuggyMess","bronze:BuggyMess","bronze:ShipIt","bronze:Separator+1","bronze:BuggyMess","bronze:Iterate","bronze:Frontload","bronze:AlphaBuild","bronze:BuggyMess","bronze:BuggyMess","bronze:FineTuning","Sickly","bronze:Repair","bronze:BugBarrage+1"],"relics":["bronze:BronzeCore","downfall:HeartsMalice","downfall:HeartBlessingGreen","downfall:HeartBlessingRed","downfall:HeartBlessingBlue","relicPack:DarknessArmor","reliquary:CitrusReamer","Shovel","conspire:DeflatedDodgeball","ClockworkSouvenir","Simple Rune","MerchantsRug","reliquary:Boomerang","Ancient Tea Set","Cursed Key","Frozen Egg 2","hubris:PeanutButter","StuffTheSpire:NeowsTribute","ReplayTheSpireMod:ShopPack","relicPack:OneForAll","reliquary:WeakTea","reliquary:SilkGlove","hubris:Towel","Mummified Hand","Replay:WaspNest","StuffTheSpire:HistoryBook","reliquary:BallBearing","hubris:Backtick","The Courier","ReplayTheSpireMod:Lightbulb","Strawberry","PreservedInsect"],"acts_visited":["Exordium","Exordium","TheBeyond"],"potions_floor_usage":[43],"damage_taken":[{"damage":0.0,"enemies":"Small Slimes","floor":2.0,"turns":1.0},{"damage":0.0,"enemies":"2 Louse","floor":3.0,"turns":1.0},{"damage":0.0,"enemies":"Jaw Worm","floor":5.0,"turns":1.0},{"damage":0.0,"enemies":"downfall:FleeingMerchant","floor":6.0,"turns":4.0},{"damage":13.0,"enemies":"Exordium Wildlife","floor":9.0,"turns":5.0},{"damage":6.0,"enemies":"3 Louse","floor":10.0,"turns":2.0},{"damage":0.0,"enemies":"downfall:FleeingMerchant","floor":11.0,"turns":4.0},{"damage":0.0,"enemies":"downfall:LooterAlt","floor":12.0,"turns":1.0},{"damage":1.0,"enemies":"3 Sentries","floor":13.0,"turns":5.0},{"damage":3.0,"enemies":"Gremlin Gang","floor":15.0,"turns":3.0},{"damage":19.0,"enemies":"WA_ARCHETYPE_RETAIN","floor":16.0,"turns":4.0},{"damage":0.0,"enemies":"ruina:Nosferatu","floor":19.0,"turns":3.0},{"damage":16.0,"enemies":"downfall:FleeingMerchant","floor":20.0,"turns":4.0},{"damage":17.0,"enemies":"ruina:3_Bats","floor":21.0,"turns":3.0},{"damage":13.0,"enemies":"ruina:QueenOfHate","floor":25.0,"turns":3.0},{"damage":3.0,"enemies":"ruina:KingOfGreed","floor":26.0,"turns":5.0},{"damage":21.0,"enemies":"ruina:RoadHome","floor":27.0,"turns":7.0},{"damage":24.0,"enemies":"ruina:Mountain","floor":30.0,"turns":5.0},{"damage":0.0,"enemies":"downfall:FleeingMerchant","floor":31.0,"turns":5.0},{"damage":18.0,"enemies":"ruina:Woodsman","floor":32.0,"turns":3.0},{"damage":2.0,"enemies":"IC_MUSHROOM_ARCHETYPE","floor":33.0,"turns":6.0},{"damage":2.0,"enemies":"3 Shapes","floor":36.0,"turns":5.0},{"damage":0.0,"enemies":"Orb Walker","floor":37.0,"turns":3.0},{"damage":11.0,"enemies":"Jaw Worm Horde","floor":39.0,"turns":4.0},{"damage":59.0,"enemies":"R_Hoarder","floor":40.0,"turns":9.0},{"damage":10.0,"enemies":"Spire Growth","floor":42.0,"turns":4.0},{"damage":12,"enemies":"3 Darklings","floor":43,"turns":5},{"damage":24,"enemies":"Sphere and 2 Shapes","floor":44,"turns":5}],"seed_played":"-5729917721542223064","potions_obtained":[{"floor":9.0,"key":"ColorlessPotion"},{"floor":10.0,"key":"blueLaboratory:Moonshine"},{"floor":15.0,"key":"Doom Potion"},{"floor":16.0,"key":"StSpp:SecondWindPotion"},{"floor":30.0,"key":"Flashbang"},{"floor":33.0,"key":"SpeedPotion"},{"floor":40.0,"key":"Energy Potion"}],"is_trial":false,"path_per_floor":["R_BF","M","M","?","M","$","T","R","M","M","$","M","E","?","M","B",null,"R","M","$","M","?","R","T","M","M","E","?","?","E","$","M","B",null,"R","M","M","?","M","E","T","M","M","M"],"character_chosen":"THE_AUTOMATON","items_purchased":["relicPack:DarknessArmor","reliquary:CitrusReamer","bronze:ItsAFeature","bronze:CutThrough+1","bronze:Turbo","relicPack:NeonSign","conspire:DeflatedDodgeball","ClockworkSouvenir","Simple Rune","MerchantsRug","bronze:DelayedSlice","hubris:PeanutButter","StuffTheSpire:NeowsTribute","ReplayTheSpireMod:ShopPack","bronze:Repulsor+1","bronze:BuggyMess","bronze:Break+1","Replay:WaspNest","StuffTheSpire:HistoryBook","reliquary:BallBearing","bronze:BuggyMess","bronze:Iterate"],"campfire_rested":1,"item_purchase_floors":[6,6,6,6,6,6,11,11,11,11,11,20,20,20,20,20,20,31,31,31,31,31],"current_hp_per_floor":[80,80,80,80,80,80,80,80,67,61,61,61,60,60,57,38,70,70,70,54,43,43,67,67,54,51,36,36,36,18,22,10,12,63,63,65,65,65,60,14,14,10,9,0,0,0],"gold":5779,"neow_bonus":"THREE_ENEMY_KILL","is_daily":false,"chose_seed":false,"campfire_upgraded":0,"win_rate":0.0,"timestamp":1614098258,"path_taken":["R_BF","M","M","?","M","$","T","R","M","M","$","M","E","?","M","BOSS","R","M","$","M","?","R","T","M","M","E","?","?","E","$","M","BOSS","R","M","M","?","M","E","T","M","M","?"],"items_purchased_type":["Relic","Relic","Card","Card","Card","Relic","Relic","Relic","Relic","Relic","Card","Relic","Relic","Relic","Card","Card","Card","Relic","Relic","Relic","Card","Card"],"build_version":"2020-12-22","purchased_purges":0,"victory":false,"max_hp_per_floor":[80,80,80,80,80,80,80,80,80,80,80,80,80,80,80,80,80,80,80,80,80,80,80,80,80,80,80,80,80,80,80,80,80,80,80,80,80,80,80,87,87,87,87,87,87,87],"relic_stats":{"Shovel":3,"counters":[28,107],"Mummified Hand":[36],"PreservedInsect":0,"Cursed Key":2,"obtain_stats":[{"bronze:BronzeCore":0,"reliquary:Boomerang":13,"reliquary:SilkGlove":27,"downfall:HeartBlessingGreen":1,"relicPack:DarknessArmor":6,"Ancient Tea Set":14,"Cursed Key":17,"ClockworkSouvenir":11,"relicPack:OneForAll":22,"Shovel":7,"hubris:Backtick":34,"reliquary:CitrusReamer":6,"downfall:HeartBlessingBlue":1,"Mummified Hand":30,"Strawberry":40,"reliquary:NewFriend":8,"relicPack:NeonSign":6,"StuffTheSpire:NeowsTribute":20,"MerchantsRug":11,"downfall:HeartBlessingRed":1,"downfall:HeartsMalice":0,"Replay:WaspNest":31,"The Courier":34,"PreservedInsect":41,"reliquary:WeakTea":24,"Frozen Egg 2":18,"hubris:Towel":28,"StuffTheSpire:HistoryBook":31,"Simple Rune":11,"hubris:PeanutButter":20,"reliquary:BallBearing":31,"conspire:DeflatedDodgeball":11,"ReplayTheSpireMod:Lightbulb":35,"ReplayTheSpireMod:ShopPack":20},{"bronze:BronzeCore":0,"reliquary:Boomerang":9,"reliquary:SilkGlove":17,"downfall:HeartBlessingGreen":0,"relicPack:DarknessArmor":4,"Ancient Tea Set":9,"Cursed Key":11,"ClockworkSouvenir":7,"relicPack:OneForAll":14,"Shovel":4,"hubris:Backtick":21,"reliquary:CitrusReamer":4,"downfall:HeartBlessingBlue":0,"Mummified Hand":18,"Strawberry":25,"reliquary:NewFriend":4,"relicPack:NeonSign":4,"StuffTheSpire:NeowsTribute":13,"MerchantsRug":7,"downfall:HeartBlessingRed":0,"downfall:HeartsMalice":0,"Replay:WaspNest":19,"The Courier":21,"PreservedInsect":25,"reliquary:WeakTea":14,"Frozen Egg 2":11,"hubris:Towel":17,"StuffTheSpire:HistoryBook":19,"Simple Rune":7,"hubris:PeanutButter":13,"reliquary:BallBearing":19,"conspire:DeflatedDodgeball":7,"ReplayTheSpireMod:Lightbulb":21,"ReplayTheSpireMod:ShopPack":13},{"bronze:BronzeCore":0,"reliquary:Boomerang":21,"reliquary:SilkGlove":53,"downfall:HeartBlessingGreen":0,"relicPack:DarknessArmor":4,"Ancient Tea Set":21,"Cursed Key":28,"ClockworkSouvenir":15,"relicPack:OneForAll":38,"Shovel":4,"hubris:Backtick":72,"reliquary:CitrusReamer":4,"downfall:HeartBlessingBlue":0,"Mummified Hand":58,"Strawberry":93,"reliquary:NewFriend":4,"relicPack:NeonSign":4,"StuffTheSpire:NeowsTribute":35,"MerchantsRug":15,"downfall:HeartBlessingRed":0,"downfall:HeartsMalice":0,"Replay:WaspNest":63,"The Courier":72,"PreservedInsect":93,"reliquary:WeakTea":38,"Frozen Egg 2":28,"hubris:Towel":53,"StuffTheSpire:HistoryBook":63,"Simple Rune":15,"hubris:PeanutButter":35,"reliquary:BallBearing":63,"conspire:DeflatedDodgeball":15,"ReplayTheSpireMod:Lightbulb":72,"ReplayTheSpireMod:ShopPack":35}]},"card_choices":[{"not_picked":["bronze:CloningBeam","bronze:DigitalCarnage"],"picked":"bronze:Iterate","floor":2.0},{"not_picked":["bronze:CutThrough","bronze:BitShift"],"picked":"bronze:BronzeOrb","floor":3.0},{"not_picked":["bronze:WhirlingStrike","bronze:NullPointer"],"picked":"bronze:ChildClass","floor":5.0},{"not_picked":["bronze:Invalidate","bronze:AlphaBuild"],"picked":"bronze:ChosenStrike","floor":6.0},{"not_picked":["bronze:Overheat","bronze:Frontload"],"picked":"bronze:MaxOutput","floor":9.0},{"not_picked":["bronze:Frontload","bronze:Turbo"],"picked":"bronze:Iterate","floor":10.0},{"not_picked":["bronze:DelayedSlice","bronze:Overheat"],"picked":"bronze:InfiniteBeams","floor":11.0},{"not_picked":["bronze:BronzeOrb","bronze:Separator"],"picked":"bronze:BuggyMess","floor":12.0},{"not_picked":["bronze:Separator","bronze:Overheat","bronze:FollowUp"],"picked":"SKIP","floor":13.0},{"not_picked":["bronze:OilSpill","bronze:GetLatest"],"picked":"bronze:Flail","floor":15.0},{"not_picked":["bronze:RecursiveStrike","bronze:ShipIt"],"picked":"bronze:Library","floor":16.0},{"not_picked":["bronze:Shield","bronze:Turbo"],"picked":"bronze:ChildClass","floor":19.0},{"not_picked":["bronze:Return","bronze:WhirlingStrike"],"picked":"bronze:InfiniteBeams+1","floor":20.0},{"not_picked":["HandOfGreed","Metamorphosis"],"picked":"Secret Weapon","floor":20.0},{"not_picked":["StSpp:Panic","Dramatic Entrance"],"picked":"Apotheosis","floor":20.0},{"not_picked":["StSpp:Resilience","DDmod:MulticlassingSkill"],"picked":"Bandage Up","floor":20.0},{"not_picked":["bronze:DelayedGuard","bronze:Shield","bronze:Terminator"],"picked":"SKIP","floor":21.0},{"not_picked":["bronze:WhirlingStrike","bronze:WildBeam","bronze:Separator"],"picked":"SKIP","floor":25.0},{"not_picked":["bronze:Branch","bronze:FindAndReplace"],"picked":"bronze:BuggyMess","floor":26.0},{"not_picked":["bronze:Philosophize","bronze:Terminator"],"picked":"bronze:BuggyMess","floor":27.0},{"not_picked":["bronze:Overheat","bronze:Branch"],"picked":"bronze:ShipIt","floor":30.0},{"not_picked":["bronze:ChosenStrike","bronze:ThunderWave"],"picked":"bronze:Separator+1","floor":31.0},{"not_picked":["bronze:DelayedGuard","bronze:Constructor"],"picked":"bronze:Frontload","floor":32.0},{"not_picked":["bronze:Assembly","bronze:ShipIt"],"picked":"bronze:AlphaBuild","floor":33.0},{"not_picked":["bronze:Repulsor+1","bronze:Frontload+1"],"picked":"bronze:BuggyMess","floor":36.0},{"not_picked":["bronze:Deprecate","bronze:Shell"],"picked":"bronze:BuggyMess","floor":37.0},{"not_picked":["bronze:BronzeArmor+1","bronze:Overload"],"picked":"bronze:FineTuning","floor":39.0},{"not_picked":["bronze:WildBeam","bronze:WhirlingStrike","bronze:GetLatest"],"picked":"SKIP","floor":40.0},{"not_picked":["bronze:InfiniteBeams+1","bronze:DelayedSlice"],"picked":"bronze:Repair","floor":42.0},{"not_picked":["bronze:Format","bronze:OilSpill"],"picked":"bronze:BugBarrage+1","floor":43}],"player_experience":1153557,"relics_obtained":[{"floor":7.0,"key":"Shovel"},{"floor":8.0,"key":"reliquary:NewFriend"},{"floor":13.0,"key":"reliquary:Boomerang"},{"floor":18.0,"key":"Frozen Egg 2"},{"floor":24.0,"key":"reliquary:WeakTea"},{"floor":27.0,"key":"reliquary:SilkGlove"},{"floor":30.0,"key":"Mummified Hand"},{"floor":35.0,"key":"ReplayTheSpireMod:Lightbulb"},{"floor":40.0,"key":"Strawberry"},{"floor":41.0,"key":"PreservedInsect"}],"event_choices":[{"damage_healed":0.0,"max_hp_gain":0.0,"max_hp_loss":0.0,"gold_gain":0.0,"event_name":"conspire:LoneGhost","player_choice":"Argue","floor":4.0,"gold_loss":0.0,"damage_taken":0.0},{"damage_healed":0.0,"max_hp_gain":0.0,"max_hp_loss":0.0,"gold_gain":300.0,"event_name":"Wheel of Change","player_choice":"Gold","floor":38.0,"gold_loss":0.0,"damage_taken":0.0}],"is_beta":false,"boss_relics":[{"not_picked":["conspire:SlowCooker","StuffTheSpire:RunicHypercube"],"picked":"Cursed Key"},{"not_picked":["Empty Cage","sneckomod:SneckoTalon"],"picked":"hubris:Backtick"}],"items_purged_floors":[],"is_endless":false,"potions_floor_spawned":[9,10,12,15,16,21,26,27,30,33,36,40],"killed_by":"Sphere and 2 Shapes","ascension_level":13}}