{"host":"l6vifo5ajdb3p20b","time":1614090063,"event":{"mods":["2.2 Compatiblity","BaseMod","Better Altar","Better Sensory Stone","Better Skull","Better Third Choice","BetterRewards","Block Reminder","Booster Modes","Card Forge","Colored Map","Defuse TimeMaze Blight","Energized Spire","Evolution","Hubris","Minty Spire (QoL Compilation)","Relic Stats","Reliquary","StSLib","The Dragon Tamer"],"gold_per_floor":[115,115,115,133,147,183,183,203,203,218,218,234,11,46,46,170,170,190,208,208,208],"floor_reached":20,"language":"ENG","playtime":1371,"items_purged":["Strike_P"],"score":211,"play_id":"5749f8a9-4987-4991-8ec3-ee77adb836f0","local_time":"20210223212103","is_ascension_mode":false,"campfire_choices":[{"data":"Eruption","floor":7,"key":"SMITH"},{"data":"Study","floor":11,"key":"SMITH"},{"data":"CutThroughFate","floor":15,"key":"SMITH"}],"circlet_count":0,"master_deck":["CutThroughFate+1","FollowUp","Strike_P","Defend_P","Defend_P","Defend_P","Defend_P","Eruption+1","Vigilance","PathToVictory","EmptyMind","PathToVictory","Pray","Weave","Study+1","Consecrate","PathToVictory","ReachHeaven","Crescendo","Scrawl","InnerPeace","Blasphemy"],"relics":["PureWater","Hammer of Thor","Seething Fire","Anvil of the Gods","EVO:Axolotl","Golden Idol","reliquary:TuningFork","reliquary:Firecrackers","Mercury Hourglass","energizedSpire:EnergizedDie"],"acts_visited":["Exordium","TheCity"],"potions_floor_usage":[6,14,14,16,17,20],"damage_taken":[{"damage":3,"enemies":"2 Louse","floor":1,"turns":2},{"damage":0,"enemies":"Cultist","floor":4,"turns":2},{"damage":6,"enemies":"Jaw Worm","floor":5,"turns":2},{"damage":8,"enemies":"Lagavulin","floor":6,"turns":5},{"damage":1,"enemies":"Large Slime","floor":8,"turns":4},{"damage":0,"enemies":"Exordium Thugs","floor":10,"turns":5},{"damage":2,"enemies":"Exordium Wildlife","floor":12,"turns":4},{"damage":0,"enemies":"Gremlin Nob","floor":14,"turns":2},{"damage":27,"enemies":"Hexaghost","floor":16,"turns":5},{"damage":21,"enemies":"Spheric Guardian","floor":18,"turns":4},{"damage":2,"enemies":"Chosen","floor":19,"turns":3},{"damage":24,"enemies":"Snecko","floor":20,"turns":4}],"seed_played":"-85099371011308380","potions_obtained":[{"floor":4,"key":"AttackPotion"},{"floor":6,"key":"FearPotion"},{"floor":12,"key":"LiquidMemories"},{"floor":16,"key":"Fruit Juice"},{"floor":19,"key":"Weak Potion"}],"is_trial":false,"path_per_floor":["M","?","?","M","M","E","R","M","T","M","R","M","$","E","R","B",null,"M","M","M"],"character_chosen":"WATCHER","items_purchased":["PathToVictory","ReachHeaven","BottledMiracle"],"campfire_rested":0,"item_purchase_floors":[13,13,13],"current_hp_per_floor":[76,57,57,57,51,43,43,42,42,42,42,40,40,40,40,13,84,63,61,37,37],"gold":208,"neow_bonus":"TEN_PERCENT_HP_BONUS","is_daily":false,"chose_seed":false,"campfire_upgraded":3,"win_rate":0.0,"timestamp":1614090063,"path_taken":["M","?","?","M","M","E","R","M","T","M","R","M","$","E","R","BOSS","M","M","M"],"items_purchased_type":["Card","Card","Potion"],"build_version":"2020-12-22","purchased_purges":1,"victory":false,"max_hp_per_floor":[79,79,79,79,79,79,79,79,79,79,79,79,79,79,79,79,84,84,84,84,84],"relic_stats":{"counters":[12,42],"Golden Idol":64,"obtain_stats":[{"Anvil of the Gods":0,"Golden Idol":2,"reliquary:Firecrackers":9,"energizedSpire:EnergizedDie":17,"Hammer of Thor":0,"reliquary:TuningFork":6,"EVO:Axolotl":0,"Seething Fire":0,"PureWater":0,"Mercury Hourglass":14},{"Anvil of the Gods":0,"Golden Idol":1,"reliquary:Firecrackers":5,"energizedSpire:EnergizedDie":9,"Hammer of Thor":0,"reliquary:TuningFork":4,"EVO:Axolotl":0,"Seething Fire":0,"PureWater":0,"Mercury Hourglass":8},{"Anvil of the Gods":0,"Golden Idol":2,"reliquary:Firecrackers":15,"energizedSpire:EnergizedDie":31,"Hammer of Thor":0,"reliquary:TuningFork":11,"EVO:Axolotl":0,"Seething Fire":0,"PureWater":0,"Mercury Hourglass":26}],"Mercury Hourglass":[36]},"card_choices":[{"not_picked":["WreathOfFlame","ClearTheMind"],"picked":"PathToVictory","floor":1},{"not_picked":["FlurryOfBlows","Evaluate"],"picked":"EmptyMind","floor":4},{"not_picked":["EmptyBody","FlyingSleeves"],"picked":"PathToVictory","floor":5},{"not_picked":["CutThroughFate","ConjureBlade"],"picked":"Pray","floor":6},{"not_picked":["FlyingSleeves","SashWhip"],"picked":"Weave","floor":8},{"not_picked":["SashWhip","Halt"],"picked":"Study","floor":10},{"not_picked":["CrushJoints","CarveReality"],"picked":"Consecrate","floor":12},{"not_picked":["BowlingBash","Fasting2"],"picked":"Crescendo","floor":14},{"not_picked":["SpiritShield","Blasphemy"],"picked":"Scrawl","floor":16},{"not_picked":["FlyingSleeves","Halt"],"picked":"InnerPeace","floor":18},{"not_picked":["CutThroughFate","Meditate"],"picked":"Blasphemy","floor":19}],"player_experience":909595,"relics_obtained":[{"floor":6,"key":"reliquary:TuningFork"},{"floor":9,"key":"reliquary:Firecrackers"},{"floor":14,"key":"Mercury Hourglass"}],"event_choices":[{"damage_healed":0,"gold_gain":0,"player_choice":"Take Damage","damage_taken":19,"relics_obtained":["Golden Idol"],"max_hp_gain":0,"max_hp_loss":0,"event_name":"Golden Idol","floor":2,"gold_loss":0},{"cards_removed":["Strike_P"],"damage_healed":0,"gold_gain":0,"player_choice":"Took Card","damage_taken":0,"max_hp_gain":0,"max_hp_loss":0,"event_name":"NoteForYourself","floor":3,"gold_loss":0,"cards_obtained":["Strike_P"]}],"is_beta":false,"boss_relics":[{"not_picked":["Tiny House","hubris:Stopwatch"],"picked":"energizedSpire:EnergizedDie"}],"items_purged_floors":[13],"is_endless":false,"potions_floor_spawned":[4,6,12,16,19],"killed_by":"Snecko","ascension_level":0}}