{"host":"wy4vwr4x0uqk666t","time":1614086319,"event":{"mods":["Aspiration","BaseMod","BetterRewards","Colored Powertips","Curses Come First","Defuse TimeMaze Blight","Downfall","Hubris","Infinite Spire","Jorbs\u0027s Wanderer Trilogy","Kalas","Lobotomy","Minty Spire (QoL Compilation)","Quick Restart","READ ME - Guardian Mod","Replay The Spire","StSLib","The Cursed","The Elementalist","The Hierophant","The Jungle","The Runesmith","The Servant 0.9.4","The Spell Scribe"],"gold_per_floor":[109,121,42,42,142,142,177,177,177,209,224,234,261,281,281,281,281],"floor_reached":16,"language":"ENG","playtime":693,"items_purged":[],"score":150,"play_id":"887cdc43-47b8-4399-805c-26e3dda3def0","local_time":"20210223141839","is_ascension_mode":true,"campfire_choices":[{"data":"Noxious Fumes","floor":6,"key":"SMITH"},{"data":"ReplayTheSpireMod:Speed Training","floor":8,"key":"SMITH"},{"data":"Noxious Fumes","floor":15,"key":"SMITH"}],"circlet_count":0,"master_deck":["Strike_G","Strike_G","Strike_G","Strike_G","Strike_G","Defend_G","Defend_G","Defend_G","Defend_G","Defend_G","Survivor","Neutralize","Noxious Fumes+1","Noxious Fumes+1","Riddle With Holes","Footwork","ReplayTheSpireMod:Speed Training+1","Crippling Poison","Backflip","Backflip"],"relics":["m_IronCrown","infinitespire:Cubic Diamond","CaptainsWheel","infinitespire:Broken Mirror","aspiration:HummingbirdHeart","Bird Faced Urn"],"acts_visited":["Exordium"],"potions_floor_usage":[16],"damage_taken":[{"damage":1,"enemies":"Small Slimes","floor":1,"turns":5},{"damage":4,"enemies":"Jaw Worm","floor":2,"turns":4},{"damage":23,"enemies":"3 Sentries","floor":7,"turns":6},{"damage":18,"enemies":"Gremlin Nob","floor":10,"turns":5},{"damage":0,"enemies":"Cultist","floor":11,"turns":4},{"damage":4,"enemies":"3 Louse","floor":12,"turns":3},{"damage":18,"enemies":"Lagavulin","floor":13,"turns":9},{"damage":3,"enemies":"2 Fungi Beasts","floor":14,"turns":3},{"damage":50,"enemies":"Slime Boss","floor":16,"turns":8}],"seed_played":"8941333297540923891","potions_obtained":[{"floor":11,"key":"Venom Potion"},{"floor":12,"key":"AttackPotion"},{"floor":13,"key":"sneckomod:MuddlingPotion"}],"is_trial":false,"path_per_floor":["M","M","$","?","?","R","E","R","T","E","M","M","E","M","R","B"],"character_chosen":"THE_SILENT","items_purchased":["Noxious Fumes","Footwork"],"campfire_rested":0,"item_purchase_floors":[0,3],"current_hp_per_floor":[69,65,65,65,65,65,48,48,48,36,42,44,32,37,37,0,0],"gold":281,"neow_bonus":"","is_daily":false,"chose_seed":false,"campfire_upgraded":3,"win_rate":0.0,"timestamp":1614086319,"path_taken":["M","M","$","?","?","R","E","R","T","E","M","?","E","M","R","BOSS"],"items_purchased_type":["Card","Card"],"build_version":"2020-12-22","purchased_purges":0,"victory":false,"max_hp_per_floor":[70,70,70,70,70,70,70,70,70,70,70,70,70,70,70,70,70],"card_choices":[{"not_picked":["Riddle With Holes","Cloak And Dagger"],"picked":"Noxious Fumes","floor":1},{"not_picked":["Backflip","Skewer"],"picked":"Riddle With Holes","floor":2},{"not_picked":["Twin Strike","Infinite Blades"],"picked":"ReplayTheSpireMod:Speed Training","floor":7},{"not_picked":["Deadly Poison","champ:Encircle"],"picked":"Crippling Poison","floor":10},{"not_picked":["Underhanded Strike","Finisher","champ:GutPunch"],"picked":"SKIP","floor":11},{"not_picked":["Life Link","Blade Dance"],"picked":"Backflip","floor":12},{"not_picked":["Unload","ReplayTheSpireMod:Tripwire"],"picked":"Backflip","floor":13},{"not_picked":["Life Link","champ:BerserkersShout","champ:EnragedBash"],"picked":"SKIP","floor":14}],"player_experience":3752444,"relics_obtained":[{"floor":7,"key":"CaptainsWheel"},{"floor":9,"key":"infinitespire:Broken Mirror"},{"floor":10,"key":"aspiration:HummingbirdHeart"},{"floor":13,"key":"Bird Faced Urn"}],"event_choices":[{"damage_healed":0,"gold_gain":100,"player_choice":"Pray","damage_taken":0,"max_hp_gain":0,"max_hp_loss":0,"event_name":"Golden Shrine","floor":5,"gold_loss":0}],"is_beta":false,"boss_relics":[],"items_purged_floors":[],"is_endless":false,"potions_floor_spawned":[11,12,13],"killed_by":"Slime Boss","ascension_level":5}}