{"host":"xwl7b08i4vco8s3a","time":1614110449,"event":{"mods":["BaseMod","Colored Powertips","Downfall","Hermit","Minty Spire (QoL Compilation)","Replay The Spire","StSLib","Wandering Minibosses"],"gold_per_floor":[99,109,120,120,131,141,141,41,66,79,98,128,148,167,185,185,185,185],"floor_reached":16,"language":"ENG","playtime":706,"items_purged":[],"score":118,"play_id":"9eecd4d0-ddd0-409d-aa48-e6fc42ed2fe5","local_time":"20210223210049","is_ascension_mode":false,"campfire_choices":[{"floor":1,"key":"RECALL"},{"data":"Guardian:GatlingBeam","floor":8,"key":"SMITH"}],"circlet_count":0,"master_deck":["Guardian:Strike_Guardian","Guardian:Strike_Guardian","Guardian:Strike_Guardian","Guardian:Strike_Guardian","Guardian:Defend_Guardian","Guardian:Defend_Guardian","Guardian:Defend_Guardian","Guardian:Defend_Guardian","Guardian:CurlUp","Guardian:TwinSlam","Injury","Guardian:GatlingBeam","Guardian:TemporalStrike","Guardian:GatlingBeam+1","Guardian:TemporalStrike","Guardian:TemporalStrike","Guardian:TimeBomb","Guardian:Suspension","Guardian:TemporalShield","Guardian:SphericShield","Guardian:PrimingBeam","Guardian:TemporalShield"],"relics":["Guardian:ModeShifter","downfall:HeartBlessingRed","Replay:WaspNest","Centennial Puzzle"],"acts_visited":["Exordium"],"potions_floor_usage":[5,12,13,13,16],"damage_taken":[{"damage":1,"enemies":"Cultist","floor":2,"turns":3},{"damage":10,"enemies":"Small Slimes","floor":3,"turns":4},{"damage":4,"enemies":"2 Louse","floor":5,"turns":3},{"damage":8,"enemies":"2 Fungi Beasts","floor":6,"turns":4},{"damage":17,"enemies":"3 Sentries","floor":9,"turns":5},{"damage":11,"enemies":"Exordium Thugs","floor":10,"turns":5},{"damage":12,"enemies":"Large Slime","floor":11,"turns":6},{"damage":14,"enemies":"Gremlin Nob","floor":12,"turns":4},{"damage":3,"enemies":"Gremlin Gang","floor":13,"turns":2},{"damage":15,"enemies":"Lots of Slimes","floor":14,"turns":6},{"damage":2,"enemies":"Blue Slaver","floor":15,"turns":6},{"damage":7,"enemies":"IC_STATUS_ARCHETYPE","floor":16,"turns":2}],"seed_played":"931057589722677205","potions_obtained":[{"floor":2,"key":"LiquidMemories"},{"floor":9,"key":"Explosive Potion"},{"floor":10,"key":"FairyPotion"},{"floor":11,"key":"Adrenaline Potion"},{"floor":12,"key":"Adrenaline Potion"},{"floor":15,"key":"Fire Potion"}],"is_trial":false,"path_per_floor":["R","M","M","?","M","M","T","R","E","M","M","E","M","M","M","B"],"character_chosen":"GUARDIAN","items_purchased":[],"campfire_rested":0,"item_purchase_floors":[],"current_hp_per_floor":[80,79,69,69,65,57,57,57,40,29,17,3,24,9,7,0,0,0],"gold":185,"neow_bonus":"THREE_RARE_CARDS","is_daily":false,"chose_seed":false,"campfire_upgraded":1,"win_rate":0.0,"timestamp":1614110449,"path_taken":["R","M","?","?","M","?","T","R","E","M","M","E","M","M","M","BOSS"],"items_purchased_type":[],"build_version":"2020-12-22","purchased_purges":0,"victory":false,"max_hp_per_floor":[80,80,80,80,80,80,80,80,80,80,80,80,80,80,80,80,80,80],"card_choices":[{"not_picked":["Guardian:FastForward","Guardian:StasisEngine"],"picked":"Guardian:GatlingBeam","floor":0},{"not_picked":["Guardian:ShieldCharger","Guardian:CrystalBeam","Guardian:Suspension"],"picked":"SKIP","floor":2},{"not_picked":["Guardian:Recover","Guardian:Emergency"],"picked":"Guardian:TemporalStrike","floor":3},{"not_picked":["Guardian:Planning","Guardian:Recover"],"picked":"Guardian:TemporalStrike","floor":5},{"not_picked":["Guardian:TemporalShield","Guardian:Gem_Green"],"picked":"Guardian:TemporalStrike","floor":6},{"not_picked":["Guardian:Gem_Green","Guardian:SphericShield"],"picked":"Guardian:TimeBomb","floor":9},{"not_picked":["Guardian:Gem_Lightblue","Guardian:FuturePlans"],"picked":"Guardian:Suspension","floor":10},{"not_picked":["Guardian:TimeBomb","Guardian:TimeCapacitor"],"picked":"Guardian:TemporalShield","floor":11},{"not_picked":["Guardian:Gem_Lightblue","Guardian:CrystalBeam"],"picked":"Guardian:SphericShield","floor":12},{"not_picked":["Guardian:RollAttack","Guardian:DonusPower","Guardian:ShieldSpikes"],"picked":"SKIP","floor":13},{"not_picked":["Guardian:Reroute","Guardian:RefractedBeam"],"picked":"Guardian:PrimingBeam","floor":14},{"not_picked":["Guardian:Gem_White","Guardian:EvasiveProtocol"],"picked":"Guardian:TemporalShield","floor":15}],"player_experience":466613,"relics_obtained":[{"floor":9,"key":"Replay:WaspNest"},{"floor":12,"key":"Centennial Puzzle"}],"event_choices":[],"is_beta":false,"boss_relics":[],"items_purged_floors":[],"is_endless":false,"potions_floor_spawned":[2,9,10,11,12,15],"killed_by":"IC_STATUS_ARCHETYPE","ascension_level":0}}