{"host":"tp1hyvdwlciy3xbu","time":1614040339,"event":{"mods":["BaseMod","Marisa£®ÏF”Í°°ƒß¿Ì…≥£©","Minty Spire (QoL Compilation)","SIMod","StSLib","The Construct","The Servant 0.9.4"],"gold_per_floor":[109,122,142,67,67,94,21,32,32,49,49,49,49,74,74,178,178,194,209,308,308,324,324,324],"floor_reached":23,"language":"ZHS","playtime":938,"items_purged":["Strike_S"],"score":231,"play_id":"ddee0a53-8a67-4104-a75f-b31960014e40","local_time":"20210223083219","is_ascension_mode":true,"campfire_choices":[{"floor":11,"key":"REST"},{"data":"Exchange","floor":13,"key":"SMITH"},{"floor":15,"key":"REST"}],"circlet_count":0,"master_deck":["Strike_S","Defend_S","Defend_S","Defend_S","Defend_S","KidneyShot","Exchange+1","Snipe","Potential","Potential","Revamp","Deny","Solidify","Ricochet+1"],"relics":["Uniform","NeowsBlessing","Dead Branch","Pear","PaperSwan","Cursed Key"],"acts_visited":["Exordium","TheCity"],"potions_floor_usage":[19,23],"damage_taken":[{"damage":0.0,"enemies":"Cultist","floor":1.0,"turns":1.0},{"damage":2.0,"enemies":"2 Louse","floor":2.0,"turns":2.0},{"damage":0.0,"enemies":"Jaw Worm","floor":3.0,"turns":1.0},{"damage":20,"enemies":"Lagavulin","floor":6,"turns":6},{"damage":22,"enemies":"Exordium Wildlife","floor":8,"turns":5},{"damage":27,"enemies":"Large Slime","floor":10,"turns":5},{"damage":6,"enemies":"Gremlin Nob","floor":14,"turns":3},{"damage":27,"enemies":"Hexaghost","floor":16,"turns":10},{"damage":16,"enemies":"2 Thieves","floor":18,"turns":3},{"damage":20,"enemies":"Shell Parasite","floor":19,"turns":3},{"damage":4,"enemies":"Centurion and Healer","floor":22,"turns":5},{"damage":36,"enemies":"Gremlin Leader","floor":23,"turns":4}],"seed_played":"-6211520982457133593","potions_obtained":[{"floor":1.0,"key":"FearPotion"},{"floor":6,"key":"construct:ShiftPotion"},{"floor":8,"key":"Fire Potion"},{"floor":19,"key":"AttackPotion"}],"is_trial":false,"path_per_floor":["M","M","M","$","?","E","$","M","T","M","R","$","R","E","R","B",null,"M","M","?","?","M","E"],"character_chosen":"THE_SERVANT","items_purchased":["Deny"],"campfire_rested":2,"item_purchase_floors":[7],"current_hp_per_floor":[65,63,63,63,63,43,43,21,31,4,26,26,26,20,42,15,75,59,39,39,39,35,0,0],"gold":324,"neow_bonus":"THREE_ENEMY_KILL","is_daily":false,"chose_seed":false,"campfire_upgraded":1,"win_rate":0.0,"timestamp":1614040339,"path_taken":["M","?","M","?","?","E","$","M","T","?","R","$","R","E","R","BOSS","M","M","?","?","M","E"],"items_purchased_type":["Card"],"build_version":"2020-12-22","purchased_purges":1,"victory":false,"max_hp_per_floor":[65,65,65,65,65,65,65,65,75,75,75,75,75,75,75,75,75,75,75,75,75,75,75,75],"card_choices":[{"not_picked":["StarChef","ShatteredReality"],"picked":"Snipe","floor":1.0},{"not_picked":["Contraction","BestPractice"],"picked":"Potential","floor":2.0},{"not_picked":["FastForward","TimeWarp"],"picked":"Potential","floor":3.0},{"not_picked":["Barrier","Rewind"],"picked":"Revamp","floor":6},{"not_picked":["DoubleEdge","Manipulate","Orbit"],"picked":"SKIP","floor":8},{"not_picked":["Reset","Advance","DoubleEdge"],"picked":"SKIP","floor":10},{"not_picked":["Alleviate","Revamp","Orbit"],"picked":"SKIP","floor":14},{"not_picked":["Sunlight","Initiator"],"picked":"Solidify","floor":16},{"not_picked":["Snipe+1","Read","Orbit"],"picked":"SKIP","floor":18},{"not_picked":["Gouge","Defy"],"picked":"Ricochet+1","floor":19},{"not_picked":["FanOfKnives","Replace","Read"],"picked":"SKIP","floor":22}],"player_experience":332311,"relics_obtained":[{"floor":6,"key":"Dead Branch"},{"floor":9,"key":"Pear"},{"floor":14,"key":"PaperSwan"}],"event_choices":[{"cards_removed":["Strike_S"],"damage_healed":0.0,"max_hp_gain":0.0,"max_hp_loss":0.0,"gold_gain":0.0,"event_name":"Purifier","player_choice":"Purged","floor":5.0,"gold_loss":0.0,"damage_taken":0.0},{"damage_healed":0,"gold_gain":99,"player_choice":"Stole From Cult","damage_taken":0,"max_hp_gain":0,"max_hp_loss":0,"event_name":"Nest","floor":20,"gold_loss":0},{"cards_removed":["Strike_S"],"damage_healed":0,"gold_gain":0,"player_choice":"Elegance","damage_taken":0,"max_hp_gain":0,"max_hp_loss":0,"event_name":"Back to Basics","floor":21,"gold_loss":0}],"is_beta":false,"boss_relics":[{"not_picked":["Runic Dome","Velvet Choker"],"picked":"Cursed Key"}],"items_purged_floors":[4],"is_endless":false,"potions_floor_spawned":[1,6,8,10,16,19,22],"killed_by":"Gremlin Leader","ascension_level":3}}