{"host":"gk9qdtkqd8dwfeg2","time":1614060368,"event":{"mods":["Act Like it!","Aspiration","BaseMod","Colored Powertips","Gensokyo","Minty Spire (QoL Compilation)","Quick Restart","Reimu£®≤©¿ˆ¡È√Œ£©","Remilia£®¿Ÿ√◊¿Ú—«£©","Replay The Spire","Shop Mod","StSLib","TestMod","The Servant 0.9.4","Waifu the Spire","Youmu£®ªÍ∆«—˝√Œ£©","°æ“≈ŒÔø®≈∆°øREMEMod"],"gold_per_floor":[516,527,3,20,36,36,64,64,64,108,129,156,156,183,183,263,263,279,292,19,42,58,58,81,81,81,119,31,31,59,59,59,140,140,164,183,183,183,197,218,218],"floor_reached":40,"language":"ZHS","playtime":1279,"items_purged":["Defend_P","Strike_P"],"score":956,"play_id":"c9cc0905-c3e4-4a7b-a48b-9a03699a4376","local_time":"20210223140608","is_ascension_mode":true,"campfire_choices":[{"data":"Eruption","floor":6.0,"key":"SMITH"},{"floor":8.0,"key":"REST"},{"data":"Adaptation","floor":13.0,"key":"SMITH"},{"floor":15.0,"key":"RECALL"},{"data":"Pray","floor":23,"key":"SMITH"},{"floor":25,"key":"REST"},{"floor":29,"key":"REST"},{"data":"Prostrate","floor":32,"key":"SMITH"}],"circlet_count":0,"master_deck":["AscendersBane","Defend_P","Eruption+1","Vigilance","DevaForm","FlurryOfBlows","Collect","CarveReality+1","Halt","Adaptation+1","CutThroughFate+1","Brilliance+1","Pray+1","BowlingBash+1","Replay:Cycle+1","JustLucky+1","Prostrate+1","TalkToTheHand+1","CutThroughFate+1","Flying Knee+1","Sucker Punch+1","Cloak And Dagger","DeusExMachina","TalkToTheHand+1"],"relics":["PureWater","REME_ComplimentaryCards","testmod-NegativeEmotionEnhancer","MerchantsRug","Molten Egg 2","testmod-TheFather","Pen Nib","Mercury Hourglass","testmod-OneHitWonder","Empty Cage","Happy Flower","Matryoshka","Regal Pillow","testmod-StringDisintegrator"],"acts_visited":["Exordium","Gensokyo:Gensokyo","Gensokyo:Gensokyoer"],"potions_floor_usage":[27,40],"damage_taken":[{"damage":4.0,"enemies":"Gensokyo:2_Kodama","floor":1.0,"turns":4.0},{"damage":3.0,"enemies":"Gensokyo:Python","floor":2.0,"turns":3.0},{"damage":12.0,"enemies":"Gensokyo:3_Fairies","floor":4.0,"turns":4.0},{"damage":10.0,"enemies":"Gensokyo:Python_and_Kodama","floor":5.0,"turns":3.0},{"damage":11.0,"enemies":"Gensokyo:Mamizou","floor":7.0,"turns":7.0},{"damage":16.0,"enemies":"Gensokyo:Cirno","floor":10.0,"turns":6.0},{"damage":0.0,"enemies":"Gensokyo:LivingMonolith","floor":11.0,"turns":3.0},{"damage":0.0,"enemies":"Gensokyo:Mamizou","floor":12.0,"turns":4.0},{"damage":44.0,"enemies":"Gensokyo:Kokoro","floor":16.0,"turns":6.0},{"damage":0.0,"enemies":"Gensokyo:Chomper","floor":18.0,"turns":2.0},{"damage":11,"enemies":"Gensokyo:AngelMirror","floor":19,"turns":3},{"damage":8,"enemies":"Gensokyo:Chomper_and_Gloop","floor":21,"turns":3},{"damage":7,"enemies":"Gensokyo:Mirror_and_Dog","floor":22,"turns":2},{"damage":24,"enemies":"Gensokyo:Swordslinger","floor":24,"turns":3},{"damage":27,"enemies":"Gensokyo:Tenshi","floor":27,"turns":2},{"damage":0,"enemies":"Gensokyo:3_Gloops","floor":30,"turns":2},{"damage":54,"enemies":"Gensokyo:Kaguya","floor":33,"turns":6},{"damage":3,"enemies":"Gensokyo:3_Boulders","floor":35,"turns":3},{"damage":3,"enemies":"Gensokyo:3_Bats","floor":36,"turns":2},{"damage":28,"enemies":"Gensokyo:Sharpion","floor":39,"turns":3},{"damage":51,"enemies":"Gensokyo:Kasen","floor":40,"turns":3}],"seed_played":"-9054290092932593739","potions_obtained":[{"floor":10.0,"key":"GrandPatriotsElixir:ReiMu"},{"floor":11.0,"key":"SteroidPotion"},{"floor":24,"key":"Adrenaline Potion"},{"floor":30,"key":"SteroidPotion"},{"floor":35,"key":"DuplicationPotion"}],"is_trial":false,"path_per_floor":["M","M","$","M","M","R","E","R","T","E","M","E","R","T","R","B",null,"M","M","$","M","M","R","M","R","T","E","$","R","M","?","R","B",null,"M","M","$","?","M","E"],"character_chosen":"WATCHER","items_purchased":["MerchantsRug","Molten Egg 2","Happy Flower","TalkToTheHand+1"],"campfire_rested":3,"item_purchase_floors":[3,3,20,28],"current_hp_per_floor":[60,59,59,54,47,47,38,59,59,56,58,60,60,60,60,18,62,64,55,55,50,46,46,24,48,48,23,23,62,66,66,66,19,69,70,71,71,71,45,0,0],"gold":218,"neow_bonus":"RANDOM_EVENT","is_daily":false,"chose_seed":false,"campfire_upgraded":4,"win_rate":0.0,"timestamp":1614060368,"path_taken":["M","M","?","M","?","R","E","R","T","E","?","E","R","?","R","BOSS","M","M","$","?","M","R","M","R","T","E","$","R","M","?","R","BOSS","M","M","$","?","M","E"],"items_purchased_type":["Relic","Relic","Relic","Card"],"build_version":"2020-12-22","purchased_purges":2,"victory":false,"max_hp_per_floor":[69,70,70,71,72,72,73,73,73,74,75,76,76,76,76,77,77,78,79,79,80,81,81,82,82,82,83,83,83,84,84,84,85,85,86,87,87,87,88,88,88],"card_choices":[{"not_picked":["CutThroughFate","Replay:ManipulateFuture"],"picked":"FlurryOfBlows","floor":1.0},{"not_picked":["Prostrate","Replay:Anticipation"],"picked":"Collect","floor":2.0},{"not_picked":["Protect","REME_Repentance"],"picked":"CarveReality+1","floor":4.0},{"not_picked":["Replay:Cycle","EmptyMind"],"picked":"Halt","floor":5.0},{"not_picked":["WreathOfFlame","Prostrate","Replay:BluntJabs+1"],"picked":"SKIP","floor":7.0},{"not_picked":["Halt","Protect"],"picked":"Adaptation","floor":10.0},{"not_picked":["Replay:ManipulateFuture","Adaptation"],"picked":"CutThroughFate+1","floor":11.0},{"not_picked":["Consecrate+1","CrushJoints+1","CutThroughFate+1"],"picked":"SKIP","floor":12.0},{"not_picked":["Establishment","ConjureBlade"],"picked":"Brilliance+1","floor":16.0},{"not_picked":["Vengeance","Replay:BluntJabs+1"],"picked":"Pray","floor":18.0},{"not_picked":["Replay:AtTheReady","Crescendo+1"],"picked":"BowlingBash+1","floor":19},{"not_picked":["Prostrate","JustLucky+1"],"picked":"Replay:Cycle+1","floor":21},{"not_picked":["FlyingSleeves+1","PathToVictory","JustLucky+1"],"picked":"SKIP","floor":22},{"not_picked":["FlyingSleeves+1","PathToVictory"],"picked":"JustLucky+1","floor":22},{"not_picked":["WreathOfFlame","Nirvana"],"picked":"Prostrate","floor":24},{"not_picked":["BowlingBash+1","CrushJoints+1","JustLucky+1"],"picked":"SKIP","floor":27},{"not_picked":["FlyingSleeves+1","LikeWater+1"],"picked":"CutThroughFate+1","floor":30},{"not_picked":["REME_EmptyShield","Replay:LoomingThreat"],"picked":"DeusExMachina","floor":33},{"not_picked":["MentalFortress","ThirdEye+1","BowlingBash+1"],"picked":"SKIP","floor":35},{"not_picked":["EmptyBody+1","Replay:Cycle","BowlingBash+1"],"picked":"SKIP","floor":36},{"not_picked":["BattleHymn+1","SignatureMove+1"],"picked":"TalkToTheHand+1","floor":39}],"player_experience":822751,"relics_obtained":[{"floor":7.0,"key":"testmod-TheFather"},{"floor":9.0,"key":"Pen Nib"},{"floor":10.0,"key":"Mercury Hourglass"},{"floor":12.0,"key":"testmod-OneHitWonder"},{"floor":26,"key":"Matryoshka"},{"floor":27,"key":"Regal Pillow"}],"event_choices":[{"damage_healed":0.0,"max_hp_gain":0.0,"max_hp_loss":0.0,"gold_gain":400.0,"event_name":"∂˜¬ÂÀπµƒ≈Ã◊”","player_choice":"Sell","floor":0.0,"relics_lost":["testmod-TestBox"],"gold_loss":0.0,"damage_taken":0.0}],"is_beta":false,"boss_relics":[{"not_picked":["SlaversCollar","Velvet Choker"],"picked":"Empty Cage"},{"not_picked":["Honey Jar","ReplayTheSpireMod:DimensionalGlitch"],"picked":"testmod-StringDisintegrator"}],"items_purged_floors":[3,20],"is_endless":false,"potions_floor_spawned":[10,11,12,18,22,24,30,35,39],"killed_by":"Gensokyo:Kasen","ascension_level":20}}