{"host":"syozzdlzcqop4jia","time":1614124295,"event":{"mods":["AchievementEnabler","BaseMod","Colored Map","Colored Powertips","Minty Spire (QoL Compilation)","Quick Restart"],"gold_per_floor":[118,138,154,165,165,165,165,197,197,197,177,195,45,45,45,148,148,166,166,177,177,177],"floor_reached":21,"language":"ENG","playtime":961,"items_purged":[],"score":197,"play_id":"7f6a08c9-f3ba-4a23-8afb-fd2167a79bb4","local_time":"20210224005135","is_ascension_mode":true,"campfire_choices":[{"floor":6,"key":"REST"},{"floor":10,"key":"REST"},{"floor":15,"key":"REST"}],"circlet_count":0,"master_deck":["Strike_B","Strike_B","Strike_B","Strike_B","Defend_B","Defend_B","Zap","Dualcast","Fission","Loop","Ball Lightning","Aggregate","Sweeping Beam","Thunder Strike","Redo","Consume"],"relics":["Cracked Core","Orichalcum","Matryoshka","DataDisk","Boot","PreservedInsect","Toy Ornithopter","Strawberry","Black Star"],"acts_visited":["Exordium","TheCity"],"potions_floor_usage":[8,20],"damage_taken":[{"damage":2,"enemies":"Jaw Worm","floor":1,"turns":3},{"damage":10,"enemies":"Small Slimes","floor":2,"turns":4},{"damage":1,"enemies":"Cultist","floor":3,"turns":4},{"damage":16,"enemies":"Red Slaver","floor":4,"turns":4},{"damage":20,"enemies":"Lagavulin","floor":8,"turns":5},{"damage":7,"enemies":"Looter","floor":12,"turns":3},{"damage":43,"enemies":"Slime Boss","floor":16,"turns":9},{"damage":33,"enemies":"Shell Parasite","floor":18,"turns":6},{"damage":8,"enemies":"Chosen","floor":20,"turns":4},{"damage":20,"enemies":"Centurion and Healer","floor":21,"turns":3}],"seed_played":"-3438498989615894788","potions_obtained":[{"floor":1,"key":"Explosive Potion"},{"floor":3,"key":"Dexterity Potion"},{"floor":4,"key":"PowerPotion"},{"floor":8,"key":"EssenceOfDarkness"},{"floor":11,"key":"AttackPotion"}],"is_trial":false,"path_per_floor":["M","M","M","M","?","R","?","E","T","R","?","M","$","T","R","B",null,"M","?","M","M"],"character_chosen":"DEFECT","items_purchased":["PreservedInsect"],"campfire_rested":3,"item_purchase_floors":[13],"current_hp_per_floor":[73,63,62,46,28,50,50,30,30,52,52,45,45,52,76,33,82,49,49,46,26,26],"gold":177,"neow_bonus":"TRANSFORM_CARD","is_daily":false,"chose_seed":false,"campfire_upgraded":0,"win_rate":0.0,"timestamp":1614124295,"path_taken":["M","M","M","M","?","R","?","E","T","R","?","?","$","?","R","BOSS","M","?","M","M"],"items_purchased_type":["Relic"],"build_version":"2020-12-22","purchased_purges":0,"victory":false,"max_hp_per_floor":[75,75,75,75,75,75,75,75,75,75,75,75,75,82,82,82,82,82,82,82,82,82],"card_choices":[{"not_picked":["Chaos","Turbo"],"picked":"Loop","floor":1},{"not_picked":["Go for the Eyes","Leap","Barrage"],"picked":"SKIP","floor":2},{"not_picked":["Beam Cell","FTL","Hello World"],"picked":"SKIP","floor":3},{"not_picked":["Double Energy","Sunder"],"picked":"Ball Lightning","floor":4},{"not_picked":["Multi-Cast","Leap"],"picked":"Aggregate","floor":8},{"not_picked":["Barrage","Undo"],"picked":"Sweeping Beam","floor":12},{"not_picked":["Meteor Strike","Seek"],"picked":"Thunder Strike","floor":16},{"not_picked":["Glacier","Chaos+1"],"picked":"Redo","floor":18},{"not_picked":["Barrage","Coolheaded+1","Beam Cell"],"picked":"SKIP","floor":20}],"player_experience":729996,"relics_obtained":[{"floor":8,"key":"Matryoshka"},{"floor":9,"key":"DataDisk"},{"floor":9,"key":"Boot"},{"floor":14,"key":"Toy Ornithopter"},{"floor":14,"key":"Strawberry"}],"event_choices":[{"damage_healed":0,"gold_gain":0,"player_choice":"Success","damage_taken":18,"relics_obtained":["Orichalcum"],"max_hp_gain":0,"max_hp_loss":0,"event_name":"Scrap Ooze","floor":5,"gold_loss":0},{"damage_healed":0,"gold_gain":0,"player_choice":"Searched \u00270\u0027 times","damage_taken":0,"max_hp_gain":0,"max_hp_loss":0,"event_name":"Dead Adventurer","floor":7,"gold_loss":0},{"damage_healed":0,"gold_gain":0,"player_choice":"Bought 1 Potion","damage_taken":0,"max_hp_gain":0,"max_hp_loss":0,"event_name":"The Woman in Blue","floor":11,"gold_loss":0},{"damage_healed":0,"gold_gain":0,"cards_transformed":["Defend_B"],"player_choice":"Transformed","damage_taken":0,"max_hp_gain":0,"max_hp_loss":0,"event_name":"Transmorgrifier","floor":19,"gold_loss":0,"cards_obtained":["Consume"]}],"is_beta":false,"boss_relics":[{"not_picked":["Calling Bell","Astrolabe"],"picked":"Black Star"}],"items_purged_floors":[],"is_endless":false,"potions_floor_spawned":[1,3,4,8,16],"killed_by":"Centurion and Healer","ascension_level":2}}