{"host":"nptej036rrbiurf5","time":1614056484,"event":{"mods":["BaseMod","Colored Map","Colored Powertips","DeckTracker","Minty Spire (QoL Compilation)","StSLib","SuperFastMode"],"gold_per_floor":[112,112,262,30,30,57,57,33,33,48,66,98,121,139,139,139,139],"floor_reached":16,"language":"KOR","playtime":217,"items_purged":["Doubt"],"score":266,"play_id":"0e870f99-5095-47ae-90ca-fd0429eb05ce","local_time":"20210223140124","is_ascension_mode":true,"campfire_choices":[{"data":"Immolate","floor":7,"key":"SMITH"},{"data":"Armaments","floor":15,"key":"SMITH"}],"circlet_count":0,"master_deck":["AscendersBane","Strike_R","Strike_R","Strike_R","Strike_R","Strike_R","Defend_R","Defend_R","Defend_R","Defend_R","Bash","Dropkick","Immolate+1","Second Wind","Armaments+1","Shrug It Off","Feel No Pain+1","Disarm","Spot Weakness","Thunderclap"],"relics":["Burning Blood","NeowsBlessing","Frozen Egg 2","Ancient Tea Set","Bottled Flame","Juzu Bracelet","Odd Mushroom"],"acts_visited":["Exordium"],"potions_floor_usage":[16],"damage_taken":[{"damage":0,"enemies":"Jaw Worm","floor":1,"turns":1},{"damage":0,"enemies":"3 Sentries","floor":6,"turns":1},{"damage":0,"enemies":"Small Slimes","floor":10,"turns":1},{"damage":0,"enemies":"2 Louse","floor":11,"turns":1},{"damage":62,"enemies":"Lagavulin","floor":12,"turns":7},{"damage":0,"enemies":"The Mushroom Lair","floor":13,"turns":1},{"damage":6,"enemies":"Looter","floor":14,"turns":3},{"damage":34,"enemies":"Hexaghost","floor":16,"turns":7}],"seed_played":"2723609722638418936","potions_obtained":[{"floor":13,"key":"Swift Potion"},{"floor":14,"key":"SpeedPotion"}],"is_trial":false,"path_per_floor":["M","?","?","$","?","E","R","$","T","M","M","E","?","M","R","B"],"character_chosen":"IRONCLAD","items_purchased":["Immolate","Armaments"],"campfire_rested":0,"item_purchase_floors":[4,8],"current_hp_per_floor":[74,79,79,79,68,74,74,74,74,80,80,24,30,30,30,0,0],"gold":139,"neow_bonus":"THREE_ENEMY_KILL","is_daily":false,"chose_seed":false,"campfire_upgraded":2,"win_rate":0.0,"timestamp":1614056484,"path_taken":["M","?","?","$","?","E","R","?","T","M","?","E","?","M","R","BOSS"],"items_purchased_type":["Card","Card"],"build_version":"2020-12-22","purchased_purges":1,"victory":false,"max_hp_per_floor":[75,80,80,80,80,80,80,80,80,80,80,80,80,80,80,80,80],"card_choices":[{"not_picked":["Cleave","Clothesline"],"picked":"Dropkick","floor":1},{"not_picked":["Spot Weakness","Wild Strike"],"picked":"Second Wind","floor":6},{"not_picked":["Warcry","Cleave"],"picked":"Shrug It Off","floor":10},{"not_picked":["Dropkick","Armaments"],"picked":"Feel No Pain+1","floor":11},{"not_picked":["Armaments","Immolate"],"picked":"Disarm","floor":12},{"not_picked":["Twin Strike","Thunderclap"],"picked":"Spot Weakness","floor":13},{"not_picked":["Searing Blow","Clothesline"],"picked":"Thunderclap","floor":14}],"player_experience":1009955,"relics_obtained":[{"floor":6,"key":"Ancient Tea Set"},{"floor":9,"key":"Bottled Flame"},{"floor":12,"key":"Juzu Bracelet"},{"floor":13,"key":"Odd Mushroom"}],"event_choices":[{"damage_healed":0,"gold_gain":0,"player_choice":"Donut","damage_taken":0,"max_hp_gain":5,"max_hp_loss":0,"event_name":"Big Fish","floor":2,"gold_loss":0},{"damage_healed":0,"gold_gain":150,"player_choice":"AGREE","damage_taken":0,"max_hp_gain":0,"max_hp_loss":0,"event_name":"Liars Game","floor":3,"gold_loss":0,"cards_obtained":["Doubt"]},{"damage_healed":0,"gold_gain":0,"player_choice":"Success","damage_taken":11,"relics_obtained":["Frozen Egg 2"],"max_hp_gain":0,"max_hp_loss":0,"event_name":"Scrap Ooze","floor":5,"gold_loss":0},{"damage_healed":0,"gold_gain":0,"player_choice":"Fought Mushrooms","damage_taken":0,"max_hp_gain":0,"max_hp_loss":0,"event_name":"Mushrooms","floor":13,"gold_loss":0}],"is_beta":false,"boss_relics":[],"items_purged_floors":[4],"is_endless":false,"potions_floor_spawned":[13,14],"killed_by":"Hexaghost","ascension_level":20}}