{"host":"zno6693rqofarng1","time":1614088354,"event":{"mods":["Act Like it!","Arknights","BaseMod","Minty Spire (QoL Compilation)","StSLib"],"gold_per_floor":[115,115,290,290,311,311,344,344,397,60,60,96,21,21,21,150,150,174,23,23,0,0,0,36,36,83,83,104,139,139,155,155,280,280,304,61,61,61,61,61,61,61],"floor_reached":41,"language":"ZHS","playtime":2667,"items_purged":["ats:Literary Storm"],"score":470,"play_id":"85be0cbe-5590-4647-8361-23dabc469d21","local_time":"20210223215234","daily_mods":["Draft","Heirloom","Flight"],"is_ascension_mode":true,"campfire_choices":[{"floor":6,"key":"REST"},{"data":"ats:Flame Of Heaven","floor":8,"key":"SMITH"},{"data":"ats:Very Hot Blade","floor":11,"key":"SMITH"},{"floor":15,"key":"REST"},{"floor":23,"key":"REST"},{"floor":25,"key":"REST"},{"floor":30,"key":"REST"},{"floor":32,"key":"REST"},{"floor":40,"key":"REST"}],"circlet_count":0,"master_deck":["ats:Burning Ground+1","ats:Support Order","ats:Very Hot Blade+1","ats:Absolute Focus","ats:Sashimi Platter","ats:Very Hot Blade","ats:Shell Defense+1","ats:Curse Doll","ats:Ignite","ats:Literary Storm","ats:Leaping Hammer","ats:Healing Drone","ats:Phantom","ats:Guard Mode","Doubt","ats:Flame Of Heaven+1","ats:Apocalypse","ats:Calcification","ats:Burning Ground+1","ats:Soul Absorption","ats:Guardian Obelisk+1","ats:Assault Order","ats:Song Of Battle","ats:Fractured Body","ats:Healing Strengthening+1","Panacea","ats:Very Hot Blade","ats:Flame Of Heaven+1"],"relics":["ats:Sanity Plus","Prayer Wheel","Golden Idol","ats:Originium","Happy Flower","Dream Catcher","ats:Emergency Defibrillator","Kunai","DollysMirror","Nilry\u0027s Codex","Blue Candle","Art of War","Mercury Hourglass","Calipers","Fusion Hammer","Darkstone Periapt"],"acts_visited":["Exordium","TheCity","TheBeyond"],"potions_floor_usage":[12,12,33,33],"damage_taken":[{"damage":15,"enemies":"Small Slimes","floor":1,"turns":3},{"damage":16,"enemies":"2 Louse","floor":5,"turns":3},{"damage":12,"enemies":"Lagavulin","floor":7,"turns":7},{"damage":12,"enemies":"Gremlin Nob","floor":12,"turns":3},{"damage":69,"enemies":"Slime Boss","floor":16,"turns":11},{"damage":30,"enemies":"Shell Parasite","floor":18,"turns":7},{"damage":104,"enemies":"Book of Stabbing","floor":24,"turns":8},{"damage":26,"enemies":"2 Thieves","floor":28,"turns":3},{"damage":44,"enemies":"Gremlin Leader","floor":29,"turns":6},{"damage":36,"enemies":"Sentry and Sphere","floor":31,"turns":4},{"damage":53,"enemies":"Collector","floor":33,"turns":7},{"damage":80,"enemies":"Orb Walker","floor":35,"turns":4},{"damage":27,"enemies":"3 Darklings","floor":41,"turns":2}],"seed_played":"989651453486940959","potions_obtained":[{"floor":1,"key":"ats:Burn Small Potion"},{"floor":5,"key":"ats:Burn Small Potion"},{"floor":28,"key":"Weak Potion"},{"floor":31,"key":"FearPotion"}],"is_trial":true,"path_per_floor":["M","?","?","?","M","R","E","R","T","$","R","E","$","$","R","B",null,"M","$","?","?","?","R","E","R","T","T","M","E","R","M","R","B",null,"M","$","?","$","?","R","M"],"character_chosen":"DOCTOR_CLASS","items_purchased":["ats:Apocalypse","ats:Emergency Defibrillator","DollysMirror","Darkstone Periapt"],"campfire_rested":7,"item_purchase_floors":[10,10,19,36],"current_hp_per_floor":[63,45,45,31,26,47,59,59,59,59,59,56,56,56,72,41,72,58,58,42,42,42,63,48,69,69,69,48,26,47,27,48,21,72,1,1,1,1,1,22,0,0],"gold":61,"neow_bonus":"","is_daily":false,"chose_seed":false,"campfire_upgraded":2,"win_rate":0.0,"timestamp":1614088354,"path_taken":["M","?","?","?","M","R","E","R","T","$","R","E","$","$","R","BOSS","M","$","?","?","?","R","E","R","T","?","?","E","R","?","R","BOSS","M","$","?","$","?","R","?"],"items_purchased_type":["Card","Relic","Relic","Relic"],"build_version":"2020-12-22","purchased_purges":1,"victory":false,"max_hp_per_floor":[72,72,72,72,72,72,72,72,72,72,72,72,72,72,72,72,72,72,72,72,72,72,72,72,72,72,72,72,72,72,72,72,72,72,72,72,72,72,72,72,72,72],"card_choices":[{"not_picked":["ats:Support Order","ats:Apocalypse"],"picked":"ats:Burning Ground","floor":0},{"not_picked":["ats:Hammer On","ats:Burning Ground"],"picked":"ats:Support Order","floor":0},{"not_picked":["ats:Cat Scratch","ats:Curse Doll"],"picked":"ats:Very Hot Blade","floor":0},{"not_picked":["ats:Cat Scratch","ats:Directed Diagnosis"],"picked":"ats:Absolute Focus","floor":0},{"not_picked":["ats:Shell Defense","ats:Curse Doll"],"picked":"ats:Sashimi Platter","floor":0},{"not_picked":["ats:Revitalization","ats:Ignite"],"picked":"ats:Very Hot Blade","floor":0},{"not_picked":["ats:Curse Doll","ats:Cat Scratch"],"picked":"ats:Shell Defense","floor":0},{"not_picked":["ats:Closed Bolt Burst Fire","ats:Blood Oath"],"picked":"ats:Literary Storm","floor":0},{"not_picked":["ats:Red Shift","ats:Spore Proliferation"],"picked":"ats:Curse Doll","floor":0},{"not_picked":["ats:Poison Spread","ats:Very Hot Blade"],"picked":"ats:Ignite","floor":0},{"not_picked":["ats:Powerful Strike","ats:Closed Bolt Burst Fire"],"picked":"ats:Leaping Hammer","floor":0},{"not_picked":["ats:Rapid Magazine","ats:Overload"],"picked":"ats:Literary Storm","floor":0},{"not_picked":["ats:Poison Spread","ats:Hammer On"],"picked":"ats:Leaping Hammer","floor":0},{"not_picked":["ats:Leaping Hammer","ats:Flexible Camouflage"],"picked":"ats:Healing Drone","floor":0},{"not_picked":["ats:Composite Medical Shells","ats:Revitalization"],"picked":"ats:Phantom","floor":0},{"not_picked":["ats:Flexible Camouflage","ats:Sunburst"],"picked":"ats:Guard Mode","floor":1},{"not_picked":["ats:Healing Strengthening","ats:Blood Oath","ats:Serious Mode"],"picked":"SKIP","floor":1},{"not_picked":["ats:Support Order","ats:Phantom","ats:Explosion Area Strengthen"],"picked":"SKIP","floor":5},{"not_picked":["ats:Leaping Hammer","ats:Powerful Strike","ats:Very Hot Blade"],"picked":"SKIP","floor":5},{"not_picked":["ats:Consecutive Shot Auto","ats:Guard Mode"],"picked":"ats:Flame Of Heaven","floor":7},{"not_picked":["ats:Rapid Magazine","ats:Apocalypse","ats:Encircling Forest"],"picked":"SKIP","floor":12},{"not_picked":["ats:Shadow Assault","ats:Dogmatic Field"],"picked":"ats:Calcification","floor":16},{"not_picked":["ats:Revitalization","ats:Hammer On","ats:Thermite Blade"],"picked":"SKIP","floor":18},{"not_picked":["ats:Ignite","ats:Apocalypse+1","ats:Revitalization+1"],"picked":"SKIP","floor":18},{"not_picked":["ats:Thermite Blade","ats:Rapid Magazine","ats:Support Order"],"picked":"SKIP","floor":24},{"not_picked":["ats:Chain Hook","ats:Sword Rain"],"picked":"ats:Soul Absorption","floor":25},{"not_picked":["ats:Nebulous Foxfire","ats:Revitalization+1"],"picked":"ats:Guardian Obelisk+1","floor":28},{"not_picked":["ats:Poison Spread","ats:Powerful Strike+1"],"picked":"ats:Assault Order","floor":28},{"not_picked":["ats:Flexible Camouflage","ats:Dogmatic Field"],"picked":"ats:Song Of Battle","floor":29},{"not_picked":["ats:Automatic Cover","ats:Ignite+1","ats:Explosion Area Strengthen"],"picked":"SKIP","floor":31},{"not_picked":["ats:Ignite","ats:Assault Order","ats:Support Order+1"],"picked":"SKIP","floor":31},{"not_picked":["ats:Disruption Kick","ats:Ambush"],"picked":"ats:Fractured Body","floor":33},{"not_picked":["ats:Powerful Strike+1","ats:Curse Doll+1"],"picked":"ats:Healing Strengthening+1","floor":35},{"not_picked":["ats:Explosion Area Strengthen+1","ats:Assault Order","ats:Closed Bolt Burst Fire+1"],"picked":"SKIP","floor":35},{"not_picked":["Discovery","Mind Blast"],"picked":"Panacea","floor":37},{"not_picked":["ats:Leaping Hammer+1","ats:Shell Defense+1"],"picked":"ats:Flame Of Heaven+1","floor":40}],"player_experience":46333,"relics_obtained":[{"floor":7,"key":"ats:Originium"},{"floor":7,"key":"Happy Flower"},{"floor":9,"key":"Dream Catcher"},{"floor":12,"key":"ats:Originium"},{"floor":12,"key":"Kunai"},{"floor":20,"key":"Nilry\u0027s Codex"},{"floor":24,"key":"ats:Originium"},{"floor":24,"key":"Blue Candle"},{"floor":26,"key":"Art of War"},{"floor":27,"key":"Mercury Hourglass"},{"floor":29,"key":"ats:Originium"},{"floor":29,"key":"Calipers"}],"event_choices":[{"damage_healed":0,"gold_gain":0,"player_choice":"Take Damage","damage_taken":18,"relics_obtained":["Golden Idol"],"max_hp_gain":0,"max_hp_loss":0,"event_name":"Golden Idol","floor":2,"gold_loss":0},{"damage_healed":0,"gold_gain":175,"player_choice":"AGREE","damage_taken":0,"max_hp_gain":0,"max_hp_loss":0,"event_name":"Liars Game","floor":3,"gold_loss":0,"cards_obtained":["Doubt"]},{"damage_healed":0,"gold_gain":0,"player_choice":"Entered Light","damage_taken":14,"max_hp_gain":0,"max_hp_loss":0,"event_name":"Shining Light","floor":4,"gold_loss":0,"cards_upgraded":["ats:Shell Defense","ats:Burning Ground"]},{"damage_healed":0,"gold_gain":0,"player_choice":"Obtained Book","damage_taken":16,"max_hp_gain":0,"max_hp_loss":0,"event_name":"Cursed Tome","floor":20,"gold_loss":0},{"damage_healed":0,"gold_gain":0,"player_choice":"Paid Fearfully","damage_taken":0,"max_hp_gain":0,"max_hp_loss":0,"event_name":"Masked Bandits","floor":21,"gold_loss":23},{"damage_healed":0,"gold_gain":0,"player_choice":"Ignored","damage_taken":0,"max_hp_gain":0,"max_hp_loss":0,"event_name":"Ghosts","floor":22,"gold_loss":0},{"damage_healed":0,"gold_gain":0,"player_choice":"Memory 1","damage_taken":0,"max_hp_gain":0,"max_hp_loss":0,"event_name":"SensoryStone","floor":37,"gold_loss":0},{"damage_healed":0,"gold_gain":0,"cards_transformed":["ats:Leaping Hammer"],"player_choice":"Transformed","damage_taken":0,"max_hp_gain":0,"max_hp_loss":0,"event_name":"Transmorgrifier","floor":39,"gold_loss":0,"cards_obtained":["ats:Very Hot Blade"]}],"is_beta":false,"boss_relics":[{"not_picked":["Black Star","Runic Dome"],"picked":"ats:Sanity Plus"},{"not_picked":["Philosopher\u0027s Stone","ats:Tactical Delivery"],"picked":"Fusion Hammer"}],"items_purged_floors":[13],"is_endless":false,"potions_floor_spawned":[1,5,28,31],"killed_by":"3 Darklings","ascension_level":2}}