{"host":"q57ekfojy3i00x9o","time":1614068716,"event":{"mods":["Act Like it!","Arknights","Aspiration","BaseMod","Colored Map","Energized Spire","Hermit","Minty Spire (QoL Compilation)","Quick Restart","Ruina","Spicy Shops","Spikes Relics","StSLib","slay the spire mod where everything is the same but ironclad has a cowboy hat"],"gold_per_floor":[118,118,139,26,50,50,63,63,63,87,87,108,108,126,126,254,254,275,314,314,314,314,348,308,327,350,350,0,18,28,53,53,148,148,160,160,7,17,36,36,68,68,114,71,293,1,1,11,11,11,11],"floor_reached":50,"language":"RUS","playtime":1129,"items_purged":["Strike_G","Shame"],"score":905,"play_id":"48eb39b4-e75b-40d7-9612-f38f447b0a44","local_time":"20210223132516","is_ascension_mode":true,"campfire_choices":[{"data":"A Thousand Cuts","floor":6.0,"key":"SMITH"},{"data":"Accuracy","floor":8.0,"key":"SMITH"},{"data":"Terror","floor":11.0,"key":"SMITH"},{"data":"Blade Dance","floor":13.0,"key":"SMITH"},{"floor":15.0,"key":"REST"},{"floor":27.0,"key":"REST"},{"floor":32,"key":"REST"},{"floor":40,"key":"REST"},{"floor":42,"key":"REST"},{"floor":49,"key":"REST"}],"circlet_count":0,"master_deck":["AscendersBane","Strike_G+1","Strike_G+1","Defend_G+1","Defend_G+1","Defend_G+1","Defend_G+1","Survivor","Neutralize","A Thousand Cuts+1","Blade Dance+1","Flying Knee","Accuracy+1","Escape Plan","Endless Agony","Terror+1","Blade Dance","Phantasmal Killer","Envenom+1","Slice","Bane","Terror+1","Accuracy","Prepared","Infinite Blades","Night Terror","Finisher+1","Underhanded Strike+1","Venomology+1","Dagger Spray+1","Cloak And Dagger+1","Envenom+1","Accuracy+1","Blade Dance","Bandage Up","Bane"],"relics":["Ring of the Snake","Bloody Idol","Happy Flower","Red Mask","MutagenicStrength","Bag of Marbles","Art of War","Orichalcum","Vajra","SpikesRelics:DaevaFist","Astrolabe","Membership Card","Frozen Egg 2","aspiration:ChemicalBlood","aspiration:SneckoTail","LugNut","Lee\u0027s Waffle"],"acts_visited":["Exordium","TheCity","TheBeyond"],"potions_floor_usage":[29,33,33,38,39,39,41,46,48,48,48,50,50,50],"damage_taken":[{"damage":11.0,"enemies":"Small Slimes","floor":1.0,"turns":5.0},{"damage":5.0,"enemies":"2 Louse","floor":3.0,"turns":2.0},{"damage":1.0,"enemies":"Cultist","floor":5.0,"turns":3.0},{"damage":9.0,"enemies":"Exordium Thugs","floor":7.0,"turns":4.0},{"damage":6.0,"enemies":"Gremlin Gang","floor":10.0,"turns":3.0},{"damage":0.0,"enemies":"Exordium Wildlife","floor":12.0,"turns":3.0},{"damage":6.0,"enemies":"Looter","floor":14.0,"turns":4.0},{"damage":0.0,"enemies":"Slime Boss","floor":16.0,"turns":5.0},{"damage":24.0,"enemies":"3 Byrds","floor":18.0,"turns":4.0},{"damage":7.0,"enemies":"Masked Bandits","floor":19.0,"turns":3.0},{"damage":25.0,"enemies":"Slavers","floor":23.0,"turns":4.0},{"damage":0.0,"enemies":"Chosen","floor":25.0,"turns":3.0},{"damage":0,"enemies":"3 Cultists","floor":29,"turns":3},{"damage":0,"enemies":"Sentry and Sphere","floor":30,"turns":3},{"damage":23,"enemies":"Book of Stabbing","floor":31,"turns":4},{"damage":13,"enemies":"Collector","floor":33,"turns":4},{"damage":18,"enemies":"3 Shapes","floor":35,"turns":2},{"damage":23,"enemies":"3 Darklings","floor":38,"turns":3},{"damage":0,"enemies":"Jaw Worm Horde","floor":39,"turns":4},{"damage":37,"enemies":"Reptomancer","floor":41,"turns":3},{"damage":50,"enemies":"Spire Growth","floor":48,"turns":5},{"damage":64,"enemies":"Time Eater","floor":50,"turns":6}],"seed_played":"2636614173154565464","potions_obtained":[{"floor":1.0,"key":"CunningPotion"},{"floor":5.0,"key":"FearPotion"},{"floor":7.0,"key":"SkillPotion"},{"floor":18.0,"key":"AttackPotion"},{"floor":25.0,"key":"SteroidPotion"},{"floor":31,"key":"Block Potion"},{"floor":38,"key":"Poison Potion"},{"floor":48,"key":"PowerPotion"}],"is_trial":false,"path_per_floor":["M","?","M","$","M","R","M","R","T","M","R","M","R","M","R","B",null,"M","?","?","?","?","E","?","M","T","R","$","M","M","E","R","B",null,"M","?","$","M","M","R","E","R","T","$","?","$","?","M","R","B"],"character_chosen":"THE_SILENT","items_purchased":["Accuracy","Orichalcum","Vajra","Explosive Potion","Membership Card","Accuracy+1","Blade Dance","aspiration:SneckoTail","LugNut","Fruit Juice","Lee\u0027s Waffle","Bandage Up","Block Potion"],"campfire_rested":6,"item_purchase_floors":[4,28,28,28,37,44,44,46,46,46,46,46,46],"current_hp_per_floor":[52,52,47,47,46,46,37,37,37,31,31,31,31,25,44,44,60,36,29,29,29,29,9,9,14,19,38,38,43,48,30,49,41,59,46,46,46,28,33,52,20,39,44,44,49,77,73,33,54,0,0],"gold":11,"neow_bonus":"ONE_RANDOM_RARE_CARD","is_daily":false,"chose_seed":false,"campfire_upgraded":4,"win_rate":0.0,"timestamp":1614068716,"path_taken":["M","?","M","$","M","R","M","R","T","M","R","M","R","M","R","BOSS","M","?","?","?","?","E","?","M","T","R","$","M","M","E","R","BOSS","M","?","?","M","?","R","E","R","T","$","?","$","?","M","R","BOSS"],"items_purchased_type":["Card","Relic","Relic","Potion","Relic","Card","Card","Relic","Relic","Potion","Relic","Card","Potion"],"build_version":"2020-12-22","purchased_purges":2,"victory":false,"max_hp_per_floor":[70,65,65,65,65,65,65,65,65,65,65,65,65,65,65,65,65,65,65,65,65,65,65,65,65,65,65,65,65,65,65,65,65,65,65,65,65,65,65,65,65,65,65,65,65,77,73,73,73,73,73],"card_choices":[{"not_picked":["Catalyst","Flechettes"],"picked":"Blade Dance","floor":1.0},{"not_picked":["Predator","Riddle With Holes"],"picked":"Flying Knee","floor":3.0},{"not_picked":["Bane","Outmaneuver"],"picked":"Escape Plan","floor":5.0},{"not_picked":["Reflex","Outmaneuver"],"picked":"Endless Agony","floor":7.0},{"not_picked":["Endless Agony","Prepared"],"picked":"Terror","floor":10.0},{"not_picked":["Deadly Poison","Expertise"],"picked":"Blade Dance","floor":12.0},{"not_picked":["Cloak And Dagger","Poisoned Stab"],"picked":"Phantasmal Killer","floor":14.0},{"not_picked":["Glass Knife","Wraith Form v2"],"picked":"Envenom","floor":16.0},{"not_picked":["Prepared","Deflect"],"picked":"Slice","floor":18.0},{"not_picked":["Deadly Poison+1","Setup"],"picked":"Bane","floor":19.0},{"not_picked":["Quick Slash","Well Laid Plans"],"picked":"Terror+1","floor":23.0},{"not_picked":["Deadly Poison+1","Quick Slash"],"picked":"Accuracy","floor":25.0},{"not_picked":["Bane","Bouncing Flask","Blur"],"picked":"SKIP","floor":29},{"not_picked":["Distraction","Flechettes"],"picked":"Prepared","floor":30},{"not_picked":["Flying Knee","Grand Finale"],"picked":"Infinite Blades","floor":31},{"not_picked":["A Thousand Cuts","Phantasmal Killer"],"picked":"Night Terror","floor":33},{"not_picked":["Noxious Fumes","Outmaneuver"],"picked":"Dagger Spray+1","floor":35},{"not_picked":["Flying Knee","Dagger Spray"],"picked":"Cloak And Dagger+1","floor":38},{"not_picked":["Prepared","Skewer","Deadly Poison"],"picked":"SKIP","floor":39},{"not_picked":["Slice","Choke"],"picked":"Envenom+1","floor":41},{"not_picked":["Poisoned Stab","Pace"],"picked":"Bane","floor":48}],"player_experience":791109,"relics_obtained":[{"floor":9.0,"key":"Happy Flower"},{"floor":19.0,"key":"Red Mask"},{"floor":23.0,"key":"Bag of Marbles"},{"floor":26.0,"key":"Art of War"},{"floor":31,"key":"SpikesRelics:DaevaFist"},{"floor":41,"key":"Frozen Egg 2"},{"floor":43,"key":"aspiration:ChemicalBlood"}],"event_choices":[{"damage_healed":0.0,"max_hp_gain":0.0,"max_hp_loss":5.0,"gold_gain":0.0,"event_name":"Golden Idol","player_choice":"Lose Max HP","floor":2.0,"gold_loss":0.0,"damage_taken":0.0,"relics_obtained":["Golden Idol"]},{"damage_healed":0.0,"max_hp_gain":0.0,"max_hp_loss":0.0,"gold_gain":0.0,"event_name":"Masked Bandits","player_choice":"Fought Bandits","floor":19.0,"gold_loss":0.0,"damage_taken":0.0},{"damage_healed":0.0,"max_hp_gain":0.0,"max_hp_loss":0.0,"gold_gain":0.0,"event_name":"Drug Dealer","player_choice":"Inject Mutagens","floor":20.0,"gold_loss":0.0,"damage_taken":0.0,"relics_obtained":["MutagenicStrength"]},{"damage_healed":0.0,"max_hp_gain":0.0,"max_hp_loss":0.0,"gold_gain":0.0,"event_name":"Back to Basics","player_choice":"Simplicity","floor":21.0,"gold_loss":0.0,"damage_taken":0.0,"cards_upgraded":["Strike_G","Strike_G","Strike_G","Strike_G","Defend_G","Defend_G","Defend_G","Defend_G","Defend_G"]},{"damage_healed":0.0,"max_hp_gain":0.0,"max_hp_loss":0.0,"gold_gain":0.0,"event_name":"Forgotten Altar","player_choice":"Gave Idol","floor":22.0,"relics_lost":["Golden Idol"],"gold_loss":0.0,"damage_taken":0.0,"relics_obtained":["Bloody Idol"]},{"damage_healed":0.0,"max_hp_gain":0.0,"max_hp_loss":0.0,"gold_gain":0.0,"event_name":"Designer","player_choice":"Upgrade","floor":24.0,"gold_loss":40.0,"damage_taken":0.0,"cards_upgraded":["Envenom"]},{"damage_healed":0,"gold_gain":0,"player_choice":"Memory 1","damage_taken":0,"max_hp_gain":0,"max_hp_loss":0,"event_name":"SensoryStone","floor":36,"gold_loss":0},{"damage_healed":0,"gold_gain":222,"player_choice":"Wore Mask","damage_taken":0,"max_hp_gain":0,"max_hp_loss":0,"event_name":"Tomb of Lord Red Mask","floor":45,"gold_loss":0},{"damage_healed":0,"gold_gain":0,"player_choice":"Max HP","damage_taken":0,"max_hp_gain":0,"max_hp_loss":4,"event_name":"Winding Halls","floor":47,"gold_loss":0}],"is_beta":false,"boss_relics":[{"not_picked":["Snecko Eye","Runic Pyramid","aspiration:DefectSkillbook"]},{"not_picked":["energizedSpire:SpiderWeb","aspiration:SecretTechniqueScroll"],"picked":"Astrolabe"}],"items_purged_floors":[4,46],"is_endless":false,"potions_floor_spawned":[1,5,7,18,25,31,38,48],"killed_by":"Time Eater","ascension_level":12}}