{"host":"8tgyo6jwzgmjsiz5","time":1614038501,"event":{"mods":["AchievementEnabler","BaseMod","Best Route Mod","Highlight Path","Minty Spire (QoL Compilation)","Permanent Neow","Quick Restart","StSLib","SuperFastMode"],"gold_per_floor":[16,30,30,55,79,79,98,141,141,167,167,192,62,83,83,172,172,172,172,19,19,19,19,19,19,19,19,19,19,19,19,19,19,19,19,19,0,0,0,0,0,0,0,0,0,0,0,0,0,0,0,0,0,0,0],"floor_reached":54,"language":"ENG","playtime":8159,"items_purged":["Regret"],"score":1351,"play_id":"e4dbca43-adcf-454a-b90b-0d5f43320004","local_time":"20210222210141","is_ascension_mode":true,"campfire_choices":[{"data":"Buffer","floor":6.0,"key":"SMITH"},{"floor":15.0,"key":"REST"},{"floor":23.0,"key":"REST"},{"data":"Recycle","floor":25.0,"key":"SMITH"},{"data":"Ghostly","floor":32.0,"key":"SMITH"},{"floor":40.0,"key":"RECALL"},{"floor":42.0,"key":"REST"},{"floor":46.0,"key":"REST"},{"floor":49,"key":"REST"},{"floor":52,"key":"REST"}],"circlet_count":0,"master_deck":["AscendersBane","Defend_B+1","Defend_B+1","Defend_B+1","Defend_B+1","Zap+1","Dualcast+1","Buffer+1","Aggregate+1","Lockon+1","Rip and Tear+1","Cold Snap+1","Coolheaded+1","Sunder+1","FTL+1","Cold Snap+1","Loop+1","Recycle+1","Core Surge+1","Ball Lightning+1","Ball Lightning+1","Chill+1","Gash+1","Ghostly+1","Ghostly+1","Ghostly+1","Echo Form+1","White Noise+1","Loop+1"],"relics":["Cracked Core","Golden Idol","Smiling Mask","Bronze Scales","PreservedInsect","Juzu Bracelet","Ectoplasm","Runic Capacitor","Orichalcum","Mango","Bottled Tornado","SlaversCollar","Red Mask","Mark of the Bloom","Meat on the Bone","War Paint"],"acts_visited":["Exordium","TheCity","TheBeyond","TheEnding"],"potions_floor_usage":[],"damage_taken":[{"damage":4.0,"enemies":"Jaw Worm","floor":1.0,"turns":5.0},{"damage":0.0,"enemies":"2 Louse","floor":2.0,"turns":2.0},{"damage":0.0,"enemies":"Small Slimes","floor":4.0,"turns":3.0},{"damage":13.0,"enemies":"3 Louse","floor":5.0,"turns":3.0},{"damage":0.0,"enemies":"2 Fungi Beasts","floor":7.0,"turns":2.0},{"damage":18.0,"enemies":"Gremlin Nob","floor":8.0,"turns":5.0},{"damage":3.0,"enemies":"Large Slime","floor":12.0,"turns":5.0},{"damage":13.0,"enemies":"Gremlin Gang","floor":14.0,"turns":3.0},{"damage":0.0,"enemies":"Slime Boss","floor":16.0,"turns":9.0},{"damage":3.0,"enemies":"Chosen","floor":18.0,"turns":4.0},{"damage":25.0,"enemies":"Shell Parasite","floor":19.0,"turns":5.0},{"damage":18.0,"enemies":"Snecko","floor":22.0,"turns":4.0},{"damage":0.0,"enemies":"Colosseum Slavers","floor":27.0,"turns":5.0},{"damage":0.0,"enemies":"Colosseum Nobs","floor":27.0,"turns":3.0},{"damage":15.0,"enemies":"Centurion and Healer","floor":28.0,"turns":8.0},{"damage":4.0,"enemies":"Shelled Parasite and Fungi","floor":30.0,"turns":6.0},{"damage":17.0,"enemies":"Snake Plant","floor":31.0,"turns":3.0},{"damage":13.0,"enemies":"Champ","floor":33.0,"turns":15.0},{"damage":12.0,"enemies":"Orb Walker","floor":35.0,"turns":4.0},{"damage":0.0,"enemies":"3 Darklings","floor":44.0,"turns":7.0},{"damage":13.0,"enemies":"Nemesis","floor":45.0,"turns":7.0},{"damage":1.0,"enemies":"Giant Head","floor":47.0,"turns":8.0},{"damage":0,"enemies":"4 Shapes","floor":48,"turns":5},{"damage":0,"enemies":"Donu and Deca","floor":50,"turns":9},{"damage":24,"enemies":"Shield and Spear","floor":54,"turns":3}],"seed_played":"-5914857650256847529","potions_obtained":[{"floor":4.0,"key":"SteroidPotion"},{"floor":5.0,"key":"Weak Potion"},{"floor":12.0,"key":"Regen Potion"},{"floor":31.0,"key":"DuplicationPotion"},{"floor":33.0,"key":"ColorlessPotion"},{"floor":35.0,"key":"Fire Potion"},{"floor":48,"key":"Explosive Potion"}],"is_trial":false,"path_per_floor":["M","M","?","M","M","R","M","E","T","T","?","M","$","M","R","B",null,"M","M","$","?","M","R","?","R","T","?","M","?","M","M","R","B",null,"M","?","?","?","?","R","$","R","T","M","E","R","E","M","R","B",null,"R","$","E"],"character_chosen":"DEFECT","items_purchased":["Loop","Runic Capacitor"],"campfire_rested":6,"item_purchase_floors":[13,20],"current_hp_per_floor":[60,60,60,60,47,47,47,29,29,29,29,26,26,13,32,32,56,53,28,28,28,10,29,29,29,29,52,37,37,33,16,16,3,30,18,18,18,32,32,32,32,32,32,32,19,19,18,18,18,18,18,18,18,0,0],"gold":0,"neow_bonus":"TRANSFORM_TWO_CARDS","is_daily":false,"chose_seed":false,"campfire_upgraded":3,"win_rate":0.0,"timestamp":1614038501,"path_taken":["M","M","?","M","M","R","M","E","T","?","?","M","$","M","R","BOSS","M","M","$","?","M","R","?","R","T","?","M","?","M","M","R","BOSS","M","?","?","?","?","R","$","R","T","M","E","R","E","M","R","BOSS","R","$","E"],"items_purchased_type":["Card","Relic"],"build_version":"2020-12-22","purchased_purges":1,"victory":false,"max_hp_per_floor":[71,71,64,64,64,64,64,64,64,64,64,64,64,64,64,64,64,64,64,64,64,64,64,64,64,64,78,78,39,39,39,39,39,39,39,39,39,32,32,32,32,32,32,32,32,32,32,32,32,32,32,32,32,32,32],"card_choices":[{"not_picked":["Cold Snap","Ball Lightning"],"picked":"Lockon","floor":1.0},{"not_picked":["Sweeping Beam","Go for the Eyes"],"picked":"Rip and Tear","floor":2.0},{"not_picked":["Self Repair","Capacitor"],"picked":"Cold Snap","floor":4.0},{"not_picked":["Static Discharge","Go for the Eyes"],"picked":"Coolheaded","floor":5.0},{"not_picked":["Ball Lightning","Leap"],"picked":"Sunder","floor":7.0},{"not_picked":["Chill","Auto Shields"],"picked":"FTL","floor":8.0},{"not_picked":["Steam","Compile Driver"],"picked":"Cold Snap","floor":12.0},{"not_picked":["Chill","Scrape"],"picked":"Recycle","floor":14.0},{"not_picked":["Multi-Cast","Buffer"],"picked":"Core Surge","floor":16.0},{"not_picked":["Skim+1","Self Repair","Cold Snap"],"picked":"SKIP","floor":18.0},{"not_picked":["Skim","Turbo"],"picked":"Ball Lightning","floor":19.0},{"not_picked":["Blizzard+1","Sunder"],"picked":"Ball Lightning","floor":22.0},{"not_picked":["Chaos","Rebound","Cold Snap"],"picked":"SKIP","floor":28.0},{"not_picked":["Cold Snap","Ball Lightning+1","Compile Driver+1"],"picked":"SKIP","floor":30.0},{"not_picked":["Ball Lightning","Leap","Steam"],"picked":"SKIP","floor":31.0},{"not_picked":["Core Surge","Hyperbeam"],"picked":"Echo Form","floor":33.0},{"not_picked":["Beam Cell+1","Leap","Coolheaded"],"picked":"SKIP","floor":35.0},{"not_picked":["Chaos","Steam+1","Streamline"],"picked":"SKIP","floor":44.0},{"not_picked":["Stack+1","Conserve Battery","Sunder"],"picked":"SKIP","floor":45.0},{"not_picked":["Stack","Static Discharge"],"picked":"White Noise+1","floor":47.0},{"not_picked":["Scrape","Coolheaded"],"picked":"Loop+1","floor":48}],"player_experience":2026561,"relics_obtained":[{"floor":8.0,"key":"Smiling Mask"},{"floor":9.0,"key":"Bronze Scales"},{"floor":10.0,"key":"PreservedInsect"},{"floor":26.0,"key":"Orichalcum"},{"floor":27.0,"key":"Mango"},{"floor":27.0,"key":"Bottled Tornado"},{"floor":45.0,"key":"Meat on the Bone"},{"floor":47.0,"key":"War Paint"}],"event_choices":[{"damage_healed":0.0,"max_hp_gain":0.0,"max_hp_loss":7.0,"gold_gain":0.0,"event_name":"Golden Idol","player_choice":"Lose Max HP","floor":3.0,"gold_loss":0.0,"damage_taken":0.0,"relics_obtained":["Golden Idol"]},{"damage_healed":0.0,"max_hp_gain":0.0,"max_hp_loss":0.0,"gold_gain":0.0,"event_name":"Big Fish","player_choice":"Box","floor":11.0,"gold_loss":0.0,"damage_taken":0.0,"relics_obtained":["Juzu Bracelet"],"cards_obtained":["Regret"]},{"damage_healed":0.0,"max_hp_gain":0.0,"max_hp_loss":0.0,"gold_gain":0.0,"event_name":"The Mausoleum","player_choice":"Ignored","floor":21.0,"gold_loss":0.0,"damage_taken":0.0},{"damage_healed":0.0,"max_hp_gain":0.0,"max_hp_loss":0.0,"gold_gain":0.0,"cards_transformed":["Strike_B","Strike_B"],"event_name":"Drug Dealer","player_choice":"Became Test Subject","floor":24.0,"gold_loss":0.0,"damage_taken":0.0,"cards_obtained":["Chill","Gash"]},{"damage_healed":0.0,"max_hp_gain":0.0,"max_hp_loss":0.0,"gold_gain":0.0,"event_name":"Colosseum","player_choice":"Fight","floor":27.0,"gold_loss":0.0,"damage_taken":0.0},{"damage_healed":0.0,"max_hp_gain":0.0,"max_hp_loss":0.0,"gold_gain":0.0,"event_name":"Colosseum","player_choice":"Fought Nobs","floor":27.0,"gold_loss":0.0,"damage_taken":0.0},{"damage_healed":0.0,"max_hp_gain":0.0,"max_hp_loss":39.0,"gold_gain":0.0,"event_name":"Ghosts","player_choice":"Became a Ghost","floor":29.0,"gold_loss":0.0,"damage_taken":0.0,"cards_obtained":["Ghostly","Ghostly","Ghostly"]},{"damage_healed":0.0,"max_hp_gain":0.0,"max_hp_loss":0.0,"gold_gain":0.0,"event_name":"SensoryStone","player_choice":"Memory 1","floor":36.0,"gold_loss":0.0,"damage_taken":0.0},{"damage_healed":0.0,"max_hp_gain":0.0,"max_hp_loss":0.0,"gold_gain":0.0,"event_name":"Tomb of Lord Red Mask","player_choice":"Paid","floor":37.0,"gold_loss":19.0,"damage_taken":0.0,"relics_obtained":["Red Mask"]},{"damage_healed":32.0,"max_hp_gain":0.0,"max_hp_loss":7.0,"gold_gain":0.0,"event_name":"The Moai Head","player_choice":"Heal","floor":38.0,"gold_loss":0.0,"damage_taken":0.0},{"damage_healed":0.0,"max_hp_gain":0.0,"max_hp_loss":0.0,"gold_gain":0.0,"event_name":"MindBloom","player_choice":"Upgrade","floor":39.0,"gold_loss":0.0,"damage_taken":0.0,"cards_upgraded":["Defend_B","Defend_B","Defend_B","Defend_B","Zap","Dualcast","Aggregate","Lockon","Rip and Tear","Cold Snap","Coolheaded","Sunder","FTL","Cold Snap","Loop","Core Surge","Ball Lightning","Ball Lightning","Chill","Gash","Ghostly","Ghostly","Echo Form"],"relics_obtained":["Mark of the Bloom"]}],"is_beta":false,"boss_relics":[{"not_picked":["Calling Bell","Fusion Hammer"],"picked":"Ectoplasm"},{"not_picked":["Coffee Dripper","Black Star"],"picked":"SlaversCollar"}],"items_purged_floors":[13],"is_endless":false,"potions_floor_spawned":[4,5,7,12,14,16,22,31,33,35,48],"killed_by":"Shield and Spear","ascension_level":15}}