{"host":"0z6l31g9ps0v9zzp","time":1614067638,"event":{"mods":["Act Like it!","BaseMod","CapriCore","Minty Spire (QoL Compilation)","MostiFishMod","StSLib","WarShipGirlsR/’ΩΩ¢…Ÿ≈ÆR mod"],"gold_per_floor":[118,118,118,137,156,189,206,240,240,240,240,165,181,181,181,181,181],"floor_reached":16,"language":"ZHS","playtime":664,"items_purged":[],"score":220,"play_id":"d8474808-b7e8-4312-abd4-c9e2d418fa5d","local_time":"20210223160718","daily_mods":["Heirloom"],"is_ascension_mode":true,"campfire_choices":[{"data":"rmod:salvage","floor":11.0,"key":"SMITH"},{"floor":15,"key":"REST"}],"circlet_count":0,"master_deck":["AscendersBane","rmod:strick","rmod:strick","rmod:defend","rmod:defend","rmod:defend","rmod:defend","rmod:basicallowance","rmod:maingunfire","rmod:overbreakdown","rmod:royalracing","rmod:diaomin","rmod:salvage+1","rmod:fletcher","rmod:maintain"],"relics":["rmod:firstchargereward","DaveBox","Nloth\u0027s Gift","rmod:quickrepair","SynthV:TestCard","CultistMask","Toy Ornithopter","Mercury Hourglass","Singing Bowl"],"acts_visited":["Exordium"],"potions_floor_usage":[16],"damage_taken":[{"damage":0.0,"enemies":"Jaw Worm","floor":1.0,"turns":3.0},{"damage":0.0,"enemies":"Cultist","floor":4.0,"turns":3.0},{"damage":0.0,"enemies":"2 Louse","floor":5.0,"turns":2.0},{"damage":17.0,"enemies":"Lagavulin","floor":6.0,"turns":7.0},{"damage":0.0,"enemies":"Red Slaver","floor":7.0,"turns":5.0},{"damage":38.0,"enemies":"3 Sentries","floor":8.0,"turns":15.0},{"damage":4.0,"enemies":"2 Fungi Beasts","floor":13.0,"turns":4.0},{"damage":31,"enemies":"Hexaghost","floor":16,"turns":14}],"seed_played":"-4185976646088826953","potions_obtained":[{"floor":5.0,"key":"Swift Potion"},{"floor":13.0,"key":"GamblersBrew"}],"is_trial":true,"path_per_floor":["M","?","?","M","M","E","M","E","T","?","R","?","M","?","R","B"],"character_chosen":"PRAEFECT","items_purchased":[],"campfire_rested":1,"item_purchase_floors":[],"current_hp_per_floor":[63,56,56,56,56,39,39,6,6,6,6,6,4,4,25,0,0],"gold":181,"neow_bonus":"","is_daily":false,"chose_seed":false,"campfire_upgraded":1,"win_rate":0.0,"timestamp":1614067638,"path_taken":["M","?","?","M","?","E","M","E","T","?","R","?","M","?","R","BOSS"],"items_purchased_type":[],"build_version":"2020-12-22","purchased_purges":0,"victory":false,"max_hp_per_floor":[70,70,70,70,70,70,70,70,70,70,70,70,72,72,72,72,72],"card_choices":[{"not_picked":["rmod:highspeedshooting","rmod:victimresponsibility"],"picked":"rmod:overbreakdown","floor":1.0},{"not_picked":["rmod:victimresponsibility","rmod:tearstotiara","rmod:fuelsupply","rmod:heivgo","rmod:circuitoustactics"],"picked":"SKIP","floor":4.0},{"not_picked":["rmod:timeschanged","rmod:intelligenceanalysis","rmod:wife","rmod:unsinkable"],"picked":"rmod:royalracing","floor":5.0},{"not_picked":["rmod:luckystar","rmod:circuitoustactics","rmod:concentratefire","rmod:overbreakdown"],"picked":"rmod:diaomin","floor":6.0},{"not_picked":["rmod:unsinkable","rmod:victimresponsibility","rmod:chargemoney","rmod:capitalist"],"picked":"rmod:salvage","floor":7.0},{"not_picked":["rmod:luckystar","rmod:spoils","rmod:smokecover","rmod:aluminumsupply"],"picked":"rmod:maintain","floor":8.0},{"not_picked":["rmod:firesupport","rmod:concentratefire","rmod:combined","rmod:intelligenceanalysis","rmod:fuelsupply"],"picked":"Singing Bowl","floor":13.0}],"player_experience":313500,"relics_obtained":[{"floor":1.0,"key":"SynthV:TestCard"},{"floor":6.0,"key":"Toy Ornithopter"},{"floor":8.0,"key":"Mercury Hourglass"},{"floor":9.0,"key":"Singing Bowl"}],"event_choices":[{"cards_removed":["rmod:strick"],"damage_healed":0.0,"max_hp_gain":0.0,"max_hp_loss":0.0,"gold_gain":0.0,"event_name":"Golden Wing","player_choice":"Card Removal","floor":2.0,"gold_loss":0.0,"damage_taken":7.0},{"damage_healed":0.0,"max_hp_gain":0.0,"max_hp_loss":0.0,"gold_gain":0.0,"event_name":"FaceTrader","player_choice":"Trade","floor":3.0,"gold_loss":0.0,"damage_taken":0.0,"relics_obtained":["CultistMask"]},{"damage_healed":0.0,"max_hp_gain":0.0,"max_hp_loss":0.0,"gold_gain":0.0,"event_name":"Shining Light","player_choice":"Ignored","floor":10.0,"gold_loss":0.0,"damage_taken":0.0},{"cards_removed":["rmod:strick"],"damage_healed":0.0,"max_hp_gain":0.0,"max_hp_loss":0.0,"gold_gain":0.0,"event_name":"The Cleric","player_choice":"Card Removal","floor":12.0,"gold_loss":75.0,"damage_taken":0.0},{"damage_healed":0,"gold_gain":0,"player_choice":"0 cards matched","damage_taken":0,"max_hp_gain":0,"max_hp_loss":0,"event_name":"Match and Keep!","floor":14,"gold_loss":0,"cards_obtained":[]}],"is_beta":false,"boss_relics":[],"items_purged_floors":[],"is_endless":false,"potions_floor_spawned":[5,13],"killed_by":"Hexaghost","ascension_level":20}}