{"host":"597bhbb8x3urrkc4","time":1614112141,"event":{"mods":["Aspiration","Astrologer","Bard","BaseMod","Beaked The Cultist","Better Altar","Better Match","Better Sensory Stone","Better Skull","Better Third Choice","Challenge The Spire","Clockwork Mod","Conspire","DeckTracker","GifTheSpireLib","GungeonMod","Hermit","HexUI Lib","Highlight Path","Hubris","Infinite Spire","Mad Scientist","Minty Spire (QoL Compilation)","Random Character Button","Replay The Spire","Reworked Bosses","Shade Mod","Somnambulant","StSLib","The Blackbeard","The Construct","The Cursed","The Forsaken","The Gatherer","The Hayseed","The Hierophant","The Judge","The Jungle","The Problem Sleuth","The Runesmith","The Servant 0.9.4","The Spell Scribe","The Valiant","TheBandit","TheFirefly","Wandering Minibosses","thorton"],"gold_per_floor":[144,189,189,18,55,55,55,145,170,215,305,305,48,48,48,348,348,393,259,304,304,349,439,439,529,529,529,574,664,664,754,754,1054,1054,1099,1099,1099,1144,721,721,811,811,811,856,856,901,991,991,991,991],"floor_reached":51,"language":"ENG","playtime":4551,"items_purged":["somnambulantmod: Overshare"],"score":1062,"play_id":"07d3a55e-f191-4d01-8c39-c92ebb9af352","local_time":"20210223142901","daily_mods":["Draft","Blue Cards","Midas"],"is_ascension_mode":false,"campfire_choices":[{"floor":6,"key":"REST"},{"floor":12,"key":"REST"},{"floor":15,"key":"REST"},{"floor":24,"key":"REST"},{"floor":30,"key":"DIG"},{"floor":32,"key":"DIG"},{"floor":40,"key":"DIG"},{"floor":45,"key":"DIG"},{"floor":49,"key":"DIG"}],"circlet_count":0,"master_deck":["somnambulantmod: LightSleeper+1","somnambulantmod: SnuggleUp","somnambulantmod: Stumble+1","somnambulantmod: HorrificThought","somnambulantmod: HorrificThought","somnambulantmod: DarkeningMind","somnambulantmod: LeechFears+1","somnambulantmod: Pinch","somnambulantmod: ImpenetrableMind","somnambulantmod: TrepanningBlow","somnambulantmod: Extract","somnambulantmod: RecurringDream","somnambulantmod: Harden","somnambulantmod: Bruise","somnambulantmod: SickeningSwathe","somnambulantmod: TimeCompression+1","Flash of Steel+1","Panache+1","somnambulantmod: Stimulus","Apotheosis+1","somnambulantmod: RecurringDream+1","somnambulantmod: HorrificThought","Sadistic Nature","Good Instincts","somnambulantmod: Inspiration","Evolve+1","ReplayTheSpireMod:??????????????????????","somnambulantmod: HorrificThought","Defy Death+1","somnambulantmod: HorrificThought","somnambulantmod: Hush","Berserk","somnambulantmod: RuthlessStudy","somnambulantmod: Relive","somnambulantmod: Pinch","Anger","hubris:ReadiedAction","Madness+1","Replay:Undeath\u0027s Touch+1","Reaper"],"relics":["somnambulantmod: DreamJournal","DemoMod:Bottle","DemoMod:MonsterBlood","ReplayFunnel","aspiration:IroncladSkillbook","Shovel","theForsaken:Lifeblossom","conspire:DecoderRing","Bottled Tornado","aspiration:HiddenCompartment","Vajra","DemoMod:Metronome","Bronze Scales","conspire:RunicOctahedron","hubris:Reverence","infinitespire:Satchel","ReplayTheSpireMod:Lightbulb","Pear","Mirror","DemoMod:GlassGuonStoneRelic","Boot","DemoMod:WeirdEgg","DemoMod:ClearGuonStone"],"acts_visited":["Exordium","TheCity","TheBeyond"],"potions_floor_usage":[5,8,11,18,22,23,29,38,44,47,50],"damage_taken":[{"damage":0,"enemies":"Jaw Worm","floor":1,"turns":3},{"damage":0,"enemies":"conspire:RoseBush","floor":2,"turns":4},{"damage":0,"enemies":"conspire:MimicChest","floor":5,"turns":4},{"damage":0,"enemies":"Gremlin Nob","floor":8,"turns":3},{"damage":0,"enemies":"2 Louse","floor":10,"turns":2},{"damage":4,"enemies":"3 Sentries","floor":11,"turns":2},{"damage":9,"enemies":"Fading Forest","floor":16,"turns":8},{"damage":0,"enemies":"Chosen","floor":18,"turns":2},{"damage":0,"enemies":"3 Byrds","floor":20,"turns":2},{"damage":12,"enemies":"Snake Plant","floor":22,"turns":3},{"damage":8,"enemies":"Gremlin Leader","floor":23,"turns":4},{"damage":15,"enemies":"Book of Stabbing","floor":25,"turns":3},{"damage":8,"enemies":"Snecko","floor":28,"turns":3},{"damage":0,"enemies":"Slavers","floor":29,"turns":2},{"damage":19,"enemies":"Book of Stabbing","floor":31,"turns":3},{"damage":7,"enemies":"bossMod:newChamp","floor":33,"turns":4},{"damage":0,"enemies":"Orb Walker","floor":35,"turns":2},{"damage":0,"enemies":"3 Darklings","floor":38,"turns":2},{"damage":0,"enemies":"Nemesis","floor":41,"turns":3},{"damage":34,"enemies":"Writhing Mass","floor":44,"turns":2},{"damage":0,"enemies":"Sphere and 2 Shapes","floor":46,"turns":1},{"damage":0,"enemies":"Giant Head","floor":47,"turns":4},{"damage":0,"enemies":"bossMod:newShapes","floor":50,"turns":3}],"seed_played":"-7386017133472573341","potions_obtained":[{"floor":1,"key":"construct:ShiftPotion"},{"floor":2,"key":"LifebloodPotion"},{"floor":5,"key":"SpeedPotion"},{"floor":16,"key":"ColorlessPotion"},{"floor":20,"key":"Weak Potion"},{"floor":22,"key":"somnambulantmod: BottledDream"},{"floor":25,"key":"SkillPotion"},{"floor":29,"key":"Explosive Potion"},{"floor":31,"key":"Swift Potion"},{"floor":41,"key":"SpeedPotion"},{"floor":44,"key":"SkillPotion"},{"floor":46,"key":"Dexterity Potion"}],"is_trial":false,"path_per_floor":["M","M","?","$","?","R","?","E","T","M","E","R","$","?","R","B",null,"M","?","M","?","M","E","R","E","T","?","M","E","R","E","R","B",null,"M","?","?","M","$","R","E","?","T","M","R","M","E","T","R","B",null],"character_chosen":"THE_SOMNAMBULANT","items_purchased":["Panache","Sadistic Nature","Good Instincts","somnambulantmod: Pinch","Anger","hubris:Reverence"],"campfire_rested":4,"item_purchase_floors":[4,13,13,39,39,39],"current_hp_per_floor":[70,70,70,70,70,72,72,72,79,79,75,81,81,86,88,79,88,88,88,88,67,59,55,83,77,77,77,78,85,85,76,76,79,90,90,90,90,90,90,90,90,72,82,57,57,61,71,71,71,80],"gold":991,"neow_bonus":"","is_daily":true,"chose_seed":false,"campfire_upgraded":0,"win_rate":0.0,"timestamp":1614112141,"path_taken":["M","M","?","$","?","R","?","E","T","M","E","R","?","?","R","BOSS","M","?","?","?","M","E","R","E","T","?","?","E","R","E","R","BOSS","M","?","?","M","$","R","E","?","T","?","R","M","E","?","R","BOSS"],"items_purchased_type":["Card","Card","Card","Card","Card","Relic"],"build_version":"2020-12-22","purchased_purges":1,"victory":true,"max_hp_per_floor":[70,70,70,70,70,72,72,72,79,79,79,81,81,86,88,88,88,88,88,88,88,88,88,90,90,90,90,90,90,90,90,90,90,90,90,90,90,90,90,90,90,90,100,100,100,100,100,100,100,100],"card_choices":[{"not_picked":["somnambulantmod: Stumble","somnambulantmod: MindWave"],"picked":"somnambulantmod: LightSleeper","floor":0},{"not_picked":["somnambulantmod: MuscleMemory","somnambulantmod: Repression"],"picked":"somnambulantmod: SnuggleUp","floor":0},{"not_picked":["somnambulantmod: Repression","somnambulantmod: Sleepyhead"],"picked":"somnambulantmod: Stumble","floor":0},{"not_picked":["somnambulantmod: Bruise","somnambulantmod: Unknow"],"picked":"somnambulantmod: Overshare","floor":0},{"not_picked":["somnambulantmod: MindWave","somnambulantmod: Repression"],"picked":"somnambulantmod: HorrificThought","floor":0},{"not_picked":["somnambulantmod: Unmake","somnambulantmod: BadIdea"],"picked":"somnambulantmod: HorrificThought","floor":0},{"not_picked":["somnambulantmod: TrepanningBlow","somnambulantmod: Stumble"],"picked":"somnambulantmod: DarkeningMind","floor":0},{"not_picked":["somnambulantmod: Trauma","somnambulantmod: ViralIdea"],"picked":"somnambulantmod: LeechFears","floor":0},{"not_picked":["somnambulantmod: HappyThoughts","somnambulantmod: BadIdea"],"picked":"somnambulantmod: Pinch","floor":0},{"not_picked":["somnambulantmod: ShowerThought","somnambulantmod: Bruise"],"picked":"somnambulantmod: ImpenetrableMind","floor":0},{"not_picked":["somnambulantmod: Unknow","somnambulantmod: AllForNothing"],"picked":"somnambulantmod: TrepanningBlow","floor":0},{"not_picked":["somnambulantmod: TrepanningBlow","somnambulantmod: Relive"],"picked":"somnambulantmod: Extract","floor":0},{"not_picked":["somnambulantmod: InLimbo","somnambulantmod: Bruise"],"picked":"somnambulantmod: RecurringDream","floor":0},{"not_picked":["somnambulantmod: TrepanningBlow","somnambulantmod: Repression"],"picked":"somnambulantmod: Harden","floor":0},{"not_picked":["somnambulantmod: Wake","somnambulantmod: Unmake"],"picked":"somnambulantmod: Bruise","floor":0},{"not_picked":["somnambulantmod: HeavyLids","somnambulantmod: SleepingBody"],"picked":"somnambulantmod: SickeningSwathe","floor":1},{"not_picked":["somnambulantmod: Unmake","somnambulantmod: LeechFears","somnambulantmod: MindWave"],"picked":"SKIP","floor":2},{"not_picked":["somnambulantmod: AllForNothing+1","somnambulantmod: Extract+1"],"picked":"somnambulantmod: TimeCompression+1","floor":3},{"not_picked":["Dark Shackles+1","Enlightenment+1"],"picked":"Flash of Steel+1","floor":3},{"not_picked":["somnambulantmod: LeechFears","somnambulantmod: OpeningUp"],"picked":"somnambulantmod: Stimulus","floor":6},{"not_picked":["somnambulantmod: SickeningSwathe","somnambulantmod: OpeningUp"],"picked":"somnambulantmod: RecurringDream","floor":8},{"not_picked":["somnambulantmod: DeeperSleep","somnambulantmod: HeavyLids","somnambulantmod: Overshare"],"picked":"SKIP","floor":10},{"not_picked":["somnambulantmod: Trauma","somnambulantmod: SnuggleUp"],"picked":"somnambulantmod: HorrificThought","floor":11},{"not_picked":["somnambulantmod: Amnausea","somnambulantmod: Lucidity"],"picked":"somnambulantmod: Inspiration","floor":16},{"not_picked":["Abandon","DemoMod:BlackBlade","Entrench","Havoc"],"picked":"SKIP","floor":18},{"not_picked":["Second Wind+1","Power Through","DemoMod:WhiteBlade+1"],"picked":"Evolve+1","floor":20},{"not_picked":["infinitespire:UltimateForm","infinitespire:TheBestDefense"],"picked":"ReplayTheSpireMod:??????????????????????","floor":21},{"not_picked":["somnambulantmod: BrainFeeder+1","somnambulantmod: Blink","Sword Boomerang+1"],"picked":"somnambulantmod: HorrificThought","floor":22},{"not_picked":["Shrug It Off","Abandon","Disarm"],"picked":"Defy Death+1","floor":23},{"not_picked":["Iron Wave+1","Shrug It Off","somnambulantmod: LostMind"],"picked":"somnambulantmod: HorrificThought","floor":25},{"not_picked":["somnambulantmod: BadIdea","hubris:ReadiedAction","Blood for Blood"],"picked":"somnambulantmod: Hush","floor":28},{"not_picked":["Iron Wave","Warcry","somnambulantmod: BadIdea"],"picked":"Berserk","floor":29},{"not_picked":["Clash+1","somnambulantmod: Bruise+1","Perfected Strike","ReplayTheSpireMod:LeadingStrike"],"picked":"SKIP","floor":31},{"not_picked":["Fiend Fire","somnambulantmod: Reinterpret","Brutality"],"picked":"somnambulantmod: RuthlessStudy","floor":33},{"not_picked":["ReplayTheSpireMod:Limb From Limb+1","somnambulantmod: BrainFeeder","Clash"],"picked":"somnambulantmod: Relive","floor":35},{"not_picked":["Heavy Blade+1","Life Link+1","somnambulantmod: Trauma+1","Sever Soul+1"],"picked":"SKIP","floor":38},{"not_picked":["somnambulantmod: Nosebleed","somnambulantmod: Ignorance","somnambulantmod: Wake+1"],"picked":"hubris:ReadiedAction","floor":41},{"not_picked":["ReplayTheSpireMod:Stacked+1","conspire:Charge","Twin Strike+1","ReplayTheSpireMod:Strike From Hell"],"picked":"SKIP","floor":44},{"not_picked":["Wild Strike","Flex","Anger+1"],"picked":"Replay:Undeath\u0027s Touch+1","floor":46},{"not_picked":["Immolate","somnambulantmod: Wake","somnambulantmod: HeavyLids"],"picked":"Reaper","floor":47}],"player_experience":1021350,"relics_obtained":[{"floor":5,"key":"Dream Catcher"},{"floor":8,"key":"DemoMod:Bottle"},{"floor":9,"key":"DemoMod:MonsterBlood"},{"floor":11,"key":"ReplayFunnel"},{"floor":23,"key":"theForsaken:Lifeblossom"},{"floor":25,"key":"conspire:DecoderRing"},{"floor":26,"key":"Bottled Tornado"},{"floor":29,"key":"aspiration:HiddenCompartment"},{"floor":30,"key":"Vajra"},{"floor":31,"key":"DemoMod:Metronome"},{"floor":32,"key":"Bronze Scales"},{"floor":40,"key":"infinitespire:Satchel"},{"floor":41,"key":"ReplayTheSpireMod:Lightbulb"},{"floor":43,"key":"Pear"},{"floor":45,"key":"Mirror"},{"floor":47,"key":"Boot"},{"floor":48,"key":"DemoMod:WeirdEgg"},{"floor":49,"key":"DemoMod:ClearGuonStone"}],"event_choices":[{"damage_healed":0,"gold_gain":0,"player_choice":"2","damage_taken":0,"max_hp_gain":0,"max_hp_loss":0,"event_name":"betterMatch:BetterMatch","floor":3,"gold_loss":0,"cards_obtained":["betterMatch:UncommonCard","betterMatch:ColorlessUncommonCard"]},{"damage_healed":72,"gold_gain":0,"player_choice":"Protect","damage_taken":0,"max_hp_gain":0,"max_hp_loss":72,"event_name":"betterThird:BetterShining","floor":7,"gold_loss":1},{"damage_healed":0,"gold_gain":0,"player_choice":"Donut","damage_taken":0,"max_hp_gain":5,"max_hp_loss":0,"event_name":"Big Fish","floor":14,"gold_loss":0},{"damage_healed":0,"gold_gain":0,"player_choice":"Paid Gold","damage_taken":0,"relics_obtained":["Shovel"],"max_hp_gain":0,"max_hp_loss":0,"event_name":"WeMeetAgain","floor":19,"gold_loss":134},{"damage_healed":0,"gold_gain":0,"player_choice":"Forge","damage_taken":0,"max_hp_gain":0,"max_hp_loss":0,"event_name":"Accursed Blacksmith","floor":27,"gold_loss":0,"cards_upgraded":["Panache"]},{"damage_healed":0,"gold_gain":0,"player_choice":"Leave","damage_taken":0,"max_hp_gain":0,"max_hp_loss":0,"event_name":"conspire:Investor","floor":36,"gold_loss":0},{"damage_healed":0,"gold_gain":0,"player_choice":"Random: Blue","damage_taken":0,"max_hp_gain":0,"max_hp_loss":0,"event_name":"betterThird:BetterPortal","floor":42,"gold_loss":0},{"damage_healed":0,"gold_gain":3,"player_choice":"2","damage_taken":0,"max_hp_gain":0,"max_hp_loss":18,"event_name":"betterStone:BetterStone","floor":42,"gold_loss":0}],"is_beta":false,"boss_relics":[{"not_picked":["Empty Cage","Painkiller Herb"],"picked":"aspiration:IroncladSkillbook"},{"not_picked":["hubris:Stopwatch","Replay:Grab Bag"],"picked":"conspire:RunicOctahedron"}],"items_purged_floors":[39],"is_endless":false,"potions_floor_spawned":[1,2,5,16,20,22,25,29,31,41,44,46],"ascension_level":0}}