{"host":"qiddgr1lyn3b7c88","time":1614038615,"event":{"mods":["Aspiration","BaseMod","Colored Map","Highlight Path","Minty Spire (QoL Compilation)","Replay The Spire","Shop Mod","StSLib","Synergy Search","The Alterego","egg"],"gold_per_floor":[119,133,144,144,243,276,276,305,305,305,23,23,37,57,57,153,153,164,177,177,195,205,205,223,223,223],"floor_reached":25,"language":"ENG","playtime":898,"items_purged":["Dualcast"],"score":301,"play_id":"3f7e8bd2-e334-467d-aff1-0901c119bdc1","local_time":"20210222190335","is_ascension_mode":true,"campfire_choices":[{"floor":7,"key":"REST"},{"data":"Heavy Blade","floor":10,"key":"SMITH"},{"floor":12,"key":"REST"},{"data":"Inflame","floor":15,"key":"SMITH"},{"floor":23,"key":"REST"}],"circlet_count":0,"master_deck":["Strike_B","Strike_B","Strike_B","Strike_B+1","Defend_B","Defend_B","Defend_B+1","Defend_B","Zap","Leap","Heavy Blade+1","Reprogram","Flex","Hologram","WeaponsOverheat","Swift Strike+1","Sweeping Beam","Inflame+1","Machine Learning","Rebound+1","Go for the Eyes","FIFO Queue","Cold Snap"],"relics":["Cracked Core","aspiration:Nostalgia","Iron Core","Bronze Scales","Happy Flower","Blue Doll","Question Card","ClockworkSouvenir","Snecko Heart","FaceOfCleric"],"acts_visited":["Exordium","TheCity"],"potions_floor_usage":[6,16,16],"damage_taken":[{"damage":3.0,"enemies":"2 Louse","floor":1.0,"turns":2.0},{"damage":7.0,"enemies":"Jaw Worm","floor":2.0,"turns":3.0},{"damage":0.0,"enemies":"Cultist","floor":3.0,"turns":2.0},{"damage":14,"enemies":"Gremlin Nob","floor":6,"turns":3},{"damage":18,"enemies":"3 Sentries","floor":8,"turns":6},{"damage":0,"enemies":"Exordium Wildlife","floor":13,"turns":3},{"damage":0,"enemies":"Exordium Thugs","floor":14,"turns":3},{"damage":12,"enemies":"Hexaghost","floor":16,"turns":5},{"damage":6,"enemies":"Spheric Guardian","floor":18,"turns":3},{"damage":16,"enemies":"2 Thieves","floor":19,"turns":3},{"damage":3,"enemies":"Snake Plant","floor":21,"turns":3},{"damage":21,"enemies":"Centurion and Healer","floor":22,"turns":5},{"damage":30,"enemies":"Shelled Parasite and Fungi","floor":24,"turns":4},{"damage":20,"enemies":"Sentry and Sphere","floor":25,"turns":3}],"seed_played":"2577138660878739753","potions_obtained":[{"floor":3.0,"key":"Strength Potion"},{"floor":13,"key":"LifebloodPotion"},{"floor":14,"key":"DuplicationPotion"},{"floor":22,"key":"Strength Potion"},{"floor":24,"key":"Dexterity Potion"}],"is_trial":false,"path_per_floor":["M","M","M","?","?","E","R","E","T","R","$","R","M","M","R","B",null,"M","M","?","M","M","R","M","M"],"character_chosen":"DEFECT","items_purchased":["ClockworkSouvenir","Swift Strike+1"],"campfire_rested":3,"item_purchase_floors":[11,11],"current_hp_per_floor":[65,58,58,43,25,11,33,15,15,15,15,37,37,37,37,25,63,57,41,41,39,19,42,13,0,0],"gold":223,"neow_bonus":"NOSTALGIA","is_daily":false,"chose_seed":false,"campfire_upgraded":2,"win_rate":0.0,"timestamp":1614038615,"path_taken":["M","M","M","?","?","E","R","E","T","R","$","R","M","M","R","BOSS","M","M","?","M","M","R","M","M"],"items_purchased_type":["Relic","Card"],"build_version":"2020-12-22","purchased_purges":1,"victory":false,"max_hp_per_floor":[75,75,75,75,75,75,75,75,75,75,75,75,75,75,75,75,75,75,75,75,76,77,77,78,78,78],"card_choices":[{"not_picked":["ReplayTheSpireMod:System Scan","BasicCrystalCard"],"picked":"Leap","floor":1.0},{"not_picked":["Force Field","Clash"],"picked":"Heavy Blade","floor":2.0},{"not_picked":["Gash","Panic Button"],"picked":"Reprogram","floor":3.0},{"not_picked":["BasicCrystalCard","Gash"],"picked":"Flex","floor":5},{"not_picked":["Tempest","Ball Lightning"],"picked":"Hologram","floor":5},{"not_picked":["Flex","Clash"],"picked":"WeaponsOverheat","floor":6},{"not_picked":["Crystallizer","Warcry","Stack"],"picked":"SKIP","floor":8},{"not_picked":["ReplaySort","Chill","Melter"],"picked":"Sweeping Beam","floor":13},{"not_picked":["Barrage","Body Slam","WeaponsOverheat"],"picked":"Inflame","floor":14},{"not_picked":["Fission","Creative AI","Mirror Shield"],"picked":"Machine Learning","floor":16},{"not_picked":["Turbo+1","Hologram","Go for the Eyes"],"picked":"Rebound+1","floor":18},{"not_picked":["Cold Snap+1","Hologram","Stack"],"picked":"Go for the Eyes","floor":19},{"not_picked":["Double Energy","Streamline","Compile Driver","Time Bomb"],"picked":"SKIP","floor":21},{"not_picked":["ReplayTheSpireMod:Reroute Power","Beam Cell","Barrage"],"picked":"FIFO Queue","floor":22},{"not_picked":["Gash","Chill","Tempest"],"picked":"Cold Snap","floor":24}],"player_experience":1060319,"relics_obtained":[{"floor":5,"key":"Bronze Scales"},{"floor":6,"key":"Happy Flower"},{"floor":8,"key":"Blue Doll"},{"floor":9,"key":"Question Card"}],"event_choices":[{"damage_healed":0.0,"max_hp_gain":0.0,"max_hp_loss":0.0,"gold_gain":0.0,"event_name":"Shining Light","player_choice":"Entered Light","floor":4.0,"gold_loss":0.0,"damage_taken":15.0,"cards_upgraded":["Strike_B","Defend_B"]},{"damage_healed":0,"gold_gain":0,"player_choice":"Trade","damage_taken":0,"relics_obtained":["FaceOfCleric"],"max_hp_gain":0,"max_hp_loss":0,"event_name":"FaceTrader","floor":20,"gold_loss":0}],"is_beta":false,"boss_relics":[{"not_picked":["aspiration:RitualDagger","Ectoplasm"],"picked":"Snecko Heart"}],"items_purged_floors":[11],"is_endless":false,"potions_floor_spawned":[3,13,14,22,24],"killed_by":"Sentry and Sphere","ascension_level":8}}