{"host":"8f5cu9y0fpol72qs","time":1614119167,"event":{"mods":["AlwaysNeverKeys","BaseMod","Colored Map","Colored Powertips","Curses Come First","Highlight Path","Key Reminder","Minty Spire (QoL Compilation)","StSLib"],"gold_per_floor":[364,8,27,39,51,77,87,87,87,121,121,138,169,184,184,255,255,266,1,1,11,28,60,60,86,86,116,136,148,106,106,106,181,181,197,197,212,212,36,36,61,74,74,108,108,128,128,146,146,146,146],"floor_reached":50,"language":"ENG","playtime":4858,"items_purged":["Doubt","Strike_G","Strike_G"],"score":1197,"play_id":"ded56de7-a602-40b0-97a7-7445d8d02edd","local_time":"20210223142607","is_ascension_mode":true,"campfire_choices":[{"floor":8,"key":"REST"},{"data":"Apotheosis","floor":11,"key":"SMITH"},{"data":"Footwork","floor":15,"key":"SMITH"},{"data":"After Image","floor":24,"key":"SMITH"},{"floor":32,"key":"REST"},{"floor":40,"key":"REST"},{"floor":45,"key":"RECALL"},{"floor":49,"key":"REST"}],"circlet_count":0,"master_deck":["AscendersBane","Strike_G","Defend_G","Defend_G","Defend_G","Defend_G","Defend_G","Survivor","Neutralize","Leg Sweep","Apotheosis+1","Footwork+1","Blade Dance","Accuracy","Infinite Blades","Dash","Bouncing Flask","Envenom","Catalyst","Riddle With Holes","Acrobatics","After Image+1","PiercingWail","Dagger Throw+1","Calculated Gamble","Blade Dance","Cloak And Dagger","Footwork","Phantasmal Killer","Predator+1","Blade Dance","Well Laid Plans+1","PiercingWail+1","Dodge and Roll+1","Backflip+1"],"relics":["Ring of the Snake","Bronze Scales","Pantograph","Meat on the Bone","Happy Flower","Cursed Key","OrangePellets","Sundial","Blue Candle","Omamori","WristBlade","Centennial Puzzle","HornCleat"],"acts_visited":["Exordium","TheCity","TheBeyond"],"potions_floor_usage":[6,12,22,23,23,33,33,38,38,48],"damage_taken":[{"damage":19,"enemies":"Cultist","floor":1,"turns":6},{"damage":8,"enemies":"Small Slimes","floor":3,"turns":5},{"damage":0,"enemies":"Jaw Worm","floor":4,"turns":4},{"damage":11,"enemies":"Exordium Thugs","floor":5,"turns":9},{"damage":9,"enemies":"Gremlin Nob","floor":6,"turns":3},{"damage":0,"enemies":"Looter","floor":7,"turns":4},{"damage":2,"enemies":"Lagavulin","floor":10,"turns":7},{"damage":1,"enemies":"Exordium Wildlife","floor":12,"turns":3},{"damage":21,"enemies":"3 Sentries","floor":13,"turns":7},{"damage":6,"enemies":"Blue Slaver","floor":14,"turns":4},{"damage":14,"enemies":"The Guardian","floor":16,"turns":8},{"damage":0,"enemies":"3 Byrds","floor":18,"turns":5},{"damage":6,"enemies":"Spheric Guardian","floor":21,"turns":5},{"damage":12,"enemies":"Centurion and Healer","floor":22,"turns":4},{"damage":2,"enemies":"Slavers","floor":23,"turns":6},{"damage":20,"enemies":"Book of Stabbing","floor":25,"turns":5},{"damage":3,"enemies":"Gremlin Leader","floor":27,"turns":6},{"damage":2,"enemies":"Shelled Parasite and Fungi","floor":28,"turns":7},{"damage":0,"enemies":"3 Cultists","floor":29,"turns":5},{"damage":11,"enemies":"Automaton","floor":33,"turns":9},{"damage":13,"enemies":"3 Shapes","floor":35,"turns":5},{"damage":36,"enemies":"3 Darklings","floor":37,"turns":5},{"damage":9,"enemies":"Transient","floor":38,"turns":4},{"damage":49,"enemies":"Reptomancer","floor":41,"turns":6},{"damage":1,"enemies":"Spire Growth","floor":42,"turns":7},{"damage":1,"enemies":"Giant Head","floor":44,"turns":4},{"damage":0,"enemies":"Sphere and 2 Shapes","floor":46,"turns":5},{"damage":33,"enemies":"Transient","floor":48,"turns":6},{"damage":70,"enemies":"Awakened One","floor":50,"turns":5}],"seed_played":"-2753941509042842611","potions_obtained":[{"floor":4,"key":"AttackPotion"},{"floor":5,"key":"Fire Potion"},{"floor":10,"key":"AttackPotion"},{"floor":13,"key":"Ancient Potion"},{"floor":14,"key":"FearPotion"},{"floor":21,"key":"Fire Potion"},{"floor":22,"key":"Explosive Potion"},{"floor":23,"key":"Block Potion"},{"floor":29,"key":"Dexterity Potion"},{"floor":35,"key":"Fire Potion"},{"floor":37,"key":"SmokeBomb"},{"floor":42,"key":"Fire Potion"}],"is_trial":false,"path_per_floor":["M","$","M","M","M","E","M","R","T","E","R","M","E","M","R","B",null,"M","$","?","M","M","E","R","E","T","E","M","M","$","?","R","B",null,"M","?","M","M","$","R","E","M","T","E","R","M","?","M","R","B"],"character_chosen":"THE_SILENT","items_purchased":["Apotheosis","Footwork","OrangePellets","Footwork","Blade Dance"],"campfire_rested":4,"item_purchase_floors":[2,2,19,30,39],"current_hp_per_floor":[40,40,32,32,21,12,12,31,31,29,29,40,31,37,37,48,62,62,62,62,56,44,42,42,34,34,43,41,41,41,23,44,58,68,55,69,45,36,36,57,20,31,31,42,42,42,42,21,42,0,0],"gold":146,"neow_bonus":"TWO_FIFTY_GOLD","is_daily":false,"chose_seed":false,"campfire_upgraded":3,"win_rate":0.0,"timestamp":1614119167,"path_taken":["M","$","M","M","M","E","M","R","T","E","R","M","E","M","R","BOSS","M","$","?","?","M","E","R","E","T","E","M","M","$","?","R","BOSS","M","?","M","M","$","R","E","M","T","E","R","M","?","?","R","BOSS"],"items_purchased_type":["Card","Card","Relic","Card","Card"],"build_version":"2020-12-22","purchased_purges":3,"victory":false,"max_hp_per_floor":[66,66,66,66,66,66,66,66,66,66,66,66,66,66,66,66,66,66,66,66,66,66,66,66,66,66,66,66,66,66,71,71,71,71,71,71,71,71,71,71,71,71,71,71,71,71,71,71,71,71,71],"card_choices":[{"not_picked":["Acrobatics","Quick Slash"],"picked":"Leg Sweep","floor":1},{"not_picked":["Prepared","Quick Slash"],"picked":"Blade Dance","floor":3},{"not_picked":["Reflex","Poisoned Stab"],"picked":"Accuracy","floor":4},{"not_picked":["Tactician","PiercingWail"],"picked":"Infinite Blades","floor":5},{"not_picked":["Infinite Blades","Leg Sweep"],"picked":"Dash","floor":6},{"not_picked":["Dagger Throw","Prepared"],"picked":"Bouncing Flask","floor":7},{"not_picked":["Deflect","Calculated Gamble"],"picked":"Envenom","floor":10},{"not_picked":["Blade Dance","Flying Knee"],"picked":"Catalyst","floor":12},{"not_picked":["Accuracy","Deadly Poison"],"picked":"Riddle With Holes","floor":13},{"not_picked":["Sucker Punch","Slice"],"picked":"Acrobatics","floor":14},{"not_picked":["Doppelganger","Grand Finale"],"picked":"After Image","floor":16},{"not_picked":["Bane","Concentrate"],"picked":"PiercingWail","floor":18},{"not_picked":["All Out Attack","Dodge and Roll","Reflex"],"picked":"SKIP","floor":21},{"not_picked":["Underhanded Strike","Tactician"],"picked":"Dagger Throw+1","floor":22},{"not_picked":["Reflex","Dagger Spray"],"picked":"Calculated Gamble","floor":23},{"not_picked":["Deflect","Backstab"],"picked":"Blade Dance","floor":25},{"not_picked":["Flying Knee","Dodge and Roll","Skewer"],"picked":"SKIP","floor":27},{"not_picked":["Underhanded Strike","Bullet Time","Eviscerate"],"picked":"SKIP","floor":28},{"not_picked":["Underhanded Strike","Bullet Time","Eviscerate"],"picked":"SKIP","floor":28},{"not_picked":["Dodge and Roll","Sucker Punch"],"picked":"Cloak And Dagger","floor":29},{"not_picked":["Glass Knife","Grand Finale"],"picked":"Phantasmal Killer","floor":33},{"not_picked":["Deadly Poison","Footwork"],"picked":"Predator+1","floor":35},{"not_picked":["Underhanded Strike","Heel Hook","Infinite Blades"],"picked":"SKIP","floor":37},{"not_picked":["Accuracy+1","Cloak And Dagger"],"picked":"Well Laid Plans+1","floor":41},{"not_picked":["Deadly Poison","Reflex"],"picked":"PiercingWail+1","floor":42},{"not_picked":["Well Laid Plans+1","Endless Agony"],"picked":"Dodge and Roll+1","floor":44},{"not_picked":["Blur","Prepared"],"picked":"Backflip+1","floor":46},{"not_picked":["Choke+1","Dodge and Roll","Dagger Throw"],"picked":"SKIP","floor":48}],"player_experience":1126792,"relics_obtained":[{"floor":6,"key":"Bronze Scales"},{"floor":9,"key":"Pantograph"},{"floor":10,"key":"Meat on the Bone"},{"floor":13,"key":"Happy Flower"},{"floor":23,"key":"Sundial"},{"floor":25,"key":"Blue Candle"},{"floor":27,"key":"Omamori"},{"floor":41,"key":"Centennial Puzzle"},{"floor":44,"key":"HornCleat"}],"event_choices":[{"cards_removed":["Strike_G"],"damage_healed":0,"gold_gain":0,"player_choice":"Purged","damage_taken":0,"max_hp_gain":0,"max_hp_loss":0,"event_name":"Purifier","floor":20,"gold_loss":0},{"damage_healed":0,"gold_gain":0,"player_choice":"Shed Blood","damage_taken":23,"max_hp_gain":5,"max_hp_loss":0,"event_name":"Forgotten Altar","floor":31,"gold_loss":0},{"damage_healed":14,"gold_gain":0,"player_choice":"Writhe","damage_taken":0,"max_hp_gain":0,"max_hp_loss":0,"event_name":"Winding Halls","floor":36,"gold_loss":0,"cards_obtained":["Writhe"]},{"cards_removed":["Strike_G"],"damage_healed":0,"gold_gain":0,"player_choice":"Purged","damage_taken":0,"max_hp_gain":0,"max_hp_loss":0,"event_name":"Purifier","floor":47,"gold_loss":0}],"is_beta":false,"boss_relics":[{"not_picked":["Runic Dome","Astrolabe"],"picked":"Cursed Key"},{"not_picked":["Tiny House","Velvet Choker"],"picked":"WristBlade"}],"items_purged_floors":[2,19,39],"is_endless":false,"potions_floor_spawned":[4,5,10,13,14,21,22,23,29,35,37,42],"killed_by":"Awakened One","ascension_level":20}}