{"host":"xspobo6976yah3h4","time":1614116535,"event":{"mods":["BaseMod","Clockwork Mod","Colored Map","Curses Come First","Downfall","Minty Spire (QoL Compilation)","Random Character Button","StSLib","The Cursed","The Servant 0.9.4"],"gold_per_floor":[99,114,133,233,683,718,718,718,735,753,653,653,653,653],"floor_reached":12,"language":"ENG","playtime":692,"items_purged":[],"score":103,"play_id":"a1570f69-207f-4088-ba06-aedf2d10d513","local_time":"20210223224215","is_ascension_mode":false,"campfire_choices":[{"data":"champ:Taunt","floor":1.0,"key":"SMITH"},{"data":"champ:Backstep","floor":11,"key":"SMITH"}],"circlet_count":0,"master_deck":["champ:Strike","champ:Strike","champ:Strike","champ:Strike","champ:Defend","champ:Defend","champ:Defend","champ:Defend","champ:Execute","champ:Taunt+1","champ:Backstep+1","champ:CrookedStrike","champ:Shatter","downfall:Icky","downfall:Icky","downfall:Icky","champ:Lariat","champ:Taunt+1","champ:PreciseThrust","champ:AdrenalArmor"],"relics":["champ:ChampionCrown","Champion Belt","Sundial","downfall:HeartBlessingBlue"],"acts_visited":["Exordium"],"potions_floor_usage":[12,12],"damage_taken":[{"damage":0.0,"enemies":"2 Louse","floor":2.0,"turns":3.0},{"damage":20.0,"enemies":"Jaw Worm","floor":3.0,"turns":4.0},{"damage":70.0,"enemies":"Jaw Worm","floor":4.0,"turns":6.0},{"damage":33.0,"enemies":"3 Sentries","floor":6.0,"turns":5.0},{"damage":10.0,"enemies":"Small Slimes","floor":9.0,"turns":3.0},{"damage":9,"enemies":"Red Slaver","floor":10,"turns":3},{"damage":30,"enemies":"Gremlin Nob","floor":12,"turns":4}],"seed_played":"-5850648645025024077","potions_obtained":[{"floor":2.0,"key":"PowerPotion"},{"floor":6.0,"key":"bronze:BurnAndBuffPotion"},{"floor":9,"key":"PowerPotion"}],"is_trial":false,"path_per_floor":["R","M","M","?","?","E","T","?","M","M","R","E"],"character_chosen":"THE_CHAMP","items_purchased":[],"campfire_rested":0,"item_purchase_floors":[],"current_hp_per_floor":[99,99,99,39,39,26,26,26,26,17,27,0,0,0],"gold":653,"neow_bonus":"TEN_PERCENT_HP_BONUS","is_daily":false,"chose_seed":false,"campfire_upgraded":2,"win_rate":0.0,"timestamp":1614116535,"path_taken":["R","M","M","?","?","E","T","?","?","M","R","E"],"items_purchased_type":[],"build_version":"2020-12-22","purchased_purges":0,"victory":false,"max_hp_per_floor":[99,99,99,99,99,99,99,99,99,99,109,109,109,109],"card_choices":[{"not_picked":["champ:RapidStrikes","champ:DefensiveShout"],"picked":"champ:Backstep","floor":2.0},{"not_picked":["champ:DeathBlow","champ:Circumvent"],"picked":"champ:CrookedStrike","floor":3.0},{"not_picked":["champ:FlashCut","champ:PreemptiveStrike"],"picked":"champ:Shatter","floor":4.0},{"not_picked":["champ:DeathBlow","champ:GladiatorStyle"],"picked":"champ:Lariat","floor":6.0},{"not_picked":["champ:GutPunch","champ:SkillfulDodge"],"picked":"champ:PreciseThrust","floor":9},{"not_picked":["champ:Shatter","champ:TornadoPunch"],"picked":"champ:AdrenalArmor","floor":10}],"player_experience":767053,"relics_obtained":[{"floor":4.0,"key":"Champion Belt"},{"floor":6.0,"key":"Sundial"}],"event_choices":[],"is_beta":false,"boss_relics":[],"items_purged_floors":[],"is_endless":false,"potions_floor_spawned":[2,6,9],"killed_by":"Gremlin Nob","ascension_level":0}}