{"host":"dsxpg2dh2uupq0t9","time":1614122819,"event":{"mods":["Act Like it!","Aspiration","BaseMod","Better Note","Better Skull","BetterRewards","Colored Powertips","DeckTracker","Halation","Hallownest","Hubris","Minty Spire (QoL Compilation)","Replay The Spire","Shop Mod","Spicy Shops","StSLib"],"gold_per_floor":[116,129,148,148,148,178,248,248,259,259,231,231,231,231],"floor_reached":16,"language":"ENG","playtime":1805,"items_purged":[],"score":103,"play_id":"8eb0d73d-2fee-4a6c-b306-b9c12d433c62","local_time":"20210223182659","is_ascension_mode":true,"campfire_choices":[{"floor":6,"key":"REST"},{"floor":12,"key":"REST"},{"floor":15,"key":"REST"}],"circlet_count":0,"master_deck":["Strike_P","Strike_P","Strike_P","Strike_P","Defend_P","Defend_P","Defend_P","Defend_P","Eruption","Vigilance","Strike_B","Strike_R","Swivel","CrushJoints","Replay:Vibes","Sickly","WheelKick","SandsOfTime"],"relics":["PureWater","hubris:Teleporter","Ring of Misfortune","Replay:Bottled Steam","ReplayTheSpireMod:Ninjato"],"acts_visited":["Exordium"],"potions_floor_usage":[16],"damage_taken":[{"damage":4,"enemies":"Cultist","floor":1,"turns":4},{"damage":0,"enemies":"Jaw Worm","floor":2,"turns":4},{"damage":0,"enemies":"2 Louse","floor":3,"turns":3},{"damage":37,"enemies":"Gremlin Nob","floor":7,"turns":5},{"damage":17,"enemies":"2 Fungi Beasts","floor":11,"turns":3},{"damage":70,"enemies":"Fading Forest","floor":16,"turns":11}],"seed_played":"5145178508058053648","potions_obtained":[{"floor":1,"key":"Strength Potion"},{"floor":3,"key":"Milkshake"},{"floor":11,"key":"Venom Potion"}],"is_trial":false,"path_per_floor":["M","M","M","?","R","E","?","T","M","R","?","R","B"],"character_chosen":"WATCHER","items_purchased":[],"campfire_rested":3,"item_purchase_floors":[],"current_hp_per_floor":[68,68,68,68,72,35,35,35,18,39,39,60,0,0],"gold":231,"neow_bonus":"ONE_RARE_RELIC","is_daily":false,"chose_seed":false,"campfire_upgraded":0,"win_rate":0.0,"timestamp":1614122819,"path_taken":["M","?","M","?","R","E","?","T","M","R","?","R","BOSS"],"items_purchased_type":[],"build_version":"2020-12-22","purchased_purges":0,"victory":false,"max_hp_per_floor":[72,72,72,72,72,72,72,72,72,72,72,72,72,72],"card_choices":[{"not_picked":["Collect","CutThroughFate"],"picked":"Swivel","floor":1},{"not_picked":["CutThroughFate","Replay:ManipulateFuture"],"picked":"CrushJoints","floor":2},{"not_picked":["CrushJoints","MentalFortress"],"picked":"Replay:Vibes","floor":3},{"not_picked":["WindmillStrike","Vault"],"picked":"WheelKick","floor":7},{"not_picked":["MentalFortress","Replay:BluntJabs"],"picked":"SandsOfTime","floor":11}],"player_experience":633695,"relics_obtained":[{"floor":4,"key":"Ring of Misfortune"},{"floor":7,"key":"Replay:Bottled Steam"},{"floor":9,"key":"ReplayTheSpireMod:Ninjato"}],"event_choices":[{"damage_healed":0,"gold_gain":70,"player_choice":"Gained Gold","damage_taken":0,"max_hp_gain":0,"max_hp_loss":0,"event_name":"Golden Wing","floor":8,"gold_loss":0},{"damage_healed":0,"gold_gain":0,"player_choice":"Left Gold","damage_taken":0,"max_hp_gain":0,"max_hp_loss":0,"event_name":"World of Goop","floor":14,"gold_loss":28}],"is_beta":false,"boss_relics":[],"items_purged_floors":[],"is_endless":false,"potions_floor_spawned":[1,3,11],"killed_by":"Fading Forest","ascension_level":1}}