{"host":"8lno9xwgef3sjccz","time":1614119974,"event":{"mods":["AchievementEnabler","BaseMod","Minty Spire (QoL Compilation)","Relic Stats","StSLib"],"gold_per_floor":[113,127,146,162,112,137,153,153,180,211,211,224,253,253,253,253,253],"floor_reached":16,"language":"ENG","playtime":587,"items_purged":[],"score":128,"play_id":"77ab2dcd-2b9d-4764-858d-19622561f60a","local_time":"20210223173934","is_ascension_mode":true,"campfire_choices":[{"data":"Uppercut","floor":8,"key":"SMITH"},{"floor":15,"key":"REST"}],"circlet_count":0,"master_deck":["Strike_R","Strike_R","Strike_R","Defend_R","Defend_R+1","Defend_R","Bash","Rupture+1","Pummel","Anger","Uppercut+1","Impervious","Shrug It Off","Blood for Blood","Flame Barrier","Armaments+1"],"relics":["Burning Blood","Happy Flower","Omamori","Oddly Smooth Stone","Bag of Preparation"],"acts_visited":["Exordium"],"potions_floor_usage":[7,10,13],"damage_taken":[{"damage":0,"enemies":"Small Slimes","floor":1,"turns":3},{"damage":6,"enemies":"Jaw Worm","floor":2,"turns":4},{"damage":1,"enemies":"Cultist","floor":3,"turns":3},{"damage":12,"enemies":"Blue Slaver","floor":4,"turns":2},{"damage":26,"enemies":"Lagavulin","floor":6,"turns":7},{"damage":7,"enemies":"Looter","floor":7,"turns":2},{"damage":22,"enemies":"3 Sentries","floor":10,"turns":7},{"damage":18,"enemies":"3 Louse","floor":12,"turns":3},{"damage":15,"enemies":"Gremlin Nob","floor":13,"turns":4},{"damage":36,"enemies":"Slime Boss","floor":16,"turns":6}],"seed_played":"-8147144553790186863","potions_obtained":[{"floor":2,"key":"BloodPotion"},{"floor":3,"key":"ColorlessPotion"},{"floor":6,"key":"ColorlessPotion"},{"floor":7,"key":"Fruit Juice"},{"floor":13,"key":"SpeedPotion"}],"is_trial":false,"path_per_floor":["M","M","M","M","?","E","M","R","T","E","?","M","E","?","R","B"],"character_chosen":"IRONCLAD","items_purchased":[],"campfire_rested":1,"item_purchase_floors":[],"current_hp_per_floor":[72,72,72,66,66,46,50,50,50,34,19,7,13,13,36,0,0],"gold":253,"neow_bonus":"REMOVE_TWO","is_daily":false,"chose_seed":false,"campfire_upgraded":1,"win_rate":0.0,"timestamp":1614119974,"path_taken":["M","M","M","M","?","E","M","R","T","E","?","M","E","?","R","BOSS"],"items_purchased_type":[],"build_version":"2020-12-22","purchased_purges":0,"victory":false,"max_hp_per_floor":[72,72,72,72,72,72,77,77,77,77,77,77,77,77,77,77,77],"relic_stats":{"Happy Flower":[7],"counters":[10,41],"Bag of Preparation":[2],"obtain_stats":[{"Happy Flower":6,"Oddly Smooth Stone":10,"Omamori":9,"Bag of Preparation":13,"Burning Blood":0},{"Happy Flower":5,"Oddly Smooth Stone":7,"Omamori":6,"Bag of Preparation":9,"Burning Blood":0},{"Happy Flower":19,"Oddly Smooth Stone":28,"Omamori":21,"Bag of Preparation":35,"Burning Blood":0}],"Burning Blood":43},"card_choices":[{"not_picked":["True Grit","Sword Boomerang"],"picked":"Rupture","floor":1},{"not_picked":["Shrug It Off","Sword Boomerang"],"picked":"Pummel","floor":2},{"not_picked":["Heavy Blade","Pummel"],"picked":"Anger","floor":3},{"not_picked":["True Grit","Headbutt"],"picked":"Uppercut","floor":4},{"not_picked":["Sword Boomerang","Intimidate"],"picked":"Impervious","floor":6},{"not_picked":["Flex","Second Wind"],"picked":"Shrug It Off","floor":7},{"not_picked":["Thunderclap","Battle Trance"],"picked":"Blood for Blood","floor":10},{"not_picked":["Headbutt","Thunderclap"],"picked":"Flame Barrier","floor":12},{"not_picked":["Headbutt","Rupture"],"picked":"Armaments","floor":13}],"player_experience":143550,"relics_obtained":[{"floor":6,"key":"Happy Flower"},{"floor":9,"key":"Omamori"},{"floor":10,"key":"Oddly Smooth Stone"},{"floor":13,"key":"Bag of Preparation"}],"event_choices":[{"cards_removed":["Strike_R"],"damage_healed":0,"gold_gain":0,"player_choice":"Card Removal","damage_taken":0,"max_hp_gain":0,"max_hp_loss":0,"event_name":"The Cleric","floor":5,"gold_loss":50},{"damage_healed":0,"gold_gain":0,"player_choice":"Entered Light","damage_taken":15,"max_hp_gain":0,"max_hp_loss":0,"event_name":"Shining Light","floor":11,"gold_loss":0,"cards_upgraded":["Defend_R","Rupture"]},{"damage_healed":0,"gold_gain":0,"player_choice":"Upgraded","damage_taken":0,"max_hp_gain":0,"max_hp_loss":0,"event_name":"Upgrade Shrine","floor":14,"gold_loss":0,"cards_upgraded":["Armaments"]}],"is_beta":false,"boss_relics":[],"items_purged_floors":[],"is_endless":false,"potions_floor_spawned":[2,3,6,7,13],"killed_by":"Slime Boss","ascension_level":1}}