{"host":"7am2it9afgpzdoy6","time":1614078781,"event":{"mods":["2.2 Compatiblity","ATMod(阿瑾Mod)","Act Like it!","Aspiration","BaseMod","Become a monster 百变怪","Colored Powertips","Conspire","Downfall","Friendly Minions","Gensokyo","Hubris","Infinite Spire","Koishi","LagranYue(拉格朗・月)","Lobotomy","LobotomyExtend","Mimic Mod","Minty Spire (QoL Compilation)","Quick Restart","Reimu（博丽灵梦）","Remilia（蕾米莉亚）","Replay The Spire","RumiaBox-露米娅的神秘盒子","Shop Mod","StSLib","The Jungle","Waifu the Spire","Wandering Minibosses","Yuyuko","[IsaacMod]以撒尖塔","【遗物卡牌】REMEMod"],"gold_per_floor":[99,119,131,131,141,158,195,209,240,253,283,283,294,21,40,139,139,139,155,167,184,197,197,234,253,269,69,69,169,194,204,218,314,314,314,364,383,397,15,28,28,28,28,39,71,71,84,94,111,214,214,214,225,125,144,144,44,95,95,114,125,139,168,184,219,239,334,334,334,345,362,382,132,232,258,276,131,131,131,131],"floor_reached":78,"language":"ZHS","playtime":5158,"items_purged":["bronze:Strike","bronze:Defend"],"score":1483,"play_id":"a338a45f-c562-4a94-954c-ab4b00e8681d","local_time":"20210223191301","is_ascension_mode":false,"campfire_choices":[{"data":"bronze:Strike","floor":1,"key":"PURGE"},{"data":"AT_ShrugMaster","floor":12,"key":"SMITH"},{"floor":23,"key":"RECALL"},{"data":"AT_EmpoweredMortalDraw","floor":27,"key":"SMITH"},{"floor":46,"key":"REST"},{"floor":52,"key":"DIG"},{"data":"REME_Flogging","floor":57,"key":"SMITH"}],"circlet_count":0,"master_deck":["bronze:Strike+1","bronze:Strike+1","bronze:Defend+1","bronze:Defend+1","bronze:Goto","AT_ShrugMaster+1","bronze:Mutator","bronze:Branch","bronze:ChildClass","bronze:Repair","bronze:Return","bronze:HyperBeam","bronze:WhirlingStrike","bronze:TinkerersToolbox","bronze:Verify","AT_EmpoweredMortalDraw+1","REME_Flogging+1","bronze:Separator","bronze:Terminator","bronze:Frontload+1","bronze:Optimize","bronze:DonuBeam+1","bronze:DecaBeam","bronze:Repulsor","expansioncontent:QuickStudy","Replay:SS_forest_2","infinitespire:Fortify","GremboGang"],"relics":["bronze:BronzeCore","HushsDoor","AT_ATBox","REME_ComplimentaryCards","BookOfRevelations","LagranYue:RandomDrawCardRelic","wanderingMiniBosses:CarrionFlame","LetterFromLob","downfall:ShatteredFragment","Vajra","D6","Gaze_r","MagicBullet_r","GodSword1","AT_MortalBlade","downfall:HeartBlessingBlue","downfall:HeartBlessingRed","Torii","SoulBox","Slimebound:PreparedRelic","RuthlessExorcism:ReiMu","Medical Kit","Boot","MerchantsRug","Replay:Kaleidoscope","MagicDraw1","AT_GuinsooRageblade","expansioncontent:StudyCardRelic","Replay:WaspNest","downfall:HeartBlessingGreen","Replay:Baseball","RedMistMask","ChewingGum","Girya","hubris:Reverence","champ:Barbells","LaetitiaHeart"],"acts_visited":["Exordium","TheCity","TheBeyond","Exordium","TheCity"],"potions_floor_usage":[11,25,30,33,50,50,70],"damage_taken":[{"damage":3,"enemies":"Jaw Worm","floor":2,"turns":18},{"damage":0,"enemies":"Small Slimes","floor":3,"turns":2},{"damage":0,"enemies":"Cultist","floor":5,"turns":3},{"damage":10,"enemies":"Lots of Slimes","floor":6,"turns":2},{"damage":0,"enemies":"Large Slime","floor":7,"turns":5},{"damage":9,"enemies":"Large Slime","floor":8,"turns":5},{"damage":0,"enemies":"Gremlin Nob","floor":9,"turns":3},{"damage":2,"enemies":"downfall:LooterAlt","floor":10,"turns":2},{"damage":2,"enemies":"3 Sentries","floor":11,"turns":3},{"damage":0,"enemies":"Lots of Slimes","floor":13,"turns":1},{"damage":0,"enemies":"downfall:FleeingMerchant","floor":14,"turns":4},{"damage":0,"enemies":"Large Slime","floor":15,"turns":2},{"damage":0,"enemies":"SI_SHIV_ARCHETYPE","floor":16,"turns":6},{"damage":0,"enemies":"3 Byrds","floor":19,"turns":1},{"damage":2,"enemies":"Chosen","floor":20,"turns":2},{"damage":8,"enemies":"Sentry and Sphere","floor":21,"turns":2},{"damage":0,"enemies":"Snecko","floor":22,"turns":2},{"damage":0,"enemies":"Chosen and Byrds","floor":24,"turns":3},{"damage":0,"enemies":"Chosen and Byrds","floor":25,"turns":2},{"damage":0,"enemies":"Centurion and Healer","floor":26,"turns":1},{"damage":0,"enemies":"Centurion and Healer","floor":29,"turns":3},{"damage":0,"enemies":"Replay:Snechameleon","floor":30,"turns":3},{"damage":8,"enemies":"3 Cultists","floor":31,"turns":1},{"damage":0,"enemies":"Snake Plant","floor":32,"turns":1},{"damage":0,"enemies":"IC_MUSHROOM_ARCHETYPE","floor":33,"turns":3},{"damage":0,"enemies":"Hiden Room Battle","floor":36,"turns":2},{"damage":0,"enemies":"Orb Walker","floor":37,"turns":2},{"damage":0,"enemies":"3 Darklings","floor":38,"turns":2},{"damage":0,"enemies":"downfall:FleeingMerchant","floor":39,"turns":4},{"damage":8,"enemies":"4 Shapes","floor":40,"turns":1},{"damage":59,"enemies":"Spire Growth","floor":44,"turns":4},{"damage":0,"enemies":"Nightmare","floor":45,"turns":4},{"damage":0,"enemies":"Maw","floor":47,"turns":3},{"damage":0,"enemies":"4 Shapes","floor":48,"turns":2},{"damage":0,"enemies":"Transient","floor":49,"turns":5},{"damage":0,"enemies":"WA_ARCHETYPE_DIVINITY","floor":50,"turns":7},{"damage":8,"enemies":"Cultist","floor":53,"turns":2},{"damage":0,"enemies":"2 Louse","floor":55,"turns":1},{"damage":0,"enemies":"Jaw Worm","floor":60,"turns":1},{"damage":0,"enemies":"downfall:LooterAlt","floor":61,"turns":1},{"damage":0,"enemies":"Blue Slaver","floor":62,"turns":1},{"damage":0,"enemies":"Lagavulin","floor":63,"turns":3},{"damage":0,"enemies":"2 Fungi Beasts","floor":64,"turns":1},{"damage":8,"enemies":"Nightmare","floor":65,"turns":5},{"damage":0,"enemies":"Exordium Wildlife","floor":66,"turns":1},{"damage":0,"enemies":"Fading Forest","floor":67,"turns":11},{"damage":0,"enemies":"3 Byrds","floor":70,"turns":1},{"damage":0,"enemies":"downfall:LooterAlt2","floor":71,"turns":2},{"damage":14,"enemies":"Centurion and Healer","floor":72,"turns":2},{"damage":0,"enemies":"DF_ARCHETYPE_STREAMLINE","floor":74,"turns":3},{"damage":15,"enemies":"Book of Stabbing","floor":75,"turns":3},{"damage":0,"enemies":"Snecko","floor":76,"turns":2},{"damage":0,"enemies":"Gremlin Leader","floor":78,"turns":1},{"damage":0,"enemies":"Gremlin Leader","floor":78,"turns":1}],"seed_played":"9162207640562567286","potions_obtained":[{"floor":5,"key":"BlessingOfTheForge"},{"floor":8,"key":"SpeedPotion"},{"floor":9,"key":"Block Potion"},{"floor":10,"key":"Strength Potion"},{"floor":13,"key":"ZuzhouPotion:ReiMu"},{"floor":25,"key":"PowerPotion"},{"floor":30,"key":"REME_GoldPotion"},{"floor":31,"key":"DistilledChaos"},{"floor":45,"key":"LiquidMemories"},{"floor":47,"key":"Strength Potion"},{"floor":50,"key":"bronze:CleanCodePotion"},{"floor":55,"key":"bronze:FreeFunctionsPotion"},{"floor":71,"key":"GrandPatriotsElixir:ReiMu"}],"is_trial":false,"path_per_floor":["R","M","M","?","M","M","MIM","M","E","M","?","R","M","$","M","B",null,"R","M","M","M","M","R","MIM","M","M","R","?","?","E","M","M","B",null,"R","?","M","M","$","M","T","?","?","M","NM","R","M","M","M","B",null,"R","M","$","M","?","R","T","?","M","M","M","E","M","NM","M","B",null,"R","M","M","M","?","?","E","M","$","E"],"character_chosen":"THE_AUTOMATON","items_purchased":["GodSword1","REME_Flogging","Medical Kit","Boot","expansioncontent:QuickStudy","MerchantsRug","Replay:Kaleidoscope","champ:Barbells"],"campfire_rested":1,"item_purchase_floors":[14,17,39,39,39,39,39,77],"current_hp_per_floor":[77,74,74,53,53,43,50,48,55,53,58,58,58,65,65,72,73,73,73,71,63,63,63,70,70,70,80,80,80,80,72,72,72,83,83,83,83,83,83,75,75,75,75,23,33,57,67,67,74,74,83,83,83,83,83,83,83,83,83,83,83,83,83,83,82,82,82,83,83,83,83,69,69,69,54,54,54,0,0,0],"gold":131,"neow_bonus":"TEN_PERCENT_HP_BONUS","is_daily":false,"chose_seed":false,"campfire_upgraded":3,"win_rate":0.0,"timestamp":1614078781,"path_taken":["R","M","M","?","M","?","MIM","M","E","M","?","R","M","$","M","BOSS","R","M","M","M","?","R","MIM","M","M","R","?","?","E","M","M","BOSS","R","?","M","?","$","M","T","?","?","M","NM","R","M","M","M","BOSS","R","M","$","M","?","R","T","?","M","?","M","E","M","NM","M","BOSS","R","M","M","M","?","?","E","M","$","E"],"items_purchased_type":["Relic","Card","Relic","Relic","Card","Relic","Relic","Relic"],"build_version":"2020-12-22","purchased_purges":2,"victory":false,"max_hp_per_floor":[77,77,77,77,77,77,77,77,77,77,77,77,77,77,77,77,73,73,73,73,73,73,73,73,73,73,83,83,83,83,83,83,83,83,83,83,83,83,83,83,83,83,83,83,83,83,83,83,83,83,83,83,83,83,83,83,83,83,83,83,83,83,83,83,83,83,83,83,83,83,83,83,83,83,83,83,83,83,83,83],"card_choices":[{"not_picked":["bronze:Invalidate","bronze:ForLoop"],"picked":"bronze:Branch","floor":2},{"not_picked":["bronze:MaxOutput","bronze:Overload"],"picked":"bronze:ChildClass","floor":3},{"not_picked":["bronze:BuggyMess","bronze:BugBarrage","bronze:Turbo"],"picked":"SKIP","floor":5},{"not_picked":["bronze:DelayedGuard","bronze:FollowUp"],"picked":"bronze:Repair","floor":6},{"not_picked":["bronze:ForceShield","bronze:Backtrace"],"picked":"bronze:Return","floor":7},{"not_picked":["bronze:ItsAFeature","bronze:DelayedGuard"],"picked":"bronze:HyperBeam","floor":8},{"not_picked":["bronze:ClassDefault","bronze:DelayedSlice"],"picked":"bronze:WhirlingStrike","floor":9},{"not_picked":["bronze:Deprecate","bronze:Frontload"],"picked":"Bomb","floor":10},{"not_picked":["bronze:WhirlingStrike","bronze:BronzeArmor","bronze:Backtrace"],"picked":"SKIP","floor":13},{"not_picked":["bronze:Return","bronze:Shell"],"picked":"bronze:TinkerersToolbox","floor":14},{"not_picked":["bronze:Shell","bronze:Refactor","bronze:Fortify"],"picked":"SKIP","floor":15},{"not_picked":["bronze:HyperBeam","bronze:Virus"],"picked":"bronze:Verify","floor":16},{"not_picked":["bronze:Iterate","bronze:ForLoop","bronze:Frontload"],"picked":"SKIP","floor":19},{"not_picked":["bronze:Backtrace","bronze:Repair"],"picked":"bronze:Separator","floor":20},{"not_picked":["bronze:FollowUp","bronze:BugBarrage","bronze:WhirlingStrike"],"picked":"SKIP","floor":21},{"not_picked":["bronze:DelayedGuard","bronze:FineTuning","bronze:BugBarrage+1"],"picked":"SKIP","floor":22},{"not_picked":["bronze:ForLoop","bronze:Shield+1"],"picked":"bronze:Terminator","floor":24},{"not_picked":["bronze:Shield+1","bronze:BuggyMess+1"],"picked":"bronze:Frontload+1","floor":25},{"not_picked":["bronze:CutThrough+1","bronze:ForLoop","bronze:Allocate+1"],"picked":"SKIP","floor":26},{"not_picked":[],"picked":"bronze:DonuBeam","floor":29},{"not_picked":[],"picked":"bronze:DecaBeam","floor":29},{"not_picked":["bronze:Philosophize","bronze:Flail"],"picked":"bronze:Hardcode","floor":30},{"not_picked":["bronze:Turbo","bronze:Frontload","bronze:InfiniteBeams+1"],"picked":"SKIP","floor":31},{"not_picked":["bronze:Overheat","bronze:WildBeam","bronze:BitShift"],"picked":"SKIP","floor":32},{"not_picked":["bronze:Frontload+1","bronze:Philosophize+1","bronze:ChildClass+1"],"picked":"SKIP","floor":37},{"not_picked":["bronze:InfiniteBeams","bronze:Turbo+1","bronze:Flail+1"],"picked":"SKIP","floor":38},{"not_picked":["bronze:Deprecate","bronze:Mutator","bronze:Branch"],"picked":"SKIP","floor":39},{"not_picked":["bronze:Separator","bronze:Deprecate+1","bronze:OilSpill+1"],"picked":"SKIP","floor":40},{"not_picked":["expansioncontent:InvincibleStrength","expansioncontent:LastStand"],"picked":"Replay:SS_forest_2","floor":43},{"not_picked":["bronze:BitShift+1","bronze:InfiniteLoop","bronze:Overheat+1"],"picked":"SKIP","floor":44},{"not_picked":["infinitespire:Punishment","infinitespire:Oblivion"],"picked":"infinitespire:Fortify","floor":45},{"not_picked":["bronze:Overheat","bronze:BugBarrage+1","bronze:Shield+1"],"picked":"SKIP","floor":45},{"not_picked":["bronze:Repair","bronze:ForceShield","bronze:OilSpill+1"],"picked":"SKIP","floor":47},{"not_picked":["bronze:ForLoop+1","bronze:ForceShield+1","bronze:Iterate"],"picked":"SKIP","floor":48},{"not_picked":["bronze:Allocate","bronze:WildBeam+1","bronze:CutThrough+1"],"picked":"SKIP","floor":49},{"not_picked":["bronze:Safeguard","bronze:Frontload","bronze:CutThrough"],"picked":"SKIP","floor":53},{"not_picked":["bronze:Deprecate","bronze:DigitalCarnage","bronze:Refactor"],"picked":"SKIP","floor":55},{"not_picked":["bronze:Overload","bronze:Refactor","bronze:WildBeam"],"picked":"SKIP","floor":60},{"not_picked":["bronze:Terminator","bronze:ForceShield","bronze:Return"],"picked":"SKIP","floor":61},{"not_picked":["bronze:ClassDefault","bronze:FineTuning","bronze:DelayedGuard"],"picked":"SKIP","floor":62},{"not_picked":["bronze:Deprecate","bronze:Frontload","bronze:DigitalCarnage"],"picked":"SKIP","floor":63},{"not_picked":["bronze:Repulsor","bronze:Terminator","bronze:ForceShield"],"picked":"SKIP","floor":64},{"not_picked":["bronze:RecursiveStrike","bronze:HardenedForm","bronze:Shield"],"picked":"SKIP","floor":65},{"not_picked":["bronze:RecursiveStrike","bronze:HardenedForm","bronze:Shield"],"picked":"SKIP","floor":65},{"not_picked":["bronze:BuggyMess","bronze:DarkDash","bronze:Backtrace"],"picked":"SKIP","floor":66},{"not_picked":["bronze:DelayedGuard+1","bronze:Constructor+1","bronze:Turbo+1"],"picked":"SKIP","floor":70},{"not_picked":["bronze:BitShift","bronze:ForLoop","bronze:Shield+1"],"picked":"SKIP","floor":71},{"not_picked":["bronze:Allocate","bronze:CutThrough","bronze:OilSpill"],"picked":"SKIP","floor":72},{"not_picked":["bronze:Branch","bronze:Repair","bronze:OilSpill"],"picked":"SKIP","floor":75},{"not_picked":["bronze:Turbo","bronze:Repair","bronze:Shell"],"picked":"SKIP","floor":76}],"player_experience":237699,"relics_obtained":[{"floor":2,"key":"wanderingMiniBosses:CarrionFlame"},{"floor":2,"key":"LetterFromLob"},{"floor":7,"key":"Vajra"},{"floor":9,"key":"D6"},{"floor":30,"key":"Torii"},{"floor":36,"key":"Slimebound:PreparedRelic"},{"floor":36,"key":"RuthlessExorcism:ReiMu"},{"floor":41,"key":"MagicDraw1"},{"floor":45,"key":"AT_GuinsooRageblade"},{"floor":52,"key":"Replay:WaspNest"},{"floor":58,"key":"Replay:Baseball"},{"floor":60,"key":"RedMistMask"},{"floor":74,"key":"Girya"},{"floor":74,"key":"hubris:Reverence"}],"event_choices":[{"damage_healed":0,"gold_gain":0,"player_choice":"Ignored","damage_taken":0,"max_hp_gain":0,"max_hp_loss":0,"event_name":"Vampires","floor":18,"gold_loss":0},{"damage_healed":0,"gold_gain":0,"player_choice":"Read","damage_taken":0,"max_hp_gain":0,"max_hp_loss":0,"event_name":"The Library","floor":28,"gold_loss":0,"cards_obtained":["bronze:Optimize"]},{"damage_healed":0,"gold_gain":0,"player_choice":"Fight","damage_taken":0,"max_hp_gain":0,"max_hp_loss":0,"event_name":"HidenRoomEvent","floor":36,"gold_loss":0},{"damage_healed":0,"gold_gain":0,"player_choice":"Got Potions","damage_taken":0,"max_hp_gain":0,"max_hp_loss":0,"event_name":"Lab","floor":59,"gold_loss":0}],"is_beta":false,"boss_relics":[{"not_picked":["hubris:Stopwatch","aspiration:SecretTechniqueScroll"],"picked":"AT_MortalBlade"},{"not_picked":[]},{"not_picked":["sneckomod:SneckoTalon","aspiration:FutureDiary"],"picked":"SoulBox"},{"not_picked":[]},{"not_picked":["infinitespire:Cupcake","aspiration:RunicSpoon"],"picked":"expansioncontent:StudyCardRelic"},{"not_picked":[]},{"not_picked":["aspiration:RunicSpoon","hubris:Stopwatch"],"picked":"ChewingGum"},{"not_picked":[]}],"items_purged_floors":[39,54],"is_endless":true,"potions_floor_spawned":[5,8,9,10,13,15,25,26,30,31,32,45,47,49,50,55,60,64,65,71,74,75,78],"killed_by":"Gremlin Leader","ascension_level":0}}