{"host":"xsuxkwaivmtd234a","time":1614110879,"event":{"mods":["BaseMod","Bestiary","Colored Map","Minty Spire (QoL Compilation)","Relic Stats","StSLib"],"gold_per_floor":[112,128,144,144,144,178,30,70,93,93,170,189,207,242,242,362,362,386,0,19,19,32,60,60,60,60,79,79,79],"floor_reached":28,"language":"ENG","playtime":1095,"items_purged":["Injury","Strike_R"],"score":412,"play_id":"7365a378-7d01-4656-808b-c37ae731dfe5","local_time":"20210223150759","is_ascension_mode":true,"campfire_choices":[{"data":"Uppercut","floor":10,"key":"SMITH"},{"data":"Demon Form","floor":15,"key":"SMITH"},{"floor":24,"key":"REST"}],"circlet_count":0,"master_deck":["AscendersBane","Strike_R","Defend_R","Defend_R","Defend_R+1","Defend_R+1","Bash","Spot Weakness","Twin Strike","Thunderclap","Demon Form+1","Uppercut+1","Twin Strike+1","Uppercut+1","Feel No Pain","Barricade","Juggernaut+1","Power Through+1","Armaments+1","Metallicize","Body Slam+1","Limit Break","Seeing Red","Panacea","Shrug It Off","Ghostly Armor","Feel No Pain+1"],"relics":["Burning Blood","War Paint","Strawberry","Bloody Idol","Blood Vial","Smiling Mask","Toy Ornithopter","Molten Egg 2","Mango","Astrolabe","Tiny Chest","Orichalcum"],"acts_visited":["Exordium","TheCity"],"potions_floor_usage":[6,13,16,18,23,23,23,28],"damage_taken":[{"damage":12,"enemies":"Jaw Worm","floor":1,"turns":3},{"damage":10,"enemies":"Small Slimes","floor":2,"turns":5},{"damage":6,"enemies":"Cultist","floor":3,"turns":4},{"damage":19,"enemies":"Lagavulin","floor":6,"turns":7},{"damage":21,"enemies":"Gremlin Nob","floor":8,"turns":4},{"damage":6,"enemies":"3 Louse","floor":12,"turns":3},{"damage":4,"enemies":"Large Slime","floor":13,"turns":3},{"damage":7,"enemies":"Lagavulin","floor":14,"turns":5},{"damage":32,"enemies":"Hexaghost","floor":16,"turns":7},{"damage":10,"enemies":"Shell Parasite","floor":18,"turns":6},{"damage":21,"enemies":"Spheric Guardian","floor":20,"turns":4},{"damage":30,"enemies":"Snecko","floor":22,"turns":6},{"damage":44,"enemies":"Slavers","floor":23,"turns":6},{"damage":33,"enemies":"Snake Plant","floor":27,"turns":7},{"damage":107,"enemies":"Gremlin Leader","floor":28,"turns":5}],"seed_played":"-4909474801087332118","potions_obtained":[{"floor":1,"key":"Strength Potion"},{"floor":2,"key":"Fruit Juice"},{"floor":3,"key":"Energy Potion"},{"floor":13,"key":"Block Potion"},{"floor":16,"key":"ColorlessPotion"},{"floor":22,"key":"SkillPotion"},{"floor":23,"key":"Regen Potion"}],"is_trial":false,"path_per_floor":["M","M","M","?","?","E","$","E","T","R","T","M","M","E","R","B",null,"M","$","M","?","M","E","R","?","T","M","E"],"character_chosen":"IRONCLAD","items_purchased":["Uppercut","Body Slam+1","Limit Break","Seeing Red","Panacea","Fire Potion"],"campfire_rested":1,"item_purchase_floors":[7,19,19,19,19,19],"current_hp_per_floor":[66,62,62,62,62,49,49,36,36,36,36,38,47,62,62,43,87,90,90,77,77,60,49,80,106,106,84,0,0],"gold":79,"neow_bonus":"RANDOM_COMMON_RELIC","is_daily":false,"chose_seed":false,"campfire_upgraded":2,"win_rate":0.0,"timestamp":1614110879,"path_taken":["M","M","M","?","?","E","?","E","T","R","?","M","M","E","R","BOSS","M","?","M","?","M","E","R","?","T","M","E"],"items_purchased_type":["Card","Card","Card","Card","Card","Potion"],"build_version":"2020-12-22","purchased_purges":2,"victory":false,"max_hp_per_floor":[80,80,80,87,87,87,87,87,87,87,87,87,87,101,101,101,101,101,101,101,101,101,106,106,106,106,106,106,106],"relic_stats":{"Blood Vial":20,"counters":[15,75],"Bloody Idol":15,"Astrolabe":["Juggernaut","Power Through","Armaments"],"Tiny Chest":0,"War Paint":["Defend_R","Defend_R"],"Orichalcum":[24],"Smiling Mask":50,"obtain_stats":[{"Golden Idol":5,"Astrolabe":17,"Mango":14,"War Paint":0,"Orichalcum":26,"Smiling Mask":8,"Burning Blood":0,"Blood Vial":6,"Strawberry":4,"Bloody Idol":21,"Molten Egg 2":11,"Tiny Chest":23,"Toy Ornithopter":9},{"Golden Idol":3,"Astrolabe":9,"Mango":8,"War Paint":0,"Orichalcum":13,"Smiling Mask":5,"Burning Blood":0,"Blood Vial":4,"Strawberry":3,"Bloody Idol":11,"Molten Egg 2":5,"Tiny Chest":13,"Toy Ornithopter":5},{"Golden Idol":12,"Astrolabe":41,"Mango":34,"War Paint":0,"Orichalcum":63,"Smiling Mask":23,"Burning Blood":0,"Blood Vial":19,"Strawberry":12,"Bloody Idol":51,"Molten Egg 2":23,"Tiny Chest":63,"Toy Ornithopter":23}],"Burning Blood":84,"Toy Ornithopter":35},"card_choices":[{"not_picked":["Pommel Strike","Iron Wave"],"picked":"Spot Weakness","floor":1},{"not_picked":["True Grit","Bloodletting"],"picked":"Twin Strike","floor":2},{"not_picked":["Flex","Havoc"],"picked":"Thunderclap","floor":3},{"not_picked":["Thunderclap","Pommel Strike"],"picked":"Demon Form","floor":6},{"not_picked":["Inflame","Searing Blow","Armaments"],"picked":"SKIP","floor":8},{"not_picked":["Infernal Blade","Body Slam+1"],"picked":"Twin Strike+1","floor":12},{"not_picked":["Havoc","Wild Strike+1"],"picked":"Uppercut+1","floor":13},{"not_picked":["Immolate+1","Pommel Strike+1"],"picked":"Feel No Pain","floor":14},{"not_picked":["Bludgeon+1","Immolate+1"],"picked":"Barricade","floor":16},{"not_picked":["Rampage+1","Intimidate+1"],"picked":"Metallicize","floor":18},{"not_picked":["Spot Weakness","Perfected Strike+1","Combust"],"picked":"SKIP","floor":20},{"not_picked":["Pommel Strike+1","Rage"],"picked":"Shrug It Off","floor":22},{"not_picked":["Sever Soul+1","Whirlwind+1"],"picked":"Ghostly Armor","floor":23},{"not_picked":["Pommel Strike+1","Clash+1"],"picked":"Feel No Pain+1","floor":27}],"player_experience":1355379,"relics_obtained":[{"floor":6,"key":"Blood Vial"},{"floor":8,"key":"Smiling Mask"},{"floor":9,"key":"Toy Ornithopter"},{"floor":11,"key":"Molten Egg 2"},{"floor":14,"key":"Mango"},{"floor":23,"key":"Tiny Chest"},{"floor":26,"key":"Orichalcum"}],"event_choices":[{"damage_healed":0,"gold_gain":0,"player_choice":"Success","damage_taken":7,"relics_obtained":["Strawberry"],"max_hp_gain":0,"max_hp_loss":0,"event_name":"Scrap Ooze","floor":4,"gold_loss":0},{"damage_healed":0,"gold_gain":0,"player_choice":"Take Wound","damage_taken":0,"relics_obtained":["Golden Idol"],"max_hp_gain":0,"max_hp_loss":0,"event_name":"Golden Idol","floor":5,"gold_loss":0,"cards_obtained":["Injury"]},{"damage_healed":0,"gold_gain":0,"player_choice":"Gave Idol","damage_taken":0,"relics_obtained":["Bloody Idol"],"max_hp_gain":0,"max_hp_loss":0,"event_name":"Forgotten Altar","floor":21,"relics_lost":["Golden Idol"],"gold_loss":0},{"damage_healed":26,"gold_gain":0,"player_choice":"Full Heal","damage_taken":0,"max_hp_gain":0,"max_hp_loss":0,"event_name":"Wheel of Change","floor":25,"gold_loss":0}],"is_beta":false,"boss_relics":[{"not_picked":["SacredBark","Empty Cage"],"picked":"Astrolabe"}],"items_purged_floors":[7,19],"is_endless":false,"potions_floor_spawned":[1,2,3,13,16,22,23],"killed_by":"Gremlin Leader","ascension_level":10}}