{"host":"ufl0k2so27eic2iy","time":1614082086,"event":{"mods":["100% Spire Juice","BaseMod","ChefMod","Curses Come First","Downfall","Minty Spire (QoL Compilation)","Replay The Spire","StSLib","The Animator","The Cursed","The Marked"],"gold_per_floor":[127,127,127,146,171,171,171],"floor_reached":6,"language":"ENG","playtime":245,"items_purged":[],"score":63,"play_id":"f8b934ba-cf5e-4227-a848-397c89756baf","local_time":"20210223120806","is_ascension_mode":true,"campfire_choices":[],"circlet_count":0,"master_deck":["AscendersBane","animator:Strike_TenSura","animator:Defend_TenSura","animator:Strike","animator:Strike","animator:Strike","animator:Defend","animator:Defend","animator:Defend+1","animator:Benimaru","animator:Shuna","animator:Kaijin","animator:Millim","animator:Tyuule"],"relics":["animator:LivingPicture","animator:TheMissingPiece","Ice Cream","Golden Idol"],"acts_visited":["Exordium"],"potions_floor_usage":[],"damage_taken":[{"damage":0,"enemies":"Jaw Worm","floor":1,"turns":4},{"damage":0,"enemies":"Small Slimes","floor":4,"turns":4},{"damage":0,"enemies":"2 Louse","floor":5,"turns":4},{"damage":23,"enemies":"Gremlin Nob","floor":6,"turns":4}],"seed_played":"-8245317982848732296","potions_obtained":[{"floor":1,"key":"PowerPotion"},{"floor":4,"key":"SteroidPotion"}],"is_trial":false,"path_per_floor":["M","?","?","M","M","E"],"character_chosen":"THE_ANIMATOR","items_purchased":[],"campfire_rested":0,"item_purchase_floors":[],"current_hp_per_floor":[60,34,34,35,35,12,12],"gold":171,"neow_bonus":"TEN_PERCENT_HP_BONUS","is_daily":false,"chose_seed":true,"campfire_upgraded":0,"win_rate":0.0,"timestamp":1614082086,"path_taken":["M","?","?","M","M","E"],"items_purchased_type":[],"build_version":"2020-12-22","purchased_purges":0,"victory":false,"max_hp_per_floor":[66,66,60,61,61,61,61],"card_choices":[{"not_picked":["animator:Rider","animator:ShinjiMatou"],"picked":"animator:Kaijin","floor":1},{"not_picked":["animator:Cocytus","animator:Rider"],"picked":"animator:Millim","floor":4},{"not_picked":["animator:GazelDwargon","animator:ZankiKiguchi"],"picked":"animator:Tyuule","floor":5}],"player_experience":2847751,"relics_obtained":[],"event_choices":[{"damage_healed":0,"gold_gain":0,"player_choice":"Success","damage_taken":26,"relics_obtained":["Ice Cream"],"max_hp_gain":0,"max_hp_loss":0,"event_name":"Scrap Ooze","floor":2,"gold_loss":0},{"damage_healed":0,"gold_gain":0,"player_choice":"Lose Max HP","damage_taken":0,"relics_obtained":["Golden Idol"],"max_hp_gain":0,"max_hp_loss":6,"event_name":"Golden Idol","floor":3,"gold_loss":0}],"is_beta":false,"boss_relics":[],"items_purged_floors":[],"is_endless":false,"potions_floor_spawned":[1,4],"killed_by":"Gremlin Nob","ascension_level":15}}