{"host":"f8toxsj3bk02pkeu","time":1614096560,"event":{"mods":["BaseMod","Minty Spire (QoL Compilation)","Permanent Neow","Quick Restart","StSLib","SuperFastMode"],"gold_per_floor":[113,126,12,162,162,162,162,162,185,212,212,240,251,269,269,347,347,363,363,21,40,40,73,16,16,16],"floor_reached":25,"language":"ENG","playtime":692,"items_purged":["Strike_G"],"score":504,"play_id":"c6172b3e-f951-4e05-8067-e8f2524975ee","local_time":"20210223090920","is_ascension_mode":true,"campfire_choices":[{"data":"Footwork","floor":6,"key":"SMITH"},{"data":"Blade Dance","floor":8,"key":"SMITH"},{"data":"Caltrops","floor":11,"key":"SMITH"},{"data":"Footwork","floor":15,"key":"SMITH"}],"circlet_count":0,"master_deck":["AscendersBane","Strike_G","Strike_G","Strike_G","Strike_G","Defend_G","Defend_G","Defend_G","Defend_G","Defend_G","Survivor","Neutralize+1","Blade Dance+1","Footwork+1","Caltrops+1","Footwork+1","Dodge and Roll","Adrenaline"],"relics":["Ring of the Snake","NeowsBlessing","Strawberry","Gambling Chip","Potion Belt","Busted Crown","Centennial Puzzle","Blood Vial","HandDrill","Happy Flower"],"acts_visited":["TheCity"],"potions_floor_usage":[16,21,21,23,25],"damage_taken":[{"damage":0,"enemies":"2 Louse","floor":1,"turns":1},{"damage":0,"enemies":"Small Slimes","floor":2,"turns":1},{"damage":0,"enemies":"Gremlin Nob","floor":10,"turns":1},{"damage":18,"enemies":"3 Sentries","floor":12,"turns":9},{"damage":0,"enemies":"Cultist","floor":13,"turns":4},{"damage":3,"enemies":"Exordium Thugs","floor":14,"turns":5},{"damage":28,"enemies":"Hexaghost","floor":16,"turns":14},{"damage":4,"enemies":"Spheric Guardian","floor":18,"turns":6},{"damage":9,"enemies":"2 Thieves","floor":21,"turns":4},{"damage":3,"enemies":"Book of Stabbing","floor":23,"turns":6},{"damage":60,"enemies":"Gremlin Leader","floor":25,"turns":13}],"seed_played":"-7824285613413976479","potions_obtained":[{"floor":2,"key":"PowerPotion"},{"floor":12,"key":"Block Potion"},{"floor":13,"key":"AttackPotion"},{"floor":14,"key":"Fire Potion"},{"floor":18,"key":"Explosive Potion"},{"floor":22,"key":"Energy Potion"},{"floor":22,"key":"EssenceOfSteel"}],"is_trial":false,"path_per_floor":["M","M","$","?","?","R","?","R","T","E","R","E","M","M","R","B",null,"M","?","$","M","?","E","$","E"],"character_chosen":"THE_SILENT","items_purchased":["Footwork","Blood Vial","HandDrill","Dexterity Potion"],"campfire_rested":0,"item_purchase_floors":[3,20,20,24],"current_hp_per_floor":[59,59,59,59,59,59,59,59,66,66,66,48,48,45,45,17,59,55,55,55,48,48,47,47,0,0],"gold":16,"neow_bonus":"THREE_ENEMY_KILL","is_daily":false,"chose_seed":false,"campfire_upgraded":4,"win_rate":0.0,"timestamp":1614096560,"path_taken":["M","M","$","?","?","R","?","R","T","E","R","E","?","M","R","BOSS","M","?","?","M","?","E","$","E"],"items_purchased_type":["Card","Relic","Relic","Potion"],"build_version":"2020-12-22","purchased_purges":1,"victory":false,"max_hp_per_floor":[66,66,66,66,66,66,66,66,73,73,73,73,73,73,73,73,73,73,73,73,73,73,73,73,73,73],"card_choices":[{"not_picked":["Finisher","Prepared"],"picked":"Blade Dance","floor":1},{"not_picked":["Dagger Throw","Sucker Punch","Underhanded Strike"],"picked":"SKIP","floor":2},{"not_picked":["Setup","Dagger Spray"],"picked":"Caltrops","floor":10},{"not_picked":["Slice","Bane","Doppelganger"],"picked":"SKIP","floor":12},{"not_picked":["Dagger Spray","Expertise"],"picked":"Footwork","floor":13},{"not_picked":["Quick Slash","Bane"],"picked":"Dodge and Roll","floor":14},{"not_picked":["Night Terror","Doppelganger"],"picked":"Adrenaline","floor":16},{"not_picked":["Quick Slash"],"picked":"SKIP","floor":18},{"not_picked":["Terror"],"picked":"SKIP","floor":21},{"not_picked":["Poisoned Stab"],"picked":"SKIP","floor":23}],"player_experience":699978,"relics_obtained":[{"floor":9,"key":"Strawberry"},{"floor":10,"key":"Gambling Chip"},{"floor":12,"key":"Potion Belt"},{"floor":23,"key":"Happy Flower"}],"event_choices":[{"damage_healed":0,"gold_gain":150,"player_choice":"AGREE","damage_taken":0,"max_hp_gain":0,"max_hp_loss":0,"event_name":"Liars Game","floor":4,"gold_loss":0,"cards_obtained":["Doubt"]},{"cards_removed":["Doubt"],"damage_healed":0,"gold_gain":0,"player_choice":"Forget","damage_taken":0,"max_hp_gain":0,"max_hp_loss":0,"event_name":"Living Wall","floor":5,"gold_loss":0},{"damage_healed":0,"gold_gain":0,"player_choice":"Upgraded","damage_taken":0,"max_hp_gain":0,"max_hp_loss":0,"event_name":"Upgrade Shrine","floor":7,"gold_loss":0,"cards_upgraded":["Neutralize"]},{"damage_healed":0,"gold_gain":0,"player_choice":"Gave Potion","damage_taken":0,"relics_obtained":["Centennial Puzzle"],"max_hp_gain":0,"max_hp_loss":0,"event_name":"WeMeetAgain","floor":19,"gold_loss":0},{"damage_healed":0,"gold_gain":0,"player_choice":"Got Potions","damage_taken":0,"max_hp_gain":0,"max_hp_loss":0,"event_name":"Lab","floor":22,"gold_loss":0}],"is_beta":false,"boss_relics":[{"not_picked":["Black Star","Tiny House"],"picked":"Busted Crown"}],"items_purged_floors":[3],"is_endless":false,"potions_floor_spawned":[2,12,13,14,18],"killed_by":"Gremlin Leader","ascension_level":20}}