{"host":"nx6k9gttpbkpebht","time":1614114824,"event":{"mods":["BaseMod","Colored Map","Colored Powertips","DeckTracker","Downfall","Googly Eyes","Minty Spire (QoL Compilation)","StSLib"],"gold_per_floor":[113,113,126,138,40,40,60,80,80,111,138,138,138,138],"floor_reached":13,"language":"ENG","playtime":727,"items_purged":["Strike_B"],"score":85,"play_id":"bd79b286-cb81-4211-81d8-bbaf0f8bb1c2","local_time":"20210223221344","is_ascension_mode":false,"campfire_choices":[{"data":"Zap","floor":6,"key":"SMITH"},{"data":"Redo","floor":12,"key":"SMITH"}],"circlet_count":0,"master_deck":["Strike_B","Strike_B","Strike_B","Defend_B","Defend_B","Defend_B","Defend_B","Zap+1","Dualcast","Redo","Lockon","Coolheaded","Conserve Battery","Redo+1","Conserve Battery"],"relics":["Cracked Core","Molten Egg 2","Darkstone Periapt","Potion Belt"],"acts_visited":["Exordium"],"potions_floor_usage":[10],"damage_taken":[{"damage":2,"enemies":"2 Louse","floor":1,"turns":2},{"damage":0,"enemies":"Cultist","floor":3,"turns":3},{"damage":6,"enemies":"Jaw Worm","floor":4,"turns":3},{"damage":20,"enemies":"Gremlin Gang","floor":7,"turns":6},{"damage":0,"enemies":"Large Slime","floor":8,"turns":5},{"damage":10,"enemies":"Lagavulin","floor":10,"turns":6},{"damage":61,"enemies":"Gremlin Nob","floor":13,"turns":4}],"seed_played":"7242743217996465894","potions_obtained":[{"floor":3,"key":"EssenceOfSteel"},{"floor":7,"key":"Slimebound:ThreeZeroPotion"},{"floor":8,"key":"sneckomod:MuddlingPotion"}],"is_trial":false,"path_per_floor":["M","?","M","M","$","R","M","M","T","E","T","R","E"],"character_chosen":"DEFECT","items_purchased":["Conserve Battery"],"campfire_rested":0,"item_purchase_floors":[5],"current_hp_per_floor":[80,80,80,74,74,74,54,54,54,44,44,44,0,0],"gold":138,"neow_bonus":"TEN_PERCENT_HP_BONUS","is_daily":false,"chose_seed":false,"campfire_upgraded":2,"win_rate":0.0,"timestamp":1614114824,"path_taken":["M","?","?","M","$","R","M","M","T","E","?","R","E"],"items_purchased_type":["Card"],"build_version":"2020-12-22","purchased_purges":1,"victory":false,"max_hp_per_floor":[82,82,82,82,82,82,82,82,82,82,82,82,82,82],"card_choices":[{"not_picked":["Compile Driver","White Noise"],"picked":"Redo","floor":1},{"not_picked":["Chill","Barrage"],"picked":"Lockon","floor":3},{"not_picked":["Redo","BootSequence"],"picked":"Coolheaded","floor":4},{"not_picked":["Blizzard","Steam","Lockon"],"picked":"SKIP","floor":7},{"not_picked":["Chill","Steam Power"],"picked":"Redo","floor":8},{"not_picked":["Barrage+1","Leap"],"picked":"Conserve Battery","floor":10}],"player_experience":52409,"relics_obtained":[{"floor":9,"key":"Molten Egg 2"},{"floor":10,"key":"Darkstone Periapt"},{"floor":11,"key":"Potion Belt"}],"event_choices":[{"damage_healed":0,"gold_gain":0,"player_choice":"Bought 0 Potions","damage_taken":0,"max_hp_gain":0,"max_hp_loss":0,"event_name":"The Woman in Blue","floor":2,"gold_loss":0}],"is_beta":false,"boss_relics":[],"items_purged_floors":[5],"is_endless":false,"potions_floor_spawned":[3,7,8],"killed_by":"Gremlin Nob","ascension_level":0}}