{"host":"eij2hi4lqijdd5un","time":1614117695,"event":{"mods":["BaseMod","Colored Map","Colored Powertips","Minty Spire (QoL Compilation)","Quick Restart","StSLib"],"gold_per_floor":[116,135,149,149,22,22,0,10,58,58,58],"floor_reached":10,"language":"ENG","playtime":452,"items_purged":[],"score":78,"play_id":"c2014714-b177-44bf-928c-88957ea138c7","local_time":"20210223230135","is_ascension_mode":true,"campfire_choices":[{"data":"Malaise","floor":6,"key":"SMITH"}],"circlet_count":0,"master_deck":["Strike_G","Strike_G","Strike_G","Strike_G","Strike_G","Defend_G","Defend_G","Defend_G","Defend_G","Defend_G","Survivor","Neutralize","Grand Finale","Backflip","Blur+1","Dagger Throw","Malaise+1","Prepared","Escape Plan"],"relics":["Ring of the Snake","Tiny Chest"],"acts_visited":["Exordium"],"potions_floor_usage":[10],"damage_taken":[{"damage":4,"enemies":"2 Louse","floor":1,"turns":4},{"damage":7,"enemies":"Small Slimes","floor":2,"turns":5},{"damage":2,"enemies":"Jaw Worm","floor":3,"turns":7},{"damage":0,"enemies":"Looter","floor":7,"turns":4},{"damage":4,"enemies":"Large Slime","floor":8,"turns":8},{"damage":13,"enemies":"3 Sentries","floor":10,"turns":8}],"seed_played":"-272574043244142379","potions_obtained":[{"floor":3,"key":"DuplicationPotion"}],"is_trial":false,"path_per_floor":["M","M","M","?","$","R","M","M","T","E"],"character_chosen":"THE_SILENT","items_purchased":["Dagger Throw","Malaise"],"campfire_rested":0,"item_purchase_floors":[5,5],"current_hp_per_floor":[59,52,50,50,50,50,50,46,46,33,33],"gold":58,"neow_bonus":"ONE_RANDOM_RARE_CARD","is_daily":false,"chose_seed":false,"campfire_upgraded":1,"win_rate":0.0,"timestamp":1614117695,"path_taken":["M","M","M","?","$","R","M","M","T","E"],"items_purchased_type":["Card","Card"],"build_version":"2020-12-22","purchased_purges":0,"victory":false,"max_hp_per_floor":[70,70,70,70,70,70,70,70,70,70,70],"card_choices":[{"not_picked":["Slice","Cloak And Dagger"],"picked":"Backflip","floor":1},{"not_picked":["Deflect","Eviscerate","Sucker Punch"],"picked":"SKIP","floor":2},{"not_picked":["Heel Hook","Sucker Punch"],"picked":"Blur","floor":3},{"not_picked":["Dagger Spray","Deflect"],"picked":"Prepared","floor":7},{"not_picked":["Cloak And Dagger","Footwork"],"picked":"Escape Plan","floor":8}],"player_experience":514179,"relics_obtained":[{"floor":9,"key":"Tiny Chest"}],"event_choices":[{"damage_healed":0,"gold_gain":0,"player_choice":"Grow","damage_taken":0,"max_hp_gain":0,"max_hp_loss":0,"event_name":"Living Wall","floor":4,"gold_loss":0,"cards_upgraded":["Blur"]}],"is_beta":false,"boss_relics":[],"items_purged_floors":[],"is_endless":false,"potions_floor_spawned":[3],"killed_by":"3 Sentries","ascension_level":7}}