{"host":"yy1cu9q9bsxhflzi","time":1614098082,"event":{"mods":["BaseMod","DeckTracker","Minty Spire (QoL Compilation)","Quick Restart","StSLib","SuperFastMode","everything is the same but u backflip on backflip"],"gold_per_floor":[116,266,286,299,319,347,362,395,395,423,423,76,90,90,90,163,163,182,194,207,224,224,254,254,286,286,301,331,350,350,350,350,425,425,440,440,308,324,324,324,353,371,371,405,84,117,154,199,211,223,235,247,259,88,120,120],"floor_reached":57,"language":"KOR","playtime":1613,"items_purged":["Doubt","Dagger Spray"],"score":3575,"play_id":"3bdea609-4d56-4f15-a3a0-1f8c69cca807","local_time":"20210224013442","is_ascension_mode":true,"campfire_choices":[{"data":"Well Laid Plans","floor":15.0,"key":"SMITH"},{"data":"Tactician","floor":24.0,"key":"SMITH"},{"data":"Calculated Gamble","floor":30.0,"key":"SMITH"},{"data":"Reflex","floor":32.0,"key":"SMITH"},{"data":"Neutralize","floor":40.0,"key":"SMITH"},{"floor":49.0,"key":"RECALL"},{"data":"Cloak And Dagger","floor":53.0,"key":"SMITH"}],"circlet_count":0,"master_deck":["AscendersBane","Survivor","Neutralize+1","Juggernaut+1","After Image","Tactician+1","Dagger Throw","Cloak And Dagger+1","Deflect","Well Laid Plans+1","PiercingWail","Wraith Form v2+1","Accuracy+1","Calculated Gamble+1","Escape Plan","Ghostly","Ghostly","Ghostly","Backflip","Reflex+1","Prepared+1","After Image+1","Dagger Spray","Terror","Sucker Punch","Heel Hook","A Thousand Cuts+1","Acrobatics","Infinite Blades+1","Blade Dance","Backflip+1","Footwork+1"],"relics":["Ring of the Snake","Mummified Hand","Meat on the Bone","Paper Crane","Strawberry","Centennial Puzzle","Frozen Egg 2","Coffee Dripper","Shuriken","MealTicket","Mercury Hourglass","Blue Candle","Pandora\u0027s Box","The Specimen","PreservedInsect","Medical Kit","Snake Skull","MawBank","Pocketwatch","Ornamental Fan","Bottled Lightning"],"acts_visited":["Exordium","TheCity","TheBeyond","TheEnding"],"potions_floor_usage":[56,56],"damage_taken":[{"damage":0.0,"enemies":"2 Louse","floor":1.0,"turns":2.0},{"damage":6.0,"enemies":"Small Slimes","floor":3.0,"turns":3.0},{"damage":0.0,"enemies":"Jaw Worm","floor":4.0,"turns":3.0},{"damage":0.0,"enemies":"Looter","floor":5.0,"turns":3.0},{"damage":16.0,"enemies":"3 Sentries","floor":6.0,"turns":5.0},{"damage":0.0,"enemies":"3 Louse","floor":7.0,"turns":2.0},{"damage":0.0,"enemies":"Gremlin Nob","floor":8.0,"turns":2.0},{"damage":17.0,"enemies":"3 Sentries","floor":10.0,"turns":5.0},{"damage":11.0,"enemies":"2 Fungi Beasts","floor":13.0,"turns":3.0},{"damage":0.0,"enemies":"Hexaghost","floor":16.0,"turns":6.0},{"damage":0.0,"enemies":"3 Byrds","floor":18.0,"turns":2.0},{"damage":0.0,"enemies":"Spheric Guardian","floor":19.0,"turns":4.0},{"damage":1.0,"enemies":"Chosen and Byrds","floor":20.0,"turns":4.0},{"damage":0.0,"enemies":"3 Cultists","floor":21.0,"turns":5.0},{"damage":0.0,"enemies":"Book of Stabbing","floor":23.0,"turns":5.0},{"damage":0.0,"enemies":"Gremlin Leader","floor":25.0,"turns":5.0},{"damage":0.0,"enemies":"Shelled Parasite and Fungi","floor":27.0,"turns":6.0},{"damage":0.0,"enemies":"Book of Stabbing","floor":28.0,"turns":4.0},{"damage":32.0,"enemies":"Chosen and Byrds","floor":29.0,"turns":6.0},{"damage":0.0,"enemies":"Automaton","floor":33.0,"turns":5.0},{"damage":0.0,"enemies":"3 Shapes","floor":35.0,"turns":3.0},{"damage":0.0,"enemies":"Orb Walker","floor":38.0,"turns":3.0},{"damage":9.0,"enemies":"Nemesis","floor":41.0,"turns":5.0},{"damage":0.0,"enemies":"4 Shapes","floor":42.0,"turns":3.0},{"damage":0.0,"enemies":"Giant Head","floor":44.0,"turns":4.0},{"damage":2.0,"enemies":"Reptomancer","floor":46.0,"turns":4.0},{"damage":0.0,"enemies":"Mind Bloom Boss Battle","floor":47.0,"turns":3.0},{"damage":14.0,"enemies":"Nemesis","floor":48.0,"turns":5.0},{"damage":14.0,"enemies":"Donu and Deca","floor":50.0,"turns":6.0},{"damage":0.0,"enemies":"Awakened One","floor":51.0,"turns":7.0},{"damage":0,"enemies":"Shield and Spear","floor":55,"turns":4},{"damage":8,"enemies":"The Heart","floor":56,"turns":8}],"seed_played":"8273805883638419831","potions_obtained":[{"floor":1.0,"key":"PowerPotion"},{"floor":4.0,"key":"Regen Potion"},{"floor":16.0,"key":"Strength Potion"},{"floor":20.0,"key":"Fire Potion"},{"floor":27.0,"key":"SteroidPotion"},{"floor":28.0,"key":"Energy Potion"}],"is_trial":true,"path_per_floor":["M","?","M","M","M","E","M","E","T","E","?","$","M","?","R","B",null,"M","M","M","M","?","E","R","E","T","M","E","M","R","?","R","B",null,"M","?","$","M","?","R","E","M","T","E","$","E","?","E","R","B","B",null,"R","$","E","B",null],"character_chosen":"THE_SILENT","items_purchased":["Frozen Egg 2","Acrobatics","Infinite Blades+1","Medical Kit","Snake Skull","Footwork+1"],"campfire_rested":0,"item_purchase_floors":[12,37,37,45,45,54],"current_hp_per_floor":[59,59,53,53,53,37,37,37,44,39,39,39,40,45,45,45,70,70,70,69,69,39,39,39,39,39,39,39,19,19,19,19,31,37,37,37,39,39,37,37,28,28,28,28,37,35,35,21,21,19,19,33,33,37,37,29],"gold":120,"neow_bonus":"","is_daily":false,"chose_seed":false,"campfire_upgraded":6,"win_rate":0.0,"timestamp":1614098082,"path_taken":["M","?","M","M","M","E","M","E","T","E","?","$","M","?","R","BOSS","M","M","M","M","?","E","R","E","T","M","E","M","R","?","R","BOSS","M","?","$","M","?","R","E","M","T","E","$","E","?","E","R","BOSS","BOSS","R","$","E","BOSS"],"items_purchased_type":["Relic","Card","Card","Relic","Relic","Card"],"build_version":"2020-12-22","purchased_purges":2,"victory":true,"max_hp_per_floor":[66,66,66,66,66,66,66,66,73,73,73,73,73,78,78,78,78,78,78,78,78,39,39,39,39,39,39,39,39,39,39,39,39,39,39,39,39,39,37,37,37,37,37,37,37,37,37,37,37,37,37,37,37,37,37,37],"card_choices":[{"not_picked":["Eviscerate","Underhanded Strike"],"picked":"Tactician","floor":1.0},{"not_picked":["Concentrate","Dodge and Roll"],"picked":"Dagger Throw","floor":3.0},{"not_picked":["Deadly Poison","Setup"],"picked":"Dagger Spray","floor":4.0},{"not_picked":["Dodge and Roll","Concentrate","Underhanded Strike"],"picked":"SKIP","floor":5.0},{"not_picked":["Footwork","Storm of Steel"],"picked":"Cloak And Dagger","floor":6.0},{"not_picked":["Predator","Quick Slash"],"picked":"Deflect","floor":7.0},{"not_picked":["Deflect","Cloak And Dagger","Choke"],"picked":"SKIP","floor":8.0},{"not_picked":["Poisoned Stab","Bane"],"picked":"Well Laid Plans","floor":10.0},{"not_picked":["Deadly Poison","Backflip"],"picked":"PiercingWail","floor":13.0},{"not_picked":["Grand Finale","Storm of Steel"],"picked":"Wraith Form v2+1","floor":16.0},{"not_picked":["Outmaneuver+1","Poisoned Stab"],"picked":"Accuracy+1","floor":18.0},{"not_picked":["Flying Knee","Distraction"],"picked":"Calculated Gamble","floor":19.0},{"not_picked":["Choke","Dagger Spray","Sucker Punch"],"picked":"SKIP","floor":20.0},{"not_picked":["Dagger Throw+1","Cloak And Dagger"],"picked":"Escape Plan","floor":21.0},{"not_picked":["Quick Slash","Flying Knee"],"picked":"Backflip","floor":23.0},{"not_picked":["Concentrate","Prepared"],"picked":"Reflex","floor":25.0},{"not_picked":["Concentrate","Poisoned Stab","Underhanded Strike"],"picked":"SKIP","floor":27.0},{"not_picked":["Night Terror","Venomology"],"picked":"Prepared+1","floor":28.0},{"not_picked":["Outmaneuver","Dagger Throw","Flying Knee"],"picked":"SKIP","floor":29.0},{"not_picked":["Die Die Die","Envenom+1"],"picked":"After Image+1","floor":33.0},{"not_picked":["Flying Knee","Quick Slash","Bouncing Flask"],"picked":"SKIP","floor":35.0},{"not_picked":["Poisoned Stab","Sucker Punch"],"picked":"Blade Dance","floor":38.0},{"not_picked":["PiercingWail","Backflip","Outmaneuver"],"picked":"SKIP","floor":41.0},{"not_picked":["Escape Plan+1","Outmaneuver+1"],"picked":"Backflip+1","floor":42.0},{"not_picked":["Dagger Spray","Reflex","Glass Knife"],"picked":"SKIP","floor":44.0},{"not_picked":["Flying Knee","Escape Plan","Heel Hook"],"picked":"SKIP","floor":46.0},{"not_picked":["Tactician","Sucker Punch+1","Cloak And Dagger"],"picked":"SKIP","floor":48.0},{"not_picked":["Eviscerate","Crippling Poison","Infinite Blades+1"],"picked":"SKIP","floor":55}],"player_experience":3945721,"relics_obtained":[{"floor":6.0,"key":"Meat on the Bone"},{"floor":8.0,"key":"Paper Crane"},{"floor":9.0,"key":"Strawberry"},{"floor":10.0,"key":"Centennial Puzzle"},{"floor":23.0,"key":"Shuriken"},{"floor":25.0,"key":"MealTicket"},{"floor":26.0,"key":"Mercury Hourglass"},{"floor":28.0,"key":"Blue Candle"},{"floor":41.0,"key":"The Specimen"},{"floor":44.0,"key":"PreservedInsect"},{"floor":46.0,"key":"MawBank"},{"floor":47.0,"key":"Pocketwatch"},{"floor":48.0,"key":"Ornamental Fan"},{"floor":55,"key":"Bottled Lightning"}],"event_choices":[{"damage_healed":0.0,"max_hp_gain":0.0,"max_hp_loss":0.0,"gold_gain":150.0,"event_name":"Liars Game","player_choice":"AGREE","floor":2.0,"gold_loss":0.0,"damage_taken":0.0,"cards_obtained":["Doubt"]},{"damage_healed":0.0,"max_hp_gain":0.0,"max_hp_loss":0.0,"gold_gain":0.0,"event_name":"Living Wall","player_choice":"Grow","floor":11.0,"gold_loss":0.0,"damage_taken":0.0,"cards_upgraded":["Juggernaut"]},{"damage_healed":0.0,"max_hp_gain":5.0,"max_hp_loss":0.0,"gold_gain":0.0,"event_name":"Big Fish","player_choice":"Donut","floor":14.0,"gold_loss":0.0,"damage_taken":0.0},{"damage_healed":0.0,"max_hp_gain":0.0,"max_hp_loss":39.0,"gold_gain":0.0,"event_name":"Ghosts","player_choice":"Became a Ghost","floor":22.0,"gold_loss":0.0,"damage_taken":0.0,"cards_obtained":["Ghostly","Ghostly","Ghostly"]},{"cards_removed":["Strike_G"],"damage_healed":0.0,"max_hp_gain":0.0,"max_hp_loss":0.0,"gold_gain":0.0,"event_name":"Back to Basics","player_choice":"Elegance","floor":31.0,"gold_loss":0.0,"damage_taken":0.0},{"damage_healed":0.0,"max_hp_gain":0.0,"max_hp_loss":0.0,"gold_gain":0.0,"event_name":"Tomb of Lord Red Mask","player_choice":"Ignored","floor":36.0,"gold_loss":0.0,"damage_taken":0.0},{"damage_healed":0.0,"max_hp_gain":0.0,"max_hp_loss":2.0,"gold_gain":0.0,"event_name":"Winding Halls","player_choice":"Max HP","floor":39.0,"gold_loss":0.0,"damage_taken":0.0},{"damage_healed":0.0,"max_hp_gain":0.0,"max_hp_loss":0.0,"gold_gain":0.0,"event_name":"MindBloom","player_choice":"Fight","floor":47.0,"gold_loss":0.0,"damage_taken":0.0}],"is_beta":false,"boss_relics":[{"not_picked":["Calling Bell","Runic Dome"],"picked":"Coffee Dripper"},{"not_picked":["Ring of the Serpent","Fusion Hammer"],"picked":"Pandora\u0027s Box"}],"items_purged_floors":[12,54],"is_endless":false,"potions_floor_spawned":[1,4,5,8,16,20,21,27,28,29,41,44,48],"ascension_level":20}}