{"host":"7jl4uf745pjtflnx","time":1614094014,"event":{"mods":["BaseMod","BetterRewards","Hubris","Minty Spire (QoL Compilation)","Reliquary","Replay The Spire","StSLib","SuperFastMode","The Construct"],"gold_per_floor":[115,130,141,17,30,30,47,62,85,85,110,127,141,160,160,255,255,271,285,285,5,5,32,32,44,69,69,20,20,38,51,51,146,146,166,166,31,31,44,70,90,108,108,108,20,20,35,45,45,45],"floor_reached":51,"language":"ENG","playtime":1971,"items_purged":["Strike_R","ReplayTheSpireMod:Restless Dread"],"score":789,"play_id":"bb86affc-de03-4c54-beef-fafb88b7685e","local_time":"20210223102654","is_ascension_mode":true,"campfire_choices":[{"data":"Bash","floor":6,"key":"SMITH"},{"floor":15,"key":"REST"},{"data":"Limit Break","floor":24,"key":"SMITH"},{"data":"Inflame","floor":27,"key":"SMITH"},{"floor":32,"key":"REST"},{"floor":46,"key":"REST"},{"data":"Heavy Blade","floor":49,"key":"SMITH"}],"circlet_count":0,"master_deck":["Strike_R","Strike_R","Strike_R","Strike_R+1","Defend_R","Defend_R","Defend_R+1","Defend_R","Bash+1","Shrug It Off","Cleave","Flex+1","Whirlwind+1","ReplayTheSpireMod:Corrosion Curse+1","True Grit","Dropkick","Limit Break+1","Rage+1","Shrug It Off","Feed","Inflame+1","Fire Breathing+1","Heavy Blade+1","Brutality","Hemogenesis+1","Sword Boomerang+1","Reaper","Disarm+1","Parasite"],"relics":["hubris:Backtick","hubris:IronBody","Gremlin Food","reliquary:WeakTea","SlaversCollar","CultistMask","Replay:Mystery Machine","hubris:TenFootPole","MealTicket","Sozu","hubris:Towel","ReplayTheSpireMod:CursedCoin","Blood Vial","Mango","Replay:Baseball"],"acts_visited":["Exordium","TheCity","TheBeyond"],"potions_floor_usage":[5,8,11,11,14,16,16,19,23,31,42],"damage_taken":[{"damage":11,"enemies":"Jaw Worm","floor":1,"turns":5},{"damage":2,"enemies":"Cultist","floor":2,"turns":4},{"damage":3,"enemies":"Small Slimes","floor":3,"turns":3},{"damage":3,"enemies":"Gremlin Gang","floor":5,"turns":2},{"damage":1,"enemies":"Large Slime","floor":7,"turns":6},{"damage":9,"enemies":"Exordium Wildlife","floor":8,"turns":5},{"damage":12,"enemies":"Gremlin Nob","floor":11,"turns":3},{"damage":0,"enemies":"2 Fungi Beasts","floor":12,"turns":3},{"damage":2,"enemies":"Red Slaver","floor":13,"turns":3},{"damage":2,"enemies":"Blue Slaver","floor":14,"turns":2},{"damage":23,"enemies":"The Guardian","floor":16,"turns":15},{"damage":0,"enemies":"3 Byrds","floor":18,"turns":4},{"damage":23,"enemies":"Spheric Guardian","floor":19,"turns":12},{"damage":0,"enemies":"Replay:Snechameleon","floor":23,"turns":6},{"damage":21,"enemies":"Cultist and Chosen","floor":25,"turns":10},{"damage":19,"enemies":"Snake Plant","floor":30,"turns":6},{"damage":12,"enemies":"Centurion and Healer","floor":31,"turns":6},{"damage":8,"enemies":"Champ","floor":33,"turns":9},{"damage":11,"enemies":"Orb Walker","floor":35,"turns":5},{"damage":10,"enemies":"3 Darklings","floor":39,"turns":5},{"damage":50,"enemies":"Nemesis","floor":40,"turns":7},{"damage":36,"enemies":"Writhing Mass","floor":41,"turns":8},{"damage":23,"enemies":"Sphere and 2 Shapes","floor":42,"turns":7},{"damage":21,"enemies":"4 Shapes","floor":47,"turns":7},{"damage":11,"enemies":"Transient","floor":48,"turns":5},{"damage":75,"enemies":"Awakened One","floor":50,"turns":12}],"seed_played":"-705103967914806637","potions_obtained":[{"floor":1,"key":"Toxic Potion"},{"floor":5,"key":"Adrenaline Potion"},{"floor":8,"key":"FearPotion"},{"floor":11,"key":"SneckoOil"},{"floor":13,"key":"Adrenaline Potion"},{"floor":14,"key":"PowerPotion"},{"floor":16,"key":"EssenceOfSteel"},{"floor":19,"key":"DistilledChaos"},{"floor":25,"key":"LiquidBronze"},{"floor":33,"key":"Explosive Potion"}],"is_trial":false,"path_per_floor":["M","M","M","$","M","R","M","M","T","?","E","M","M","M","R","B",null,"M","M","?","$","$","E","R","M","T","R","$","?","M","M","R","B",null,"M","?","$","?","M","E","M","M","T","$","?","R","M","M","R","B",null],"character_chosen":"IRONCLAD","items_purchased":["Strength Potion","Replay:Mystery Machine","Shrug It Off","Feed","Heavy Blade","ReplayTheSpireMod:CursedCoin","Reaper","Disarm+1"],"campfire_rested":3,"item_purchase_floors":[4,21,21,21,28,37,37,37],"current_hp_per_floor":[69,67,64,64,61,61,60,51,51,35,23,23,21,19,43,20,80,80,57,57,57,57,57,57,39,39,39,54,54,35,23,47,39,83,79,79,83,83,83,35,15,2,16,31,31,61,99,99,99,44],"gold":45,"neow_bonus":"BOSS_RELIC","is_daily":false,"chose_seed":false,"campfire_upgraded":4,"win_rate":0.0,"timestamp":1614094014,"path_taken":["M","M","M","$","M","R","M","M","T","?","E","M","M","M","R","BOSS","M","M","?","?","$","E","R","?","T","R","$","?","M","M","R","BOSS","M","?","$","?","M","E","?","M","T","$","?","R","?","M","R","BOSS"],"items_purchased_type":["Potion","Relic","Card","Card","Card","Relic","Card","Card"],"build_version":"2020-12-22","purchased_purges":2,"victory":true,"max_hp_per_floor":[80,80,80,80,80,80,80,80,80,80,80,80,80,80,80,80,80,80,80,80,80,80,80,80,83,83,83,83,83,83,83,83,83,83,83,83,83,83,83,83,86,89,103,103,103,103,103,103,103,103],"card_choices":[{"not_picked":["Abandon","hubris:ReadiedAction"],"picked":"Shrug It Off","floor":1},{"not_picked":["Evolve","Uppercut"],"picked":"Cleave","floor":2},{"not_picked":["Warcry","Headbutt","Clash"],"picked":"SKIP","floor":3},{"not_picked":["Headbutt","Evolve"],"picked":"Flex","floor":5},{"not_picked":["Bloodletting","Defy Death"],"picked":"Whirlwind","floor":7},{"not_picked":["Anger","Blood for Blood","Replay:Undeath\u0027s Touch"],"picked":"SKIP","floor":8},{"not_picked":["Exhume","Body Slam"],"picked":"ReplayTheSpireMod:Corrosion Curse","floor":11},{"not_picked":["Headbutt","Whirlwind"],"picked":"True Grit","floor":12},{"not_picked":["Thunderclap","ReplayTheSpireMod:Strike From Hell"],"picked":"Dropkick","floor":13},{"not_picked":["Body Slam","Pommel Strike","Burning Pact"],"picked":"SKIP","floor":14},{"not_picked":["Eclipse","Corruption"],"picked":"Limit Break","floor":16},{"not_picked":["Shrug It Off","Whirlwind+1","Body Slam"],"picked":"SKIP","floor":18},{"not_picked":["hubris:CleavingFinish","Anger"],"picked":"Rage+1","floor":19},{"not_picked":["Clash","Hemokinesis+1"],"picked":"Inflame","floor":23},{"not_picked":["True Grit","Clash"],"picked":"Fire Breathing+1","floor":25},{"not_picked":["Wild Strike","Headbutt","Iron Wave"],"picked":"SKIP","floor":30},{"not_picked":["Abandon","hubris:ReadiedAction"],"picked":"Brutality","floor":31},{"not_picked":["Replay:Many Hands","Barricade"],"picked":"Hemogenesis","floor":33},{"not_picked":["Wild Strike","Flame Barrier+1"],"picked":"Sword Boomerang+1","floor":35},{"not_picked":["Sword Boomerang+1","ReplayTheSpireMod:Strike From Hell","Armaments"],"picked":"SKIP","floor":39},{"not_picked":["Anger","Pommel Strike+1","Armaments"],"picked":"SKIP","floor":40},{"not_picked":["Shrug It Off","Anger+1","Clash"],"picked":"SKIP","floor":41},{"not_picked":["Wild Strike","Pommel Strike","Clothesline"],"picked":"SKIP","floor":42},{"not_picked":["Warcry","hubris:ReadiedAction+1","hubris:CleavingFinish"],"picked":"SKIP","floor":47},{"not_picked":["Perfected Strike+1","Wild Strike","Iron Wave+1"],"picked":"SKIP","floor":48}],"player_experience":842362,"relics_obtained":[{"floor":9,"key":"Gremlin Food"},{"floor":11,"key":"reliquary:WeakTea"},{"floor":23,"key":"hubris:TenFootPole"},{"floor":26,"key":"MealTicket"},{"floor":40,"key":"Blood Vial"},{"floor":43,"key":"Mango"}],"event_choices":[{"damage_healed":0,"gold_gain":0,"player_choice":"Entered Light","damage_taken":16,"max_hp_gain":0,"max_hp_loss":0,"event_name":"Shining Light","floor":10,"gold_loss":0,"cards_upgraded":["Strike_R","Whirlwind"]},{"damage_healed":0,"gold_gain":0,"player_choice":"Trade","damage_taken":0,"relics_obtained":["CultistMask"],"max_hp_gain":0,"max_hp_loss":0,"event_name":"FaceTrader","floor":20,"gold_loss":0},{"damage_healed":0,"gold_gain":0,"player_choice":"Forge","damage_taken":0,"max_hp_gain":0,"max_hp_loss":0,"event_name":"Accursed Blacksmith","floor":38,"gold_loss":0,"cards_upgraded":["Flex"]},{"damage_healed":0,"gold_gain":0,"player_choice":"Paid Gold","damage_taken":0,"relics_obtained":["Replay:Baseball"],"max_hp_gain":0,"max_hp_loss":0,"event_name":"WeMeetAgain","floor":45,"gold_loss":88}],"is_beta":false,"boss_relics":[{"not_picked":["Replay:Drink Me","Tiny House"],"picked":"SlaversCollar"},{"not_picked":["reliquary:KinkedSpring","Coffee Dripper"],"picked":"Sozu"}],"items_purged_floors":[4,37],"is_endless":false,"potions_floor_spawned":[1,5,8,11,13,14,16,19,25,33,39,40,47],"ascension_level":1}}