{"host":"prxrhpgaxnj4om9r","time":1614063942,"event":{"mods":["AchievementEnabler","BaseMod","Colored Map","DeckTracker","Minty Spire (QoL Compilation)"],"gold_per_floor":[109,125,125,144,144,172,184,212,236,236,252,252,327,344,344,444,444,464,71,88,88,108,108,139,139,139,238,8,28,28,43,43,43,43],"floor_reached":33,"language":"KOR","playtime":1142,"items_purged":[],"score":385,"play_id":"d0dc9b62-e010-47b3-b2ae-79d1fd6803ad","local_time":"20210223160542","is_ascension_mode":true,"campfire_choices":[{"floor":10,"key":"REST"},{"floor":12,"key":"REST"},{"data":"SashWhip","floor":15,"key":"SMITH"},{"floor":23,"key":"REST"},{"data":"LessonLearned","floor":30,"key":"SMITH"},{"data":"Halt","floor":32,"key":"SMITH"}],"circlet_count":0,"master_deck":["Strike_P","Strike_P","Strike_P","Strike_P+1","Defend_P","Defend_P","Defend_P+1","Defend_P+1","Eruption+1","Vigilance","SashWhip+1","InnerPeace","Halt+1","SignatureMove","Prostrate+1","CutThroughFate","EmptyFist","Omniscience","Consecrate","LessonLearned+1","WreathOfFlame","Indignation","ThirdEye+1","BowlingBash+1","Ragnarok","SandsOfTime","Wallop","FlurryOfBlows"],"relics":["PureWater","Anchor","Bag of Preparation","Oddly Smooth Stone","SacredBark","Eternal Feather","Potion Belt","Mummified Hand","GoldenEye","Membership Card"],"acts_visited":["Exordium","TheCity"],"potions_floor_usage":[6,14,19,24,29],"damage_taken":[{"damage":4,"enemies":"Jaw Worm","floor":1,"turns":2},{"damage":3,"enemies":"2 Louse","floor":2,"turns":2},{"damage":0,"enemies":"Cultist","floor":4,"turns":2},{"damage":7,"enemies":"Lagavulin","floor":6,"turns":3},{"damage":1,"enemies":"3 Louse","floor":7,"turns":3},{"damage":16,"enemies":"Gremlin Nob","floor":8,"turns":3},{"damage":9,"enemies":"2 Fungi Beasts","floor":11,"turns":3},{"damage":0,"enemies":"Exordium Wildlife","floor":14,"turns":2},{"damage":15,"enemies":"Hexaghost","floor":16,"turns":7},{"damage":34,"enemies":"Spheric Guardian","floor":18,"turns":4},{"damage":0,"enemies":"Chosen","floor":20,"turns":3},{"damage":0,"enemies":"Snake Plant","floor":22,"turns":2},{"damage":36,"enemies":"Gremlin Leader","floor":24,"turns":6},{"damage":9,"enemies":"Chosen and Byrds","floor":29,"turns":3},{"damage":54,"enemies":"Sentry and Sphere","floor":31,"turns":4},{"damage":81,"enemies":"Champ","floor":33,"turns":8}],"seed_played":"-3773545551524098822","potions_obtained":[{"floor":4,"key":"ColorlessPotion"},{"floor":8,"key":"BlessingOfTheForge"},{"floor":20,"key":"Block Potion"},{"floor":29,"key":"Fruit Juice"}],"is_trial":false,"path_per_floor":["M","M","?","M","?","E","M","E","T","R","M","R","?","M","R","B",null,"M","$","M","?","M","R","E","T","T","?","$","M","R","M","R","B"],"character_chosen":"WATCHER","items_purchased":["Eternal Feather","Fruit Juice","Indignation","Membership Card","FairyPotion","SandsOfTime"],"campfire_rested":3,"item_purchase_floors":[19,19,19,28,28,28],"current_hp_per_floor":[61,58,44,44,44,37,36,20,20,41,32,53,42,42,42,27,61,27,37,37,37,37,73,37,37,37,37,37,38,53,55,70,0,0],"gold":43,"neow_bonus":"THREE_CARDS","is_daily":false,"chose_seed":false,"campfire_upgraded":3,"win_rate":0.0,"timestamp":1614063942,"path_taken":["M","M","?","M","?","E","M","E","T","R","?","R","?","M","R","BOSS","M","$","M","?","M","R","E","?","T","?","?","M","R","?","R","BOSS"],"items_purchased_type":["Relic","Potion","Card","Relic","Potion","Card"],"build_version":"2020-12-22","purchased_purges":0,"victory":false,"max_hp_per_floor":[72,72,72,72,72,72,72,72,72,72,72,72,72,72,72,72,72,72,82,82,82,82,82,82,82,82,82,82,92,92,92,92,92,92],"card_choices":[{"not_picked":["InnerPeace","Protect"],"picked":"SashWhip","floor":0},{"not_picked":["CrushJoints","EmptyMind"],"picked":"InnerPeace","floor":1},{"not_picked":["Protect","Conclude"],"picked":"Halt","floor":2},{"not_picked":["Halt","Evaluate"],"picked":"SignatureMove","floor":4},{"not_picked":["SpiritShield","EmptyFist"],"picked":"Prostrate","floor":6},{"not_picked":["Swivel","Wireheading"],"picked":"CutThroughFate","floor":7},{"not_picked":["SashWhip","EmptyBody"],"picked":"EmptyFist","floor":8},{"not_picked":["EmptyFist","Halt"],"picked":"Omniscience","floor":11},{"not_picked":["CrushJoints","FollowUp"],"picked":"Consecrate","floor":14},{"not_picked":["Blasphemy","ConjureBlade"],"picked":"LessonLearned","floor":16},{"not_picked":["Protect","Pray"],"picked":"WreathOfFlame","floor":18},{"not_picked":["FlurryOfBlows","Swivel"],"picked":"ThirdEye+1","floor":20},{"not_picked":["Conclude","Halt"],"picked":"BowlingBash+1","floor":22},{"not_picked":["FollowUp","BowlingBash"],"picked":"Ragnarok","floor":24},{"not_picked":["SashWhip","Indignation"],"picked":"Wallop","floor":29},{"not_picked":["ThirdEye","Meditate"],"picked":"FlurryOfBlows","floor":31}],"player_experience":602828,"relics_obtained":[{"floor":6,"key":"Anchor"},{"floor":8,"key":"Bag of Preparation"},{"floor":9,"key":"Oddly Smooth Stone"},{"floor":24,"key":"Potion Belt"},{"floor":25,"key":"Mummified Hand"},{"floor":26,"key":"GoldenEye"}],"event_choices":[{"damage_healed":0,"gold_gain":0,"player_choice":"Entered Light","damage_taken":14,"max_hp_gain":0,"max_hp_loss":0,"event_name":"Shining Light","floor":3,"gold_loss":0,"cards_upgraded":["Defend_P","Strike_P"]},{"damage_healed":0,"gold_gain":0,"player_choice":"Upgraded","damage_taken":0,"max_hp_gain":0,"max_hp_loss":0,"event_name":"Upgrade Shrine","floor":5,"gold_loss":0,"cards_upgraded":["Eruption"]},{"damage_healed":0,"gold_gain":75,"player_choice":"Gather Gold","damage_taken":11,"max_hp_gain":0,"max_hp_loss":0,"event_name":"World of Goop","floor":13,"gold_loss":0},{"damage_healed":0,"gold_gain":0,"player_choice":"Ignored","damage_taken":0,"max_hp_gain":0,"max_hp_loss":0,"event_name":"Beggar","floor":21,"gold_loss":0},{"damage_healed":0,"gold_gain":99,"player_choice":"Stole From Cult","damage_taken":0,"max_hp_gain":0,"max_hp_loss":0,"event_name":"Nest","floor":27,"gold_loss":0}],"is_beta":false,"boss_relics":[{"not_picked":["Cursed Key","Busted Crown"],"picked":"SacredBark"}],"items_purged_floors":[],"is_endless":false,"potions_floor_spawned":[4,8,20,29],"killed_by":"Champ","ascension_level":6}}