{"host":"lufzn74xe9ct3rkf","time":1614058993,"event":{"mods":["AchievementEnabler","BaseMod","Evolution","Minty Spire (QoL Compilation)","StSLib","Treasure Hunter"],"gold_per_floor":[118,64,64,81,98,98,126,126,198,212,287,14,14,34,34,134,184,203,14,14,28,28,28,42,42,42],"floor_reached":25,"language":"ENG","playtime":1507,"items_purged":[],"score":226,"play_id":"f36c9e71-5fb5-4af9-ad6c-fc97ebe003cc","local_time":"20210222214313","is_ascension_mode":false,"campfire_choices":[{"data":"Flechettes","floor":6,"key":"SMITH"},{"floor":15,"key":"REST"},{"data":"Skewer","floor":23,"key":"SMITH"}],"circlet_count":0,"master_deck":["Strike_G+1","Strike_G","Strike_G","Strike_G","Strike_G","Defend_G","Defend_G","Defend_G","Defend_G","Defend_G","Survivor","Neutralize","Crippling Poison","Flying Knee","All Out Attack","Flechettes+1","TH:BikiniMail","Blade Dance","TH:PixieDust","PiercingWail","Poisoned Stab","Doppelganger","Skewer+1","TH:CursedSword","After Image","Dagger Throw","Quick Slash","Poisoned Stab","TH:EnergyPotion","Tactician","Deadly Poison+1"],"relics":["Ring of the Snake","EVO:Axolotl","Bag of Preparation","Blue Candle","Orichalcum","Tiny House"],"acts_visited":["Exordium","TheCity"],"potions_floor_usage":[10,14,16,16,20,21,24,24,25],"damage_taken":[{"damage":2,"enemies":"Small Slimes","floor":1,"turns":4},{"damage":3,"enemies":"2 Louse","floor":4,"turns":2},{"damage":6,"enemies":"Jaw Worm","floor":5,"turns":4},{"damage":35,"enemies":"3 Sentries","floor":7,"turns":7},{"damage":6,"enemies":"2 Fungi Beasts","floor":10,"turns":2},{"damage":0,"enemies":"Exordium Thugs","floor":14,"turns":3},{"damage":46,"enemies":"Hexaghost","floor":16,"turns":13},{"damage":32,"enemies":"Spheric Guardian","floor":18,"turns":7},{"damage":6,"enemies":"2 Thieves","floor":21,"turns":4},{"damage":7,"enemies":"Snecko","floor":24,"turns":7},{"damage":31,"enemies":"Shelled Parasite and Fungi","floor":25,"turns":3}],"seed_played":"-3240139261087844500","potions_obtained":[{"floor":4,"key":"Swift Potion"},{"floor":7,"key":"SkillPotion"},{"floor":10,"key":"DistilledChaos"},{"floor":14,"key":"GamblersBrew"},{"floor":17,"key":"Explosive Potion"},{"floor":20,"key":"Fruit Juice"},{"floor":20,"key":"GhostInAJar"},{"floor":20,"key":"Dexterity Potion"},{"floor":21,"key":"SteroidPotion"}],"is_trial":false,"path_per_floor":["M","$","?","M","M","R","E","?","T","M","?","$","?","M","R","B",null,"M","$","?","M","$","R","M","M"],"character_chosen":"THE_SILENT","items_purchased":["Flying Knee","Orichalcum","Poisoned Stab","Doppelganger","Poisoned Stab","TH:EnergyPotion"],"campfire_rested":1,"item_purchase_floors":[2,12,12,12,19,19],"current_hp_per_floor":[75,75,75,72,66,66,31,31,31,25,14,14,39,39,62,16,82,50,50,55,49,49,49,42,11,11],"gold":42,"neow_bonus":"TEN_PERCENT_HP_BONUS","is_daily":false,"chose_seed":false,"campfire_upgraded":2,"win_rate":0.0,"timestamp":1614058993,"path_taken":["M","$","?","M","M","R","E","?","T","?","?","?","?","?","R","BOSS","M","$","?","M","$","R","M","M"],"items_purchased_type":["Card","Relic","Card","Card","Card","Card"],"build_version":"2020-12-22","purchased_purges":0,"victory":false,"max_hp_per_floor":[77,77,77,77,77,77,77,77,77,77,77,77,77,77,77,77,82,82,82,87,87,87,87,87,87,87],"card_choices":[{"not_picked":["Poisoned Stab","Quick Slash"],"picked":"Crippling Poison","floor":1},{"not_picked":["Backflip","Acrobatics"],"picked":"All Out Attack","floor":4},{"not_picked":["Escape Plan","Bouncing Flask"],"picked":"Flechettes","floor":5},{"not_picked":["TH:PixieDust"],"picked":"TH:BikiniMail","floor":7},{"not_picked":["Outmaneuver","Calculated Gamble"],"picked":"Blade Dance","floor":7},{"not_picked":["TH:TreasureMap"],"picked":"TH:PixieDust","floor":9},{"not_picked":["Outmaneuver","Finisher"],"picked":"PiercingWail","floor":10},{"not_picked":["Escape Plan","Backstab"],"picked":"Skewer","floor":14},{"not_picked":["TH:Mimic"],"picked":"TH:CursedSword","floor":16},{"not_picked":["Phantasmal Killer","Unload"],"picked":"After Image","floor":16},{"not_picked":["PiercingWail","Acrobatics"],"picked":"Dagger Throw","floor":17},{"not_picked":["Deflect+1","Crippling Poison+1"],"picked":"Quick Slash","floor":18},{"not_picked":["Dagger Throw+1","Prepared"],"picked":"Tactician","floor":21},{"not_picked":["Blade Dance","Caltrops"],"picked":"Deadly Poison+1","floor":24}],"player_experience":28286,"relics_obtained":[{"floor":7,"key":"Bag of Preparation"},{"floor":9,"key":"Blue Candle"}],"event_choices":[{"damage_healed":0,"gold_gain":0,"player_choice":"Ignored","damage_taken":0,"max_hp_gain":0,"max_hp_loss":0,"event_name":"Golden Wing","floor":3,"gold_loss":0},{"damage_healed":0,"gold_gain":0,"player_choice":"Fled","damage_taken":0,"max_hp_gain":0,"max_hp_loss":0,"event_name":"Scrap Ooze","floor":8,"gold_loss":0},{"damage_healed":0,"gold_gain":75,"player_choice":"Gather Gold","damage_taken":11,"max_hp_gain":0,"max_hp_loss":0,"event_name":"World of Goop","floor":11,"gold_loss":0},{"damage_healed":25,"gold_gain":0,"player_choice":"Banana","damage_taken":0,"max_hp_gain":0,"max_hp_loss":0,"event_name":"Big Fish","floor":13,"gold_loss":0},{"damage_healed":0,"gold_gain":0,"player_choice":"Got Potions","damage_taken":0,"max_hp_gain":0,"max_hp_loss":0,"event_name":"Lab","floor":20,"gold_loss":0}],"is_beta":false,"boss_relics":[{"not_picked":["Velvet Choker","SacredBark"],"picked":"Tiny House"}],"items_purged_floors":[],"is_endless":false,"potions_floor_spawned":[4,7,10,14,21],"killed_by":"Shelled Parasite and Fungi","ascension_level":0}}