{"host":"coel31jtabpraq8l","time":1614092495,"event":{"mods":["BaseMod","Highlight Path","Minty Spire (QoL Compilation)","SuperFastMode"],"gold_per_floor":[109,109,57,77,96,130,130,130,180,208,208,208,64,78,78,177,177,195,110,209,33,33,33,43,43,70,103,103,117,117,133,133,234,234,245,245,271,286,36,36,52,63,63,63,63,73,86,86,86],"floor_reached":48,"language":"ENG","playtime":1458,"items_purged":["Strike_B","Strike_B","Defend_B"],"score":504,"play_id":"69b0d25a-2159-47b4-9ed0-164787738066","local_time":"20210223100135","is_ascension_mode":true,"campfire_choices":[{"data":"Zap","floor":8,"key":"SMITH"},{"floor":11,"key":"REST"},{"data":"Loop","floor":15,"key":"SMITH"},{"data":"Electrodynamics","floor":23,"key":"SMITH"},{"data":"Fission","floor":25,"key":"SMITH"},{"data":"Dualcast","floor":28,"key":"SMITH"},{"data":"Leap","floor":30,"key":"SMITH"},{"data":"Melter","floor":32,"key":"SMITH"},{"data":"Echo Form","floor":40,"key":"SMITH"}],"circlet_count":0,"master_deck":["Strike_B","Strike_B","Defend_B+1","Defend_B","Defend_B","Zap+1","Dualcast+1","Fission+1","BootSequence+1","Rip and Tear","Leap+1","Parasite","Cold Snap","Loop+1","Self Repair","Electrodynamics+1","CurseOfTheBell","Defragment+1","Melter+1","Ball Lightning","Echo Form+1","Capacitor","Conserve Battery","Conserve Battery+1","Doubt","Echo Form"],"relics":["Cracked Core","Nunchaku","FossilizedHelix","Centennial Puzzle","Ancient Tea Set","Eternal Feather","Calling Bell","War Paint","Matryoshka","Bird Faced Urn","Gremlin Horn","Pen Nib","Potion Belt","Lantern","SlaversCollar","Vajra","Anchor","HornCleat"],"acts_visited":["Exordium","TheCity","TheBeyond"],"potions_floor_usage":[6,6,10,27,33,33,47,47],"damage_taken":[{"damage":6,"enemies":"Cultist","floor":1,"turns":3},{"damage":0,"enemies":"Small Slimes","floor":4,"turns":3},{"damage":7,"enemies":"Jaw Worm","floor":5,"turns":3},{"damage":17,"enemies":"3 Sentries","floor":6,"turns":5},{"damage":10,"enemies":"Lagavulin","floor":10,"turns":6},{"damage":6,"enemies":"Exordium Thugs","floor":14,"turns":4},{"damage":66,"enemies":"Slime Boss","floor":16,"turns":17},{"damage":20,"enemies":"Shell Parasite","floor":18,"turns":6},{"damage":0,"enemies":"Spheric Guardian","floor":24,"turns":3},{"damage":13,"enemies":"Book of Stabbing","floor":27,"turns":5},{"damage":19,"enemies":"Centurion and Healer","floor":29,"turns":4},{"damage":16,"enemies":"Snake Plant","floor":31,"turns":3},{"damage":52,"enemies":"Automaton","floor":33,"turns":9},{"damage":17,"enemies":"3 Shapes","floor":35,"turns":4},{"damage":0,"enemies":"Orb Walker","floor":38,"turns":3},{"damage":19,"enemies":"3 Darklings","floor":41,"turns":3},{"damage":63,"enemies":"Jaw Worm Horde","floor":42,"turns":4},{"damage":44,"enemies":"Spire Growth","floor":46,"turns":5},{"damage":0,"enemies":"Writhing Mass","floor":47,"turns":5},{"damage":56,"enemies":"3 Darklings","floor":48,"turns":4}],"seed_played":"3994133794701994971","potions_obtained":[{"floor":1,"key":"BlessingOfTheForge"},{"floor":4,"key":"Explosive Potion"},{"floor":6,"key":"EssenceOfSteel"},{"floor":18,"key":"EssenceOfSteel"},{"floor":24,"key":"EssenceOfSteel"},{"floor":27,"key":"Strength Potion"},{"floor":38,"key":"BlessingOfTheForge"},{"floor":41,"key":"Dexterity Potion"},{"floor":46,"key":"SkillPotion"}],"is_trial":false,"path_per_floor":["M","?","$","M","M","E","?","R","T","E","R","T","$","M","R","B",null,"M","?","?","$","$","R","M","R","T","E","R","M","R","M","R","B",null,"M","?","T","M","$","R","M","M","T","?","$","M","M","M"],"character_chosen":"DEFECT","items_purchased":["PowerPotion","Loop","Melter","Capacitor","Conserve Battery"],"campfire_rested":1,"item_purchase_floors":[3,13,21,39,39],"current_hp_per_floor":[69,69,69,69,62,45,63,63,63,53,75,75,75,69,75,16,75,55,55,55,55,55,67,73,75,75,69,75,67,75,68,75,36,75,62,62,62,71,71,71,65,19,19,71,71,27,41,0,0],"gold":86,"neow_bonus":"ONE_RANDOM_RARE_CARD","is_daily":false,"chose_seed":false,"campfire_upgraded":8,"win_rate":0.0,"timestamp":1614092495,"path_taken":["M","?","$","?","M","E","?","R","T","E","R","?","$","?","R","BOSS","M","?","?","?","$","R","M","R","T","E","R","M","R","?","R","BOSS","M","?","?","M","$","R","M","?","T","?","$","M","M","M"],"items_purchased_type":["Potion","Card","Card","Card","Card"],"build_version":"2020-12-22","purchased_purges":3,"victory":false,"max_hp_per_floor":[75,75,75,75,75,75,75,75,75,75,75,75,75,75,75,75,75,75,75,75,75,75,75,75,75,75,75,75,75,75,75,75,75,75,75,71,71,71,71,71,71,71,71,71,71,71,71,71,71],"card_choices":[{"not_picked":["Compile Driver","Coolheaded"],"picked":"BootSequence","floor":1},{"not_picked":["Sunder","Conserve Battery"],"picked":"Rip and Tear","floor":4},{"not_picked":["Steam","Go for the Eyes"],"picked":"Leap","floor":5},{"not_picked":["Meteor Strike","Streamline","Hologram"],"picked":"SKIP","floor":6},{"not_picked":["Sweeping Beam","Steam"],"picked":"Cold Snap","floor":10},{"not_picked":["Gash","Machine Learning"],"picked":"Self Repair","floor":14},{"not_picked":["Machine Learning","Fission"],"picked":"Electrodynamics","floor":16},{"not_picked":["Compile Driver","Reinforced Body"],"picked":"Defragment+1","floor":18},{"not_picked":["Auto Shields","Barrage"],"picked":"Ball Lightning","floor":24},{"not_picked":["Compile Driver","Hologram","Beam Cell"],"picked":"SKIP","floor":27},{"not_picked":["Cold Snap+1","Steam Power","Sweeping Beam"],"picked":"SKIP","floor":29},{"not_picked":["Hyperbeam","Gash","Beam Cell"],"picked":"SKIP","floor":31},{"not_picked":["Core Surge","Seek"],"picked":"Echo Form","floor":33},{"not_picked":["Hologram","Streamline+1","Turbo"],"picked":"SKIP","floor":35},{"not_picked":["Tempest+1","Sweeping Beam","Leap+1"],"picked":"SKIP","floor":38},{"not_picked":["Beam Cell+1","Hello World","Turbo"],"picked":"SKIP","floor":41},{"not_picked":["Rebound","Consume"],"picked":"Conserve Battery+1","floor":42},{"not_picked":["Coolheaded","Barrage+1"],"picked":"Echo Form","floor":46},{"not_picked":["Steam+1","Cold Snap+1","Fusion+1"],"picked":"SKIP","floor":47}],"player_experience":633867,"relics_obtained":[{"floor":6,"key":"FossilizedHelix"},{"floor":9,"key":"Centennial Puzzle"},{"floor":10,"key":"Ancient Tea Set"},{"floor":12,"key":"Eternal Feather"},{"floor":17,"key":"War Paint"},{"floor":17,"key":"Matryoshka"},{"floor":17,"key":"Bird Faced Urn"},{"floor":26,"key":"Pen Nib"},{"floor":26,"key":"Potion Belt"},{"floor":27,"key":"Lantern"},{"floor":37,"key":"Vajra"},{"floor":37,"key":"Anchor"},{"floor":43,"key":"HornCleat"}],"event_choices":[{"damage_healed":0,"gold_gain":0,"player_choice":"Gave Potion","damage_taken":0,"relics_obtained":["Nunchaku"],"max_hp_gain":0,"max_hp_loss":0,"event_name":"WeMeetAgain","floor":2,"gold_loss":0},{"damage_healed":18,"gold_gain":0,"player_choice":"Healed and dodged fight","damage_taken":0,"max_hp_gain":0,"max_hp_loss":0,"event_name":"Mushrooms","floor":7,"gold_loss":0,"cards_obtained":["Parasite"]},{"damage_healed":0,"gold_gain":0,"player_choice":"Obtained Relic","damage_taken":0,"relics_obtained":["Gremlin Horn"],"max_hp_gain":0,"max_hp_loss":0,"event_name":"Addict","floor":19,"gold_loss":85},{"damage_healed":0,"gold_gain":99,"player_choice":"Stole From Cult","damage_taken":0,"max_hp_gain":0,"max_hp_loss":0,"event_name":"Nest","floor":20,"gold_loss":0},{"damage_healed":0,"gold_gain":0,"player_choice":"Max HP","damage_taken":0,"max_hp_gain":0,"max_hp_loss":4,"event_name":"Winding Halls","floor":36,"gold_loss":0},{"damage_healed":52,"gold_gain":0,"player_choice":"Heal","damage_taken":0,"max_hp_gain":0,"max_hp_loss":0,"event_name":"MindBloom","floor":44,"gold_loss":0,"cards_obtained":["Doubt"]}],"is_beta":false,"boss_relics":[{"not_picked":["Astrolabe","Tiny House"],"picked":"Calling Bell"},{"not_picked":["Runic Pyramid","Snecko Eye"],"picked":"SlaversCollar"}],"items_purged_floors":[13,21,39],"is_endless":false,"potions_floor_spawned":[1,4,6,18,24,27,38,41,46],"killed_by":"3 Darklings","ascension_level":2}}