{"host":"df48i9djcn92c5sx","time":1614063413,"event":{"mods":["Act Like it!","Arknights","BaseMod","Decade(王小明)","Downfall","Gensokyo","Marisa（F雨　魔理沙）","Minty Spire (QoL Compilation)","READ ME - Guardian Mod","READ ME - Snecko Mod","Reimu（博丽灵梦）","Remilia（蕾米莉亚）","Shop Mod","StSLib","The Jungle","The Servant 0.9.4"],"gold_per_floor":[109,34,49,124,124,159,159,192,274,46,46,65,65,96,96,96,96],"floor_reached":16,"language":"ZHS","playtime":364,"items_purged":["Strike_B","Strike_B"],"score":299,"play_id":"70632415-8ea9-41e4-8a3c-847501c3ffc2","local_time":"20210223145653","is_ascension_mode":true,"campfire_choices":[{"data":"Doom and Gloom","floor":7,"key":"SMITH"},{"data":"Sunder","floor":11,"key":"SMITH"},{"data":"Glacier","floor":13,"key":"SMITH"},{"data":"Consume","floor":15,"key":"SMITH"}],"circlet_count":0,"master_deck":["AscendersBane","Strike_B","Strike_B","Defend_B","Defend_B","Defend_B","Defend_B","Zap","Dualcast","Doom and Gloom+1","BootSequence","Glacier+1","Amplify","Self Repair","Sunder+1","Consume+1"],"relics":["Cracked Core","NeowsBlessing","Toy Ornithopter","Mango","Shuriken","HornCleat","Vajra"],"acts_visited":["Exordium"],"potions_floor_usage":[8,14],"damage_taken":[{"damage":0,"enemies":"Cultist","floor":1,"turns":1},{"damage":0,"enemies":"Jaw Worm","floor":3,"turns":1},{"damage":0,"enemies":"3 Sentries","floor":6,"turns":1},{"damage":5,"enemies":"Lagavulin","floor":8,"turns":6},{"damage":0,"enemies":"2 Louse","floor":12,"turns":2},{"damage":0,"enemies":"3 Sentries","floor":14,"turns":6},{"damage":90,"enemies":"Slime Boss","floor":16,"turns":13}],"seed_played":"5274343442043277411","potions_obtained":[{"floor":3,"key":"Fire Potion"},{"floor":6,"key":"AttackPotion"}],"is_trial":false,"path_per_floor":["M","$","M","?","?","E","R","E","T","$","R","M","R","E","R","B"],"character_chosen":"DEFECT","items_purchased":["Self Repair","Sunder"],"campfire_rested":0,"item_purchase_floors":[10,10],"current_hp_per_floor":[64,64,64,53,48,62,62,62,62,62,62,62,62,81,81,0,0],"gold":96,"neow_bonus":"THREE_ENEMY_KILL","is_daily":false,"chose_seed":false,"campfire_upgraded":4,"win_rate":0.0,"timestamp":1614063413,"path_taken":["M","?","M","?","?","E","R","E","T","?","R","M","R","E","R","BOSS"],"items_purchased_type":["Card","Card"],"build_version":"2020-12-22","purchased_purges":2,"victory":false,"max_hp_per_floor":[71,71,71,71,71,85,85,85,85,85,85,85,85,85,85,85,85],"card_choices":[{"not_picked":["Rebound","Go for the Eyes"],"picked":"Doom and Gloom","floor":1},{"not_picked":["Redo","Melter"],"picked":"BootSequence","floor":3},{"not_picked":["Heatsinks","Auto Shields"],"picked":"Glacier","floor":6},{"not_picked":["Conserve Battery","Go for the Eyes"],"picked":"Amplify","floor":8},{"not_picked":["Streamline","Steam","Hologram"],"picked":"SKIP","floor":12},{"not_picked":["Thunder Strike","Ball Lightning"],"picked":"Consume","floor":14}],"player_experience":1617714,"relics_obtained":[{"floor":6,"key":"Mango"},{"floor":8,"key":"Shuriken"},{"floor":9,"key":"HornCleat"},{"floor":14,"key":"Vajra"}],"event_choices":[{"damage_healed":0,"gold_gain":75,"player_choice":"Gather Gold","damage_taken":11,"max_hp_gain":0,"max_hp_loss":0,"event_name":"World of Goop","floor":4,"gold_loss":0},{"damage_healed":0,"gold_gain":0,"player_choice":"Success","damage_taken":5,"relics_obtained":["Toy Ornithopter"],"max_hp_gain":0,"max_hp_loss":0,"event_name":"Scrap Ooze","floor":5,"gold_loss":0}],"is_beta":false,"boss_relics":[],"items_purged_floors":[2,10],"is_endless":false,"potions_floor_spawned":[3,6],"killed_by":"Slime Boss","ascension_level":16}}