{"host":"0r9ojvl99b3119ch","time":1614098714,"event":{"mods":["Act Like it!","BaseMod","Better Third Choice","BetterRewards","Downfall","Friendly Minions","Gensokyo","Hubris","Infinite Spire","Kiyohime????","Koishi","Marisa????????","Minty Spire (QoL Compilation)","Reimu??????","Remilia??????","Replay The Spire","Robot Space Explorer","Shop Mod","Spicy Shops","StSLib","Td1madao Mod","The Administrix","The Animator","The Judge","The Marked","The Servant 0.9.4","Waifu the Spire","WarShipGirlsR/????R mod","Youmu??????","Yuri Mod"],"gold_per_floor":[184,184,184,184,203,35,108,108,108,24,56,67,67,67,85,85,85,85],"floor_reached":16,"language":"ENG","playtime":2325,"items_purged":[],"score":103,"play_id":"43b1deb8-ee1a-4c01-981f-3f077f2bce0d","local_time":"20210223104514","is_ascension_mode":true,"campfire_choices":[{"data":"Slimebound:MassRepurpose","floor":9,"key":"SMITH"}],"circlet_count":0,"master_deck":["Slimebound:Strike_Slimebound","Slimebound:Strike_Slimebound","Slimebound:Strike_Slimebound","Slimebound:Tackle","Slimebound:Defend_Slimebound","Slimebound:Defend_Slimebound","Slimebound:Defend_Slimebound","Slimebound:Defend_Slimebound","Slimebound:Split","Slimebound:CorrosiveSpit","Slimebound:LeechEnergy","Slimebound:AcidTongue","Slimebound:RollThrough","Slimebound:MassRepurpose+1","Slimebound:Repurpose","Slimebound:LevelUp","Slimebound:SplitBruiser","Slimebound:SplitMire","Slimebound:LeadByExample","Slimebound:LivingWall","Slimebound:ViciousTackle"],"relics":["Slimebound:AbsorbEndCombat","downfall:HeartsMalice","Replay:Wax Seal","hubris:MobiusCoin","infinitespire:Beetle Shell","Torii"],"acts_visited":["Exordium"],"potions_floor_usage":[12,15,16],"damage_taken":[{"damage":0,"enemies":"Cultist","floor":2,"turns":1},{"damage":0,"enemies":"Jaw Worm","floor":3,"turns":1},{"damage":0,"enemies":"2 Louse","floor":4,"turns":1},{"damage":18,"enemies":"Exordium Thugs","floor":5,"turns":6},{"damage":6,"enemies":"downfall:FleeingMerchant","floor":6,"turns":4},{"damage":11,"enemies":"Red Slaver","floor":10,"turns":4},{"damage":26,"enemies":"3 Sentries","floor":11,"turns":6},{"damage":15,"enemies":"Large Slime","floor":12,"turns":6},{"damage":8,"enemies":"2 Fungi Beasts","floor":15,"turns":4},{"damage":13,"enemies":"IC_STATUS_ARCHETYPE","floor":16,"turns":2}],"seed_played":"-76880744026680999","potions_obtained":[{"floor":5,"key":"Dexterity Potion"},{"floor":10,"key":"GrandPatriotsElixir:ReiMu"},{"floor":12,"key":"Fire Potion"}],"is_trial":false,"path_per_floor":["R","M","M","M","M","$","T","?","R","M","E","M","$","T","M","B"],"character_chosen":"SLIMEBOUND","items_purchased":["Replay:Wax Seal","Slimebound:Repurpose","Slimebound:LevelUp","Slimebound:SplitBruiser"],"campfire_rested":0,"item_purchase_floors":[6,6,6,6],"current_hp_per_floor":[65,65,65,65,53,49,49,65,65,56,32,19,19,19,11,0,0,0],"gold":85,"neow_bonus":"THREE_ENEMY_KILL","is_daily":false,"chose_seed":false,"campfire_upgraded":1,"win_rate":0.0,"timestamp":1614098714,"path_taken":["R","M","M","M","M","$","T","?","R","M","E","M","?","?","M","BOSS"],"items_purchased_type":["Relic","Card","Card","Card"],"build_version":"2020-12-22","purchased_purges":0,"victory":false,"max_hp_per_floor":[65,65,65,65,65,65,65,65,65,65,65,65,65,65,65,65,65,65],"card_choices":[{"not_picked":["Slimebound:SpikyOuterGoop","Slimebound:SamplingLick"],"picked":"Slimebound:LeechEnergy","floor":2},{"not_picked":["Slimebound:Prepare","Slimebound:FlameTackle"],"picked":"Slimebound:AcidTongue","floor":3},{"not_picked":["Slimebound:FinishingTackle","Slimebound:ComboTackle"],"picked":"Slimebound:RollThrough","floor":4},{"not_picked":["Slimebound:SlimeSpikes","Slimebound:RollThrough"],"picked":"Slimebound:Grow","floor":5},{"not_picked":["Slimebound:Dissolve","Slimebound:FlameTackle"],"picked":"Slimebound:MassRepurpose","floor":6},{"not_picked":["Slimebound:FinishingTackle","Slimebound:HauntingLick"],"picked":"Slimebound:SplitMire","floor":10},{"not_picked":["Slimebound:BestDefense","Slimebound:RainOfGoop"],"picked":"Slimebound:LeadByExample","floor":11},{"not_picked":["Slimebound:Prepare","Slimebound:ComboTackle"],"picked":"Slimebound:LivingWall","floor":12},{"not_picked":["Slimebound:HauntingLick","Slimebound:ItLooksTasty"],"picked":"Slimebound:ViciousTackle","floor":15}],"player_experience":352702,"relics_obtained":[{"floor":7,"key":"hubris:MobiusCoin"},{"floor":11,"key":"infinitespire:Beetle Shell"},{"floor":14,"key":"Torii"}],"event_choices":[{"cards_removed":["Slimebound:Grow"],"damage_healed":16,"gold_gain":0,"player_choice":"Offered Uncommon","damage_taken":0,"max_hp_gain":0,"max_hp_loss":0,"event_name":"Bonfire Elementals","floor":8,"gold_loss":0}],"is_beta":false,"boss_relics":[],"items_purged_floors":[],"is_endless":false,"potions_floor_spawned":[5,10,12],"killed_by":"IC_STATUS_ARCHETYPE","ascension_level":1}}