{"host":"tf5skwcwe0vlu2md","time":1614087357,"event":{"mods":["BaseMod","Downfall","Highlight Path","Minty Spire (QoL Compilation)","Quick Restart","StSLib","The Hierophant"],"gold_per_floor":[114,129,181,194,194,194,225,225,225,258,269,287,214,243,243,341,341,351,39,48,65,90,90,127,146,220,258,16,16,16,42,42,146,146,161,216,266,281,281,281,315,331,331,350,380,404,434,450,450,450],"floor_reached":51,"playtime":2814,"items_purged":["Defend_G"],"score":963,"play_id":"4c85c754-b8eb-43d8-9798-81230021fb86","local_time":"20210224003557","is_ascension_mode":true,"campfire_choices":[{"data":"Infinite Blades","floor":6,"key":"SMITH"},{"data":"Finisher","floor":8,"key":"SMITH"},{"data":"Neutralize","floor":15,"key":"SMITH"},{"data":"Backstab","floor":23,"key":"SMITH"},{"data":"Dagger Spray","floor":29,"key":"SMITH"},{"data":"Backstab","floor":32,"key":"SMITH"},{"data":"Venomology","floor":40,"key":"SMITH"},{"floor":49,"key":"REST"}],"circlet_count":0,"master_deck":["Strike_G+1","Strike_G","Defend_G","Defend_G","Defend_G","Survivor","Neutralize+1","Infinite Blades+1","Masterful Stab+1","Finisher+1","Cloak And Dagger","All Out Attack","Dagger Spray+1","Masterful Stab","Envenom","CurseOfTheBell","Outmaneuver","Acrobatics","Heel Hook","Backstab+1","Blade Dance+1","Accuracy+1","Terror+1","Backstab+1","Venomology+1","Die Die Die","Masterful Stab+1"],"relics":["Ring of the Snake","Eternal Feather","Anchor","White Beast Statue","Paper Crane","The Courier","Akabeko","Calling Bell","Art of War","Mummified Hand","Incense Burner","Lee\u0027s Waffle","CeramicFish","Lantern","Bottled Tornado","PreservedInsect","Chemical X","Whetstone","Empty Cage","Gambling Chip","Mango","Tough Bandages","Question Card","Bag of Preparation"],"acts_visited":["Exordium","TheCity","TheBeyond"],"potions_floor_usage":[7,12,14,14,22,24,27,31,33,36,37,38,41,41,42,42,45,46,46,47,50,50,50,50],"damage_taken":[{"damage":1,"enemies":"Jaw Worm","floor":1,"turns":4},{"damage":0,"enemies":"Cultist","floor":2,"turns":4},{"damage":0,"enemies":"Small Slimes","floor":4,"turns":3},{"damage":22,"enemies":"Lagavulin","floor":7,"turns":4},{"damage":10,"enemies":"3 Sentries","floor":10,"turns":7},{"damage":0,"enemies":"Exordium Thugs","floor":11,"turns":3},{"damage":0,"enemies":"Blue Slaver","floor":12,"turns":2},{"damage":8,"enemies":"Lagavulin","floor":14,"turns":6},{"damage":41,"enemies":"Hexaghost","floor":16,"turns":11},{"damage":4,"enemies":"Shell Parasite","floor":18,"turns":4},{"damage":0,"enemies":"2 Thieves","floor":21,"turns":3},{"damage":2,"enemies":"Shelled Parasite and Fungi","floor":22,"turns":3},{"damage":34,"enemies":"Book of Stabbing","floor":24,"turns":6},{"damage":0,"enemies":"3 Cultists","floor":25,"turns":3},{"damage":14,"enemies":"Slavers","floor":27,"turns":5},{"damage":0,"enemies":"Centurion and Healer","floor":31,"turns":2},{"damage":3,"enemies":"Automaton","floor":33,"turns":5},{"damage":0,"enemies":"Orb Walker","floor":35,"turns":2},{"damage":10,"enemies":"2 Orb Walkers","floor":36,"turns":4},{"damage":26,"enemies":"Mind Bloom Boss Battle","floor":37,"turns":5},{"damage":2,"enemies":"3 Shapes","floor":38,"turns":1},{"damage":10,"enemies":"Reptomancer","floor":41,"turns":3},{"damage":0,"enemies":"Spire Growth","floor":42,"turns":1},{"damage":0,"enemies":"Jaw Worm Horde","floor":44,"turns":2},{"damage":39,"enemies":"Nemesis","floor":45,"turns":5},{"damage":0,"enemies":"3 Darklings","floor":46,"turns":2},{"damage":0,"enemies":"Giant Head","floor":47,"turns":3},{"damage":0,"enemies":"Sphere and 2 Shapes","floor":48,"turns":1},{"damage":54,"enemies":"Donu and Deca","floor":50,"turns":8}],"seed_played":"8754288158404759097","potions_obtained":[{"floor":1,"key":"Weak Potion"},{"floor":2,"key":"EssenceOfSteel"},{"floor":4,"key":"FearPotion"},{"floor":10,"key":"Fire Potion"},{"floor":11,"key":"LiquidMemories"},{"floor":12,"key":"Dexterity Potion"},{"floor":14,"key":"Dexterity Potion"},{"floor":16,"key":"Ancient Potion"},{"floor":18,"key":"champ:CounterPotion"},{"floor":22,"key":"Weak Potion"},{"floor":24,"key":"AttackPotion"},{"floor":25,"key":"Block Potion"},{"floor":27,"key":"Weak Potion"},{"floor":31,"key":"hexamod:EctoCoolerPotion"},{"floor":33,"key":"AttackPotion"},{"floor":35,"key":"hexamod:EctoCoolerPotion"},{"floor":36,"key":"champ:CounterPotion"},{"floor":38,"key":"ColorlessPotion"},{"floor":41,"key":"PowerPotion"},{"floor":42,"key":"PowerPotion"},{"floor":46,"key":"GhostInAJar"},{"floor":47,"key":"hexamod:EctoCoolerPotion"},{"floor":48,"key":"SteroidPotion"}],"is_trial":false,"path_per_floor":["M","M","?","M","T","R","E","R","T","E","M","M","?","E","R","B",null,"M","$","?","M","M","R","E","M","T","E","$","R","?","M","R","B",null,"M","?","?","M","?","R","E","M","T","M","E","M","E","M","R","B",null],"character_chosen":"THE_SILENT","items_purchased":["Lee\u0027s Waffle","CeramicFish","Acrobatics","Chemical X","Whetstone"],"campfire_rested":1,"item_purchase_floors":[19,19,19,28,28],"current_hp_per_floor":[76,76,76,76,76,77,55,64,64,54,54,54,54,46,58,17,77,73,84,84,84,82,84,50,50,50,36,36,51,51,51,66,63,84,84,74,62,60,60,75,70,70,70,70,31,31,31,31,75,21],"gold":450,"neow_bonus":"TEN_PERCENT_HP_BONUS","is_daily":false,"chose_seed":false,"campfire_upgraded":7,"win_rate":0.0,"timestamp":1614087357,"path_taken":["M","M","?","M","?","R","E","R","T","E","?","M","?","E","R","BOSS","M","$","?","?","M","R","E","M","T","E","$","R","?","M","R","BOSS","M","?","?","M","?","R","E","M","T","M","E","M","E","M","R","BOSS"],"items_purchased_type":["Relic","Relic","Card","Relic","Relic"],"build_version":"2020-12-13","purchased_purges":1,"victory":true,"max_hp_per_floor":[77,77,77,77,77,77,77,77,77,77,77,77,77,77,77,77,77,77,84,84,84,84,84,84,84,84,84,84,84,84,84,84,84,84,84,84,98,98,98,98,98,98,98,98,98,98,98,98,98,98],"card_choices":[{"not_picked":["Terror","Quick Slash"],"picked":"Infinite Blades","floor":1},{"not_picked":["Dodge and Roll","Slice"],"picked":"Masterful Stab","floor":2},{"not_picked":["Escape Plan","Quick Slash"],"picked":"Finisher","floor":4},{"not_picked":["Bane","PiercingWail"],"picked":"Cloak And Dagger","floor":7},{"not_picked":["Outmaneuver","Bane"],"picked":"All Out Attack","floor":10},{"not_picked":["Dagger Throw","Escape Plan"],"picked":"Wraith Form v2","floor":11},{"not_picked":["Dagger Throw","Predator"],"picked":"Dagger Spray","floor":12},{"not_picked":["Caltrops","Flying Knee"],"picked":"Masterful Stab","floor":14},{"not_picked":["Unload","Adrenaline"],"picked":"Envenom","floor":16},{"not_picked":["Quick Slash","Expertise"],"picked":"Outmaneuver","floor":18},{"not_picked":["Backflip","Underhanded Strike","After Image"],"picked":"SKIP","floor":21},{"not_picked":["Underhanded Strike","Setup"],"picked":"Backstab","floor":22},{"not_picked":["Flying Knee","Acrobatics"],"picked":"Blade Dance+1","floor":24},{"not_picked":["Quick Slash+1","PiercingWail"],"picked":"Accuracy+1","floor":25},{"not_picked":["Outmaneuver+1","Venomology"],"picked":"Terror+1","floor":27},{"not_picked":["Deadly Poison","Prepared"],"picked":"Backstab","floor":31},{"not_picked":["Grand Finale","Malaise"],"picked":"Venomology","floor":33},{"not_picked":["Poisoned Stab+1","Dagger Spray","PiercingWail+1"],"picked":"SKIP","floor":35},{"not_picked":["Venomology","Blur","Expertise"],"picked":"SKIP","floor":38},{"not_picked":["Poisoned Stab","Catalyst"],"picked":"Die Die Die","floor":41},{"not_picked":["Sucker Punch","Quick Slash","Backflip+1"],"picked":"SKIP","floor":42},{"not_picked":["Cloak And Dagger+1","Dodge and Roll+1","Outmaneuver+1"],"picked":"SKIP","floor":44},{"not_picked":["Flying Knee","Sucker Punch+1","PiercingWail+1"],"picked":"SKIP","floor":45},{"not_picked":["PiercingWail","Outmaneuver","Envenom"],"picked":"Masterful Stab+1","floor":46},{"not_picked":["Expertise+1","Concentrate+1","Leg Sweep","Bouncing Flask"],"picked":"SKIP","floor":47},{"not_picked":["Dagger Throw","Terror","Acrobatics+1","All Out Attack"],"picked":"SKIP","floor":48}],"player_experience":324431,"relics_obtained":[{"floor":5,"key":"Eternal Feather"},{"floor":7,"key":"Anchor"},{"floor":9,"key":"White Beast Statue"},{"floor":10,"key":"Paper Crane"},{"floor":14,"key":"Akabeko"},{"floor":17,"key":"Art of War"},{"floor":17,"key":"Mummified Hand"},{"floor":17,"key":"Incense Burner"},{"floor":24,"key":"Lantern"},{"floor":26,"key":"Bottled Tornado"},{"floor":27,"key":"PreservedInsect"},{"floor":36,"key":"Gambling Chip"},{"floor":37,"key":"Mango"},{"floor":41,"key":"Tough Bandages"},{"floor":45,"key":"Question Card"},{"floor":47,"key":"Bag of Preparation"}],"event_choices":[{"damage_healed":0,"gold_gain":52,"player_choice":"Gained Gold","damage_taken":0,"max_hp_gain":0,"max_hp_loss":0,"event_name":"Golden Wing","floor":3,"gold_loss":0},{"damage_healed":0,"gold_gain":0,"player_choice":"Paid Gold","damage_taken":0,"relics_obtained":["The Courier"],"max_hp_gain":0,"max_hp_loss":0,"event_name":"WeMeetAgain","floor":13,"gold_loss":73},{"damage_healed":0,"gold_gain":0,"cards_transformed":["Defend_G"],"player_choice":"Transformed","damage_taken":0,"max_hp_gain":0,"max_hp_loss":0,"event_name":"Transmorgrifier","floor":20,"gold_loss":0,"cards_obtained":["Heel Hook"]},{"cards_removed":["Wraith Form v2"],"damage_healed":0,"gold_gain":0,"player_choice":"Purged","damage_taken":0,"max_hp_gain":0,"max_hp_loss":0,"event_name":"Purifier","floor":30,"gold_loss":0},{"damage_healed":0,"gold_gain":0,"player_choice":"Fight","damage_taken":0,"max_hp_gain":0,"max_hp_loss":0,"event_name":"Mysterious Sphere","floor":36,"gold_loss":0},{"damage_healed":0,"gold_gain":0,"player_choice":"Fight","damage_taken":0,"max_hp_gain":0,"max_hp_loss":0,"event_name":"MindBloom","floor":37,"gold_loss":0},{"cards_removed":["Strike_G"],"damage_healed":0,"gold_gain":0,"player_choice":"Removed Attack","damage_taken":0,"max_hp_gain":0,"max_hp_loss":0,"event_name":"Falling","floor":39,"gold_loss":0}],"is_beta":false,"boss_relics":[{"not_picked":["HoveringKite","Coffee Dripper"],"picked":"Calling Bell"},{"not_picked":["Cursed Key","Tiny House"],"picked":"Empty Cage"}],"items_purged_floors":[19],"is_endless":false,"potions_floor_spawned":[1,2,4,10,11,12,14,16,18,21,22,24,25,27,31,33,35,36,37,38,41,42,44,45,46,47,48],"ascension_level":3}}