{"host":"adv1uqz3812gqgbw","time":1614042277,"event":{"mods":["BaseMod","Better Note","Colored Powertips","Custom Start","GifTheSpireLib","Hermit","Minty Spire (QoL Compilation)","SacredBarkPlus","StSLib","The Runesmith","Uncapped"],"gold_per_floor":[453,465,504,516,453,559,571,694,732,744,798,931,1028,1063,1075,1328,1340,1398,1410,1516,1528,1573,1585,1597,1723,1762,1823,1835,1847,1859,1975,1987,2240,2252,2316,2328,2340,2411,2589,2601,2613,2625,2637,2649,2720,2839,2851,2863,2875,2887,2899],"floor_reached":52,"language":"ENG","playtime":3664,"items_purged":[],"score":2752,"play_id":"e921d324-914c-488c-9b4c-f22464eb588a","local_time":"20210222220437","daily_mods":["Time Dilation","Flight","DeadlyEvents","Elite Swarm","Lethality","Midas"],"is_ascension_mode":true,"campfire_choices":[{"floor":7,"key":"REST"},{"floor":10,"key":"REST"},{"floor":15,"key":"REST"},{"floor":23,"key":"REST"},{"floor":24,"key":"REST"},{"floor":28,"key":"REST"},{"floor":30,"key":"REST"},{"floor":32,"key":"REST"},{"floor":40,"key":"REST"},{"floor":41,"key":"REST"},{"floor":42,"key":"REST"},{"floor":44,"key":"REST"},{"floor":47,"key":"REST"},{"floor":49,"key":"REST"}],"circlet_count":0,"master_deck":["Finesse+1","Finesse+1","Finesse+1","Finesse+1","Finesse+1","Finesse+1","Finesse+1","Finesse+1","Finesse+1","Finesse+1"],"relics":["Black Blood","Anchor","Bag of Marbles","Blue Candle","Calipers","Bronze Scales","Blood Vial","Black Blood","Thread and Needle","The Courier","TungstenRod","Torii","Strawberry","Singing Bowl","Runic Pyramid","Mango","Mercury Hourglass","Letter Opener","HornCleat","Lizard Tail","Lee\u0027s Waffle","Medical Kit","Oddly Smooth Stone","hermit:DentedPlate","Ring of the Snake","Bag of Preparation","TwistedFunnel","Unceasing Top","Turnip","TeardropLocket","VioletLotus","Damaru","Darkstone Periapt","Dream Catcher","FossilizedHelix","Old Coin","Membership Card","Pear","hermit:PetGhost","Snake Skull","The Specimen","StoneCalendar","Centennial Puzzle","Ginger","Ice Cream","Incense Burner","InkBottle","Meat on the Bone","MealTicket","Self Forming Clay","Smiling Mask","Tough Bandages","Potion Belt","hermit:BartenderGlass","CaptainsWheel","CloakClasp","ClockworkSouvenir","SacredBark","MawBank","Paper Frog","Champion Belt","HandDrill","Boot","Frozen Eye","hermit:Horseshoe","Cauldron","Whetstone","Golden Idol","Omamori","CeramicFish","War Paint","Red Mask","Eternal Feather","Lantern","Runesmith:Locket","Runesmith:Nanobots"],"acts_visited":["Exordium","TheCity","TheBeyond"],"potions_floor_usage":[51,51,51,51,51],"damage_taken":[{"damage":0,"enemies":"2 Louse","floor":1,"turns":1},{"damage":0,"enemies":"Gremlin Nob","floor":6,"turns":1},{"damage":0,"enemies":"Lagavulin","floor":8,"turns":1},{"damage":0,"enemies":"Jaw Worm","floor":11,"turns":1},{"damage":0,"enemies":"Lagavulin Event","floor":12,"turns":1},{"damage":0,"enemies":"Gremlin Nob","floor":13,"turns":1},{"damage":0,"enemies":"The Guardian","floor":16,"turns":1},{"damage":0,"enemies":"3 Byrds","floor":18,"turns":1},{"damage":0,"enemies":"Masked Bandits","floor":20,"turns":1},{"damage":0,"enemies":"2 Thieves","floor":22,"turns":1},{"damage":0,"enemies":"Slavers","floor":25,"turns":1},{"damage":0,"enemies":"Snake Plant","floor":27,"turns":1},{"damage":0,"enemies":"Book of Stabbing","floor":31,"turns":1},{"damage":0,"enemies":"Automaton","floor":33,"turns":1},{"damage":0,"enemies":"Orb Walker","floor":35,"turns":1},{"damage":0,"enemies":"3 Shapes","floor":38,"turns":1},{"damage":0,"enemies":"2 Orb Walkers","floor":39,"turns":1},{"damage":0,"enemies":"Spire Growth","floor":45,"turns":1},{"damage":0,"enemies":"Nemesis","floor":46,"turns":1},{"damage":0,"enemies":"Donu and Deca","floor":50,"turns":1},{"damage":0,"enemies":"Time Eater","floor":51,"turns":9}],"seed_played":"1220158391484263805","potions_obtained":[{"floor":0,"key":"SmokeBomb"},{"floor":0,"key":"LiquidMemories"},{"floor":0,"key":"LiquidMemories"},{"floor":0,"key":"ColorlessPotion"}],"is_trial":true,"path_per_floor":["M","?","T","?","?","E","R","E","T","R","M","?","E","T","R","B",null,"M","?","?","$","M","R","R","E","T","M","R","?","R","E","R","B",null,"M","?","$","M","?","R","R","R","T","R","M","E","R","$","R","B","B",null],"character_chosen":"IRONCLAD","items_purchased":[],"campfire_rested":14,"item_purchase_floors":[],"current_hp_per_floor":[147,147,147,153,153,155,157,159,159,161,163,165,167,167,169,171,171,173,173,175,175,177,179,181,183,183,185,187,187,189,191,193,195,195,197,197,197,199,201,203,205,207,207,209,211,213,215,215,217,217,217],"gold":2911,"neow_bonus":"","is_daily":false,"chose_seed":false,"campfire_upgraded":0,"win_rate":0.0,"timestamp":1614042277,"path_taken":["M","?","?","?","?","E","R","?","T","R","?","?","?","?","R","BOSS","M","?","?","?","M","R","R","?","T","?","R","?","R","?","R","BOSS","M","?","?","M","?","R","R","R","T","R","?","?","R","$","R","BOSS","BOSS"],"items_purchased_type":[],"build_version":"2020-12-22","purchased_purges":0,"victory":true,"max_hp_per_floor":[147,147,147,153,153,155,157,159,159,161,163,165,167,167,169,171,171,173,173,175,175,177,179,181,183,183,185,187,187,189,191,193,195,195,197,197,197,199,201,203,205,207,207,209,211,213,215,215,217,217,217],"card_choices":[{"not_picked":["Perfected Strike","Seeing Red","Disarm"],"picked":"Singing Bowl","floor":1},{"not_picked":["Juggernaut","Fiend Fire","Bludgeon"],"picked":"Singing Bowl","floor":6},{"not_picked":["Warcry","Pommel Strike","Rage"],"picked":"Singing Bowl","floor":7},{"not_picked":["Fiend Fire","Double Tap","Juggernaut"],"picked":"Singing Bowl","floor":8},{"not_picked":["Wild Strike","Warcry","Flex"],"picked":"Singing Bowl","floor":10},{"not_picked":["Seeing Red","Second Wind","Armaments"],"picked":"Singing Bowl","floor":11},{"not_picked":["Anger","Disarm","Clothesline"],"picked":"Singing Bowl","floor":12},{"not_picked":["Double Tap","Immolate","Impervious"],"picked":"Singing Bowl","floor":13},{"not_picked":["Flex","Thunderclap","Clothesline"],"picked":"Singing Bowl","floor":15},{"not_picked":["Bludgeon","Reaper","Barricade"],"picked":"Singing Bowl","floor":16},{"not_picked":["Havoc","Infernal Blade","Sentinel"],"picked":"Singing Bowl","floor":18},{"not_picked":["Bloodletting","Rage","Pommel Strike+1"],"picked":"Singing Bowl","floor":20},{"not_picked":["Warcry","Body Slam","Disarm"],"picked":"Singing Bowl","floor":22},{"not_picked":["Flex","Rage","Entrench"],"picked":"Singing Bowl","floor":23},{"not_picked":["Thunderclap+1","True Grit","Dark Embrace"],"picked":"Singing Bowl","floor":24},{"not_picked":["Bludgeon","Barricade","Brutality"],"picked":"Singing Bowl","floor":25},{"not_picked":["Disarm+1","Havoc+1","Fire Breathing"],"picked":"Singing Bowl","floor":27},{"not_picked":["Blood for Blood","Shockwave","Sword Boomerang"],"picked":"Singing Bowl","floor":28},{"not_picked":["Disarm","Flex","Carnage"],"picked":"Singing Bowl","floor":30},{"not_picked":["Demon Form","Immolate","Double Tap"],"picked":"Singing Bowl","floor":31},{"not_picked":["Sword Boomerang","Headbutt","Perfected Strike"],"picked":"Singing Bowl","floor":32},{"not_picked":["Corruption","Bludgeon","Reaper"],"picked":"Singing Bowl","floor":33},{"not_picked":["Burning Pact+1","Evolve","Feel No Pain"],"picked":"Singing Bowl","floor":35},{"not_picked":["Heavy Blade+1","Fire Breathing","Thunderclap"],"picked":"Singing Bowl","floor":38},{"not_picked":["Second Wind","Sentinel","Pommel Strike+1"],"picked":"Singing Bowl","floor":39},{"not_picked":["Cleave","Pummel","Armaments+1"],"picked":"Singing Bowl","floor":40},{"not_picked":["Thunderclap+1","Iron Wave+1","Clothesline"],"picked":"Singing Bowl","floor":41},{"not_picked":["Bloodletting+1","Juggernaut","Clash"],"picked":"Singing Bowl","floor":42},{"not_picked":["Havoc","Cleave+1","Uppercut"],"picked":"Singing Bowl","floor":44},{"not_picked":["Perfected Strike","Warcry","Anger"],"picked":"Singing Bowl","floor":45},{"not_picked":["Berserk","Double Tap","Juggernaut"],"picked":"Singing Bowl","floor":46},{"not_picked":["Inflame","Pommel Strike","True Grit+1"],"picked":"Singing Bowl","floor":47},{"not_picked":["Heavy Blade","Havoc","Twin Strike"],"picked":"Singing Bowl","floor":49}],"player_experience":372195,"relics_obtained":[{"floor":3,"key":"Whetstone"},{"floor":9,"key":"Omamori"},{"floor":12,"key":"CeramicFish"},{"floor":14,"key":"War Paint"},{"floor":20,"key":"Red Mask"},{"floor":25,"key":"Eternal Feather"},{"floor":26,"key":"Lantern"},{"floor":39,"key":"Runesmith:Locket"},{"floor":43,"key":"Runesmith:Nanobots"}],"event_choices":[{"damage_healed":0,"gold_gain":0,"player_choice":"Ignored","damage_taken":0,"max_hp_gain":0,"max_hp_loss":0,"event_name":"Liars Game","floor":2,"gold_loss":0},{"damage_healed":0,"gold_gain":0,"player_choice":"Take Wound","damage_taken":0,"relics_obtained":["Golden Idol"],"max_hp_gain":0,"max_hp_loss":0,"event_name":"Golden Idol","floor":4,"gold_loss":0,"cards_obtained":["Injury"]},{"cards_removed":["Injury"],"damage_healed":0,"gold_gain":0,"player_choice":"Card Removal","damage_taken":0,"max_hp_gain":0,"max_hp_loss":0,"event_name":"The Cleric","floor":5,"gold_loss":75},{"damage_healed":0,"gold_gain":30,"player_choice":"Searched \u00272\u0027 times","damage_taken":0,"max_hp_gain":0,"max_hp_loss":0,"event_name":"Dead Adventurer","floor":12,"gold_loss":0},{"cards_removed":["Finesse"],"damage_healed":0,"gold_gain":0,"player_choice":"Give","damage_taken":0,"max_hp_gain":0,"max_hp_loss":0,"event_name":"betterNote:BetterNote","floor":19,"gold_loss":0,"cards_obtained":["Injury"]},{"damage_healed":0,"gold_gain":0,"player_choice":"Fought Bandits","damage_taken":0,"max_hp_gain":0,"max_hp_loss":0,"event_name":"Masked Bandits","floor":20,"gold_loss":0},{"damage_healed":0,"gold_gain":0,"player_choice":"Simplicity","damage_taken":0,"max_hp_gain":0,"max_hp_loss":0,"event_name":"Back to Basics","floor":29,"gold_loss":0,"cards_upgraded":[]},{"damage_healed":39,"gold_gain":0,"player_choice":"Writhe","damage_taken":0,"max_hp_gain":0,"max_hp_loss":0,"event_name":"Winding Halls","floor":36,"gold_loss":0,"cards_obtained":["Writhe"]},{"damage_healed":0,"gold_gain":0,"player_choice":"Fight","damage_taken":0,"max_hp_gain":0,"max_hp_loss":0,"event_name":"Mysterious Sphere","floor":39,"gold_loss":0}],"is_beta":false,"boss_relics":[{"not_picked":["Fusion Hammer","Calling Bell"],"picked":"Black Blood"},{"not_picked":["Runic Dome","Velvet Choker","Astrolabe"]}],"items_purged_floors":[],"is_endless":false,"potions_floor_spawned":[6,11,18,22,25,33,35,39,45],"ascension_level":20}}