{"host":"raai0vtvcfkt8csp","time":1614038626,"event":{"mods":["2.2 Compatiblity","BaseMod","Beaked The Cultist","Block Reminder","Booster Modes","Clockwork Mod","Custom Start","DeckTracker","Defective Defect","Defuse TimeMaze Blight","Dio Mod","GifTheSpireLib","Infinite Spire","Minty Spire (QoL Compilation)","Quick Restart","Random Character Button","Rare Cards Sparkle","StSLib","The Marked","Uncapped","Unceasing Turn Reminder"],"gold_per_floor":[115,127,139,163,175,187,218,230,266,288,331,343,355,90,90,191,191,210,263,295,315,315,315,347,270,270,290,315,367,367,381,381,484,484,499,544,563,563,578,613,613,613,613,639,639],"floor_reached":44,"language":"ENG","playtime":3966,"items_purged":[],"score":722,"play_id":"274652d9-6321-4d80-8563-40eb12a65603","local_time":"20210223010346","daily_mods":["Hoarder","Specialized","Vintage"],"is_ascension_mode":true,"campfire_choices":[{"data":"beaked:Defend_Y","floor":6,"key":"SMITH"},{"data":"beaked:Defend_Y","floor":8,"key":"SMITH"},{"data":"beaked:Insight","floor":12,"key":"SMITH"},{"data":"Apotheosis","floor":15,"key":"SMITH"},{"data":"beaked:AwakenedForm","floor":23,"key":"SMITH"},{"data":"beaked:AwakenedForm","floor":32,"key":"SMITH"},{"data":"beaked:AwakenedForm","floor":42,"key":"SMITH"}],"circlet_count":0,"master_deck":["beaked:Strike_Y","beaked:Strike_Y","beaked:Strike_Y","beaked:Strike_Y","beaked:Strike_Y","beaked:Strike_Y","beaked:Defend_Y+1","beaked:Defend_Y+1","beaked:Defend_Y+1","beaked:Defend_Y+1","beaked:Ceremony","beaked:Ceremony","beaked:Ceremony","beaked:MachineEssence","beaked:MachineEssence","beaked:MachineEssence","beaked:MachineEssence","beaked:MachineEssence","beaked:MachineEssence","beaked:MachineEssence","beaked:MachineEssence","beaked:MachineEssence","beaked:MachineEssence","beaked:MachineEssence","beaked:MachineEssence","beaked:MachineEssence","beaked:MachineEssence","beaked:MachineEssence","beaked:Insight+1","beaked:Insight","beaked:Insight","Apotheosis+1","Apotheosis","Apotheosis","beaked:Insight","beaked:Insight","beaked:Insight","beaked:BloodForTheGods","beaked:BloodForTheGods","beaked:BloodForTheGods","beaked:AwakenedForm+1","beaked:AwakenedForm+1","beaked:AwakenedForm+1","beaked:HuntressEssence","beaked:HuntressEssence","beaked:HuntressEssence","beaked:Insight","beaked:Insight","beaked:Insight","beaked:WarriorEssence","beaked:WarriorEssence","beaked:WarriorEssence","beaked:Foresight","beaked:Foresight","beaked:Foresight","beaked:LiftOff","beaked:LiftOff","beaked:LiftOff","beaked:Insight+1","beaked:Insight+1","beaked:Insight+1","Madness","Madness","Madness","Madness","Madness","Madness"],"relics":["beaked:BlessedCoat","MawBank","Tiny Chest","Mummified Hand","infinitespire:WardingShard","War Paint","infinitespire:Eraser","Juzu Bracelet","White Beast Statue","Oddly Smooth Stone","Red Mask","Ginger","Darkstone Periapt","Bottled Lightning","Potion Belt","Torii","Blood Vial","Toy Ornithopter","Singing Bowl","Incense Burner","infinitespire:ShieldingShard","Vajra","infinitespire:CheckeredPen","infinitespire:Midas Blood","PreservedInsect"],"acts_visited":["Exordium","TheCity","TheBeyond"],"potions_floor_usage":[20,28,36,36,37,44],"damage_taken":[{"damage":51,"enemies":"Jaw Worm","floor":1,"turns":9},{"damage":26,"enemies":"Small Slimes","floor":4,"turns":8},{"damage":42,"enemies":"Cultist","floor":7,"turns":7},{"damage":34,"enemies":"2 Fungi Beasts","floor":10,"turns":7},{"damage":54,"enemies":"3 Sentries","floor":11,"turns":11},{"damage":172,"enemies":"Slime Boss","floor":16,"turns":17},{"damage":155,"enemies":"Spheric Guardian","floor":18,"turns":8},{"damage":206,"enemies":"Masked Bandits","floor":20,"turns":9},{"damage":105,"enemies":"Shell Parasite","floor":21,"turns":9},{"damage":261,"enemies":"Slavers","floor":24,"turns":11},{"damage":191,"enemies":"Sentry and Sphere","floor":27,"turns":12},{"damage":96,"enemies":"Book of Stabbing","floor":28,"turns":7},{"damage":80,"enemies":"Shelled Parasite and Fungi","floor":31,"turns":8},{"damage":122,"enemies":"Champ","floor":33,"turns":14},{"damage":96,"enemies":"Orb Walker","floor":35,"turns":10},{"damage":176,"enemies":"2 Orb Walkers","floor":36,"turns":9},{"damage":33,"enemies":"3 Darklings","floor":37,"turns":8},{"damage":78,"enemies":"Sphere and 2 Shapes","floor":39,"turns":9},{"damage":159,"enemies":"Nightmare","floor":40,"turns":15},{"damage":84,"enemies":"infinitespire:Three Voidlings","floor":44,"turns":5}],"seed_played":"6632825922279223947","potions_obtained":[{"floor":4,"key":"DuplicationPotion"},{"floor":7,"key":"Weak Potion"},{"floor":18,"key":"SpeedPotion"},{"floor":20,"key":"LiquidMemories"},{"floor":27,"key":"Explosive Potion"},{"floor":28,"key":"AttackPotion"},{"floor":31,"key":"DistilledChaos"},{"floor":36,"key":"Strength Potion"},{"floor":37,"key":"Fruit Juice"},{"floor":39,"key":"CultistPotion"}],"is_trial":true,"path_per_floor":["M","?","?","M","?","R","M","R","T","M","E","R","?","$","R","B",null,"M","T","?","M","?","R","E","$","T","M","E","T","?","M","R","B",null,"M","?","M","?","M","NM","T","R","T","?"],"character_chosen":"BEAKED_THE_CULTIST","items_purchased":["Apotheosis","beaked:Insight","beaked:BloodForTheGods","beaked:Insight","beaked:WarriorEssence"],"campfire_rested":0,"item_purchase_floors":[14,14,14,25,25],"current_hp_per_floor":[33,33,38,43,36,36,55,55,55,55,55,55,55,55,55,55,55,55,55,55,55,55,55,55,55,55,55,55,55,55,55,55,55,55,55,55,60,52,45,62,62,62,62,0,0],"gold":639,"neow_bonus":"","is_daily":false,"chose_seed":true,"campfire_upgraded":7,"win_rate":0.0,"timestamp":1614038626,"path_taken":["M","?","?","M","?","R","?","R","T","M","E","R","?","$","R","BOSS","M","?","?","M","?","R","E","?","T","M","E","?","?","M","R","BOSS","M","?","M","?","M","NM","?","R","T","?"],"items_purchased_type":["Card","Card","Card","Card","Card"],"build_version":"2020-12-22","purchased_purges":0,"victory":false,"max_hp_per_floor":[50,50,55,55,55,55,55,55,55,55,55,55,55,55,55,55,55,55,55,55,55,55,55,55,55,55,55,55,55,55,55,55,55,55,55,55,60,60,60,62,62,62,62,62,62],"card_choices":[{"not_picked":["beaked:Windmill","beaked:WarriorEssence"],"picked":"beaked:Insight","floor":11},{"not_picked":["beaked:ShadowFade","beaked:ScreechingChant"],"picked":"beaked:AwakenedForm","floor":16},{"not_picked":["beaked:DigDeep+1","beaked:Pecker"],"picked":"beaked:HuntressEssence","floor":24},{"not_picked":["beaked:WarriorEssence","beaked:BloodRitual+1"],"picked":"beaked:Foresight","floor":28},{"not_picked":["beaked:MachineEssence","beaked:FullHouse"],"picked":"beaked:LiftOff","floor":33},{"not_picked":["beaked:Redirect+1","beaked:FeelMyPain+1"],"picked":"beaked:Insight+1","floor":36},{"not_picked":["beaked:Replenish+1","beaked:HuntressSpirit+1","beaked:SacrificialDive+1"],"picked":"Singing Bowl","floor":40}],"player_experience":1100152,"relics_obtained":[{"floor":1,"key":"MawBank"},{"floor":4,"key":"Tiny Chest"},{"floor":7,"key":"infinitespire:WardingShard"},{"floor":9,"key":"War Paint"},{"floor":10,"key":"infinitespire:Eraser"},{"floor":11,"key":"Juzu Bracelet"},{"floor":18,"key":"White Beast Statue"},{"floor":19,"key":"Oddly Smooth Stone"},{"floor":20,"key":"Red Mask"},{"floor":21,"key":"Ginger"},{"floor":24,"key":"Darkstone Periapt"},{"floor":26,"key":"Bottled Lightning"},{"floor":27,"key":"Potion Belt"},{"floor":28,"key":"Torii"},{"floor":29,"key":"Blood Vial"},{"floor":31,"key":"Toy Ornithopter"},{"floor":35,"key":"Singing Bowl"},{"floor":36,"key":"Incense Burner"},{"floor":37,"key":"infinitespire:ShieldingShard"},{"floor":39,"key":"Vajra"},{"floor":40,"key":"infinitespire:CheckeredPen"},{"floor":41,"key":"infinitespire:Midas Blood"},{"floor":43,"key":"PreservedInsect"}],"event_choices":[{"damage_healed":0,"gold_gain":0,"player_choice":"Ignored","damage_taken":0,"max_hp_gain":0,"max_hp_loss":0,"event_name":"Golden Idol","floor":2,"gold_loss":0},{"damage_healed":0,"gold_gain":0,"player_choice":"Donut","damage_taken":0,"max_hp_gain":5,"max_hp_loss":0,"event_name":"Big Fish","floor":3,"gold_loss":0},{"damage_healed":0,"gold_gain":0,"player_choice":"Success","damage_taken":7,"relics_obtained":["Mummified Hand"],"max_hp_gain":0,"max_hp_loss":0,"event_name":"Scrap Ooze","floor":5,"gold_loss":0},{"damage_healed":0,"gold_gain":0,"player_choice":"Leave","damage_taken":0,"max_hp_gain":0,"max_hp_loss":0,"event_name":"The Cleric","floor":13,"gold_loss":0},{"damage_healed":0,"gold_gain":0,"player_choice":"Fought Bandits","damage_taken":0,"max_hp_gain":0,"max_hp_loss":0,"event_name":"Masked Bandits","floor":20,"gold_loss":0},{"damage_healed":0,"gold_gain":0,"player_choice":"Ignored","damage_taken":0,"max_hp_gain":0,"max_hp_loss":0,"event_name":"Ghosts","floor":22,"gold_loss":0},{"damage_healed":0,"gold_gain":0,"player_choice":"Ignored","damage_taken":0,"max_hp_gain":0,"max_hp_loss":0,"event_name":"Beggar","floor":30,"gold_loss":0},{"damage_healed":0,"gold_gain":0,"player_choice":"Fight","damage_taken":0,"max_hp_gain":0,"max_hp_loss":0,"event_name":"Mysterious Sphere","floor":36,"gold_loss":0},{"damage_healed":0,"gold_gain":0,"player_choice":"Embrace Madness","damage_taken":8,"max_hp_gain":0,"max_hp_loss":0,"event_name":"Winding Halls","floor":38,"gold_loss":0,"cards_obtained":["Madness","Madness"]}],"is_beta":false,"boss_relics":[{"not_picked":["Pandora\u0027s Box","beaked:SacredDeck"],"picked":"beaked:BlessedCoat"},{"not_picked":["beaked:SacrificeDoll","beaked:FlawlessSticks","beaked:MawFillet"]}],"items_purged_floors":[],"is_endless":true,"potions_floor_spawned":[4,7,18,20,21,24,27,28,31,33,35,36,37,39,40],"killed_by":"infinitespire:Three Voidlings","ascension_level":1}}