{"host":"gzsdmyo07u314vug","time":1614080363,"event":{"mods":["2.2 Compatiblity","Astrologer","BaseMod","Colored Powertips","GifTheSpireLib","Gremlin Mod","Hermit","Jorbs\u0027s Wanderer Trilogy","Minty Spire (QoL Compilation)","Quick Restart","Rare Cards Sparkle","Relic Stats","Replay The Spire","Robot Space Explorer","Shop Mod","StSLib","The Bladedancer","The Bug Knight","The Construct","The Cursed","The Elementalist","The Hierophant","The IronCluck","The Marked","The Necromancer","The Runesmith","The Servant 0.9.4","Unceasing Turn Reminder","everything is the same but u backflip on backflip","slay the spire mod where everything is the same but ironclad has a cowboy hat"],"gold_per_floor":[113,113,135,20,44,44,64,64,64,78,99,174,196,146,146,258,258,284,55,55,76,76,76,101,121,171,270,26,53,53,72,72,184,184,202,202,202,27,77,84,84],"floor_reached":40,"language":"ENG","playtime":1818,"items_purged":["hermit:Strike_Hermit","hermit:Defend_Hermit","Amnesia"],"score":689,"play_id":"5ff75528-4c7f-4699-9fcd-38164f8019d8","local_time":"20210223083923","is_ascension_mode":true,"campfire_choices":[{"data":"hermit:Scavenge","floor":6.0,"key":"SMITH"},{"data":"hermit:Brawl","floor":8.0,"key":"SMITH"},{"data":"hermit:Desperado","floor":15.0,"key":"SMITH"},{"data":"hermit:FlashPowder","floor":23.0,"key":"SMITH"},{"data":"hermit:LowProfile","floor":32.0,"key":"SMITH"}],"circlet_count":0,"master_deck":["hermit:Defend_Hermit","hermit:Defend_Hermit","hermit:Snapshot","hermit:Covet","hermit:Scavenge+1","hermit:LowProfile+1","hermit:FlashPowder+1","hermit:Brawl+1","hermit:Gestalt","hermit:RoundhouseKick","ReplayTheSpireMod:Private Reserves","hermit:Dive"],"relics":["hermit:Momento","Bag of Preparation","hermit:BartenderGlass","Anchor","Orichalcum","Replay:Baseball","ReplayTheSpireMod:Ring of Addiction","White Beast Statue","Potion Belt","ReplayTheSpireMod:Ring of Exchange","Replay:Grab Bag","Fusion Hammer","ReplayTheSpireMod:DimensionalGlitch","Black Star"],"acts_visited":["Exordium","TheCity","TheBeyond"],"potions_floor_usage":[40,40,40,40,40],"damage_taken":[{"damage":2.0,"enemies":"Jaw Worm","floor":1.0,"turns":3.0},{"damage":0.0,"enemies":"Cultist","floor":3.0,"turns":3.0},{"damage":2.0,"enemies":"Small Slimes","floor":5.0,"turns":5.0},{"damage":0.0,"enemies":"Looter","floor":7.0,"turns":4.0},{"damage":0.0,"enemies":"2 Fungi Beasts","floor":10.0,"turns":2.0},{"damage":0.0,"enemies":"Lots of Slimes","floor":11.0,"turns":4.0},{"damage":0.0,"enemies":"Looter","floor":13.0,"turns":4.0},{"damage":25.0,"enemies":"Slime Boss","floor":16.0,"turns":8.0},{"damage":15.0,"enemies":"3 Byrds","floor":18.0,"turns":6.0},{"damage":9.0,"enemies":"Spheric Guardian","floor":21.0,"turns":6.0},{"damage":0.0,"enemies":"Snecko","floor":22.0,"turns":1.0},{"damage":5.0,"enemies":"Snake Plant","floor":24.0,"turns":5.0},{"damage":1.0,"enemies":"Centurion and Healer","floor":25.0,"turns":6.0},{"damage":0.0,"enemies":"Shelled Parasite and Fungi","floor":29.0,"turns":5.0},{"damage":0.0,"enemies":"Cultist and Chosen","floor":31.0,"turns":5.0},{"damage":11.0,"enemies":"Pondfish","floor":33.0,"turns":10.0},{"damage":20.0,"enemies":"3 Darklings","floor":35.0,"turns":6.0},{"damage":58,"enemies":"Reptomancer","floor":40,"turns":9}],"seed_played":"3437267260556791405","potions_obtained":[{"floor":1.0,"key":"Fire Potion"},{"floor":10.0,"key":"Adrenaline Potion"},{"floor":11.0,"key":"Adrenaline Potion"},{"floor":13.0,"key":"SneckoOil"},{"floor":18.0,"key":"CultistPotion"},{"floor":29.0,"key":"Block Potion"},{"floor":30.0,"key":"PowerPotion"},{"floor":30.0,"key":"Flashbang"},{"floor":30.0,"key":"AttackPotion"},{"floor":33.0,"key":"Doom Potion"},{"floor":35.0,"key":"hermit:Eclipse"}],"is_trial":false,"path_per_floor":["M","?","M","$","M","R","M","R","T","M","M","?","M","?","R","B",null,"M","$","?","M","M","R","M","M","T","?","$","M","?","M","R","B",null,"M","?","?","$","?","E"],"character_chosen":"HERMIT","items_purchased":["hermit:FlashPowder","hermit:Brawl","Anchor","Replay:Baseball","hermit:Dive"],"campfire_rested":0,"item_purchase_floors":[4,4,19,28,38],"current_hp_per_floor":[48,48,48,48,46,46,46,46,46,46,46,35,35,35,35,10,59,44,44,44,35,35,35,30,29,29,29,29,29,29,29,29,18,61,41,41,41,41,41,0,0],"gold":84,"neow_bonus":"REMOVE_TWO","is_daily":false,"chose_seed":false,"campfire_upgraded":5,"win_rate":0.0,"timestamp":1614080363,"path_taken":["M","?","?","$","M","R","M","R","T","M","M","?","M","?","R","BOSS","M","$","?","M","?","R","M","M","T","?","$","M","?","?","R","BOSS","M","?","?","$","?","E"],"items_purchased_type":["Card","Card","Relic","Relic","Card"],"build_version":"2020-12-22","purchased_purges":3,"victory":false,"max_hp_per_floor":[75,75,75,75,75,75,75,75,75,75,75,75,75,75,75,75,75,75,75,75,75,75,75,75,75,75,75,75,75,75,75,75,75,75,75,75,75,75,73,73,73],"relic_stats":{"counters":[18,92],"Bag of Preparation":[28],"Black Star":0,"Orichalcum":[24],"obtain_stats":[{"Potion Belt":30,"ReplayTheSpireMod:Ring of Exchange":30,"ReplayTheSpireMod:Ring of Addiction":30,"Replay:Grab Bag":34,"Bag of Preparation":9,"Orichalcum":26,"White Beast Statue":30,"Anchor":19,"Replay:Baseball":28,"hermit:BartenderGlass":17,"Fusion Hammer":34,"Black Star":34,"ReplayTheSpireMod:DimensionalGlitch":34,"hermit:Momento":0},{"Potion Belt":14,"ReplayTheSpireMod:Ring of Exchange":14,"ReplayTheSpireMod:Ring of Addiction":14,"Replay:Grab Bag":16,"Bag of Preparation":4,"Orichalcum":13,"White Beast Statue":14,"Anchor":9,"Replay:Baseball":13,"hermit:BartenderGlass":8,"Fusion Hammer":16,"Black Star":16,"ReplayTheSpireMod:DimensionalGlitch":16,"hermit:Momento":0},{"Potion Belt":62,"ReplayTheSpireMod:Ring of Exchange":62,"ReplayTheSpireMod:Ring of Addiction":62,"Replay:Grab Bag":77,"Bag of Preparation":15,"Orichalcum":57,"White Beast Statue":62,"Anchor":39,"Replay:Baseball":57,"hermit:BartenderGlass":33,"Fusion Hammer":77,"Black Star":77,"ReplayTheSpireMod:DimensionalGlitch":77,"hermit:Momento":0}]},"card_choices":[{"not_picked":["hermit:Enervate","hermit:Grudge"],"picked":"hermit:Scavenge","floor":1.0},{"not_picked":["hermit:LowProfile","hermit:Vantage","hermit:Ricochet"],"picked":"SKIP","floor":3.0},{"not_picked":["hermit:Vantage","hermit:Ricochet"],"picked":"hermit:LowProfile","floor":3.0},{"not_picked":["hermit:Dive","hermit:Headshot","hermit:TrackingShot"],"picked":"SKIP","floor":5.0},{"not_picked":["hermit:LoneWolf","hermit:Shortfuse","hermit:EyeOfTheStorm"],"picked":"SKIP","floor":7.0},{"not_picked":["hermit:Ricochet","hermit:ItchyTrigger"],"picked":"hermit:Desperado","floor":10.0},{"not_picked":["hermit:Horror","hermit:SprayPray","hermit:WideOpen"],"picked":"SKIP","floor":11.0},{"not_picked":["hermit:EternalForm","hermit:Coalescence","hermit:Glare"],"picked":"SKIP","floor":13.0},{"not_picked":["hermit:Grudge","hermit:Desperado"],"picked":"hermit:Gestalt","floor":18.0},{"not_picked":["hermit:Headshot","hermit:Quickdraw","hermit:Horror"],"picked":"SKIP","floor":21.0},{"not_picked":["hermit:Ricochet","hermit:Dissolve","hermit:PistolWhip"],"picked":"SKIP","floor":24.0},{"not_picked":["hermit:Midnight+1","hermit:Manifest","hermit:Desperado"],"picked":"SKIP","floor":25.0},{"not_picked":["hermit:Ricochet","hermit:HighCaliber","hermit:NoHoldsBarred"],"picked":"SKIP","floor":29.0},{"not_picked":["hermit:Maintenance+1","hermit:ShadowCloak","hermit:Feint"],"picked":"SKIP","floor":31.0},{"not_picked":["hermit:OverwhelmingPower","hermit:EternalForm"],"picked":"hermit:RoundhouseKick","floor":33.0},{"not_picked":["hermit:Horror","hermit:Headshot+1","hermit:Feint"],"picked":"SKIP","floor":35.0},{"not_picked":["Madness","ReplayTheSpireMod:Uncanny Aura"],"picked":"ReplayTheSpireMod:Private Reserves","floor":37.0}],"player_experience":955437,"relics_obtained":[{"floor":9.0,"key":"Bag of Preparation"},{"floor":26.0,"key":"Orichalcum"},{"floor":30.0,"key":"ReplayTheSpireMod:Ring of Addiction"},{"floor":30.0,"key":"White Beast Statue"},{"floor":30.0,"key":"Potion Belt"},{"floor":30.0,"key":"ReplayTheSpireMod:Ring of Exchange"}],"event_choices":[{"damage_healed":0.0,"max_hp_gain":0.0,"max_hp_loss":0.0,"gold_gain":0.0,"event_name":"The Woman in Blue","player_choice":"Bought 0 Potions","floor":2.0,"gold_loss":0.0,"damage_taken":0.0},{"damage_healed":0.0,"max_hp_gain":0.0,"max_hp_loss":0.0,"gold_gain":75.0,"event_name":"World of Goop","player_choice":"Gather Gold","floor":12.0,"gold_loss":0.0,"damage_taken":11.0},{"cards_removed":["hermit:Strike_Hermit"],"damage_healed":0.0,"max_hp_gain":0.0,"max_hp_loss":0.0,"gold_gain":0.0,"event_name":"The Cleric","player_choice":"Card Removal","floor":14.0,"gold_loss":50.0,"damage_taken":0.0},{"cards_removed":["hermit:Strike_Hermit"],"damage_healed":0.0,"max_hp_gain":0.0,"max_hp_loss":0.0,"gold_gain":0.0,"event_name":"Bonfire Elementals","player_choice":"Offered Basic","floor":20.0,"gold_loss":0.0,"damage_taken":0.0},{"damage_healed":0.0,"max_hp_gain":0.0,"max_hp_loss":0.0,"gold_gain":99.0,"event_name":"Nest","player_choice":"Stole From Cult","floor":27.0,"gold_loss":0.0,"damage_taken":0.0},{"cards_removed":["hermit:Desperado"],"damage_healed":0.0,"max_hp_gain":0.0,"max_hp_loss":0.0,"gold_gain":0.0,"event_name":"Falling","player_choice":"Removed Attack","floor":36.0,"gold_loss":0.0,"damage_taken":0.0},{"damage_healed":0.0,"max_hp_gain":0.0,"max_hp_loss":0.0,"gold_gain":0.0,"event_name":"SensoryStone","player_choice":"Memory 1","floor":37.0,"gold_loss":0.0,"damage_taken":0.0}],"is_beta":false,"boss_relics":[{"not_picked":["SacredBark","Replay:Bronze Core"],"picked":"hermit:BartenderGlass"},{"not_picked":["Kintsugi","Snecko Eye"],"picked":"Replay:Grab Bag"},{"not_picked":["Coffee Dripper","Abe\u0027s Treasure"],"picked":"Fusion Hammer"},{"not_picked":["Cursed Key","ReplayTheSpireMod:Onyx Gauntlets"],"picked":"ReplayTheSpireMod:DimensionalGlitch"},{"not_picked":["Pandora\u0027s Box","SlaversCollar"],"picked":"Black Star"}],"items_purged_floors":[19,28,38],"is_endless":false,"potions_floor_spawned":[1,10,11,13,18,29,31,33,35],"killed_by":"Reptomancer","ascension_level":6}}