{"host":"40e4adzyl212zebh","time":1614068280,"event":{"mods":["Act Like it!","BaseMod","Colored Map","Colored Powertips","DeckTracker","Hallownest","Minty Spire (QoL Compilation)","Quick Restart","Random Character Button","Relic Stats","StSLib","The Bug Knight"],"gold_per_floor":[109,34,45,45,45,79,79,90,90,15,15,49,49,189,189,288,288,308,0,15,28,42,42,68,78,105,122,122,122,22,57,57,152,152,172,0,0,7,7,39,39,39,39,29,29,45,59,113,113,113,113],"floor_reached":50,"language":"ENG","playtime":5726,"items_purged":["Writhe","HollowMod:NailStrikeStart"],"score":526,"play_id":"1c5a67a3-3be5-4fd9-b71d-a19bdd056b22","local_time":"20210223171800","is_ascension_mode":false,"campfire_choices":[{"floor":7,"key":"RECALL"},{"data":"HollowMod:TaintedHusks","floor":11,"key":"SMITH"},{"data":"HollowMod:NewGlowingWomb","floor":13,"key":"SMITH"},{"data":"Panache","floor":15,"key":"SMITH"},{"data":"HollowMod:MothsMistake","floor":23,"key":"SMITH"},{"floor":29,"key":"REST"},{"data":"HollowMod:SlysStrikes","floor":32,"key":"SMITH"},{"data":"HollowMod:FocusHealStart","floor":41,"key":"SMITH"},{"data":"HollowMod:ZotesMagnificence","floor":45,"key":"SMITH"},{"floor":49,"key":"REST"}],"circlet_count":0,"master_deck":["HollowMod:NailStrikeStart","HollowMod:NailStrikeStart","HollowMod:NailStrikeStart","HollowMod:QuickDashStart","HollowMod:QuickDashStart","HollowMod:QuickDashStart","HollowMod:QuickDashStart","HollowMod:FocusHealStart+1","HollowMod:PogoStrike","Panache+1","HollowMod:CloakDash","HollowMod:NewGlowingWomb+1","HollowMod:HuntersJournal","HollowMod:TaintedHusks+1","HollowMod:CloakDash","HollowMod:ZotesMagnificence+1","HollowMod:DesolateDive+1","Impatience+1","Transmutation+1","Deep Breath+1","HollowMod:CloakDash","HollowMod:MothsMistake+1","HollowMod:PerfectDash","HollowMod:SlysStrikes+1","HollowMod:NewLittleFool+1","Chrysalis+1","HollowMod:SoulMaster","HollowMod:NewInfectedGuardian","HollowMod:HuntersJournal+1","Hallownest:curseDreamersLament","HollowMod:MonarchWings+1","HollowMod:HuntersJournal+1"],"relics":["HollowMod:VesselMask","HollowMod:StagPassRelic","Hallownest:BankAccountRelic","The Courier","Sozu","Vajra","Smiling Mask","Busted Crown","Hallownest:StagBellRelic1","Hallownest:KingsIdolRelic","Hallownest:BeastSealRelic","Dream Catcher","Bottled Lightning","Anchor"],"acts_visited":["Exordium","Hallownest:Greenpath","Hallownest:CityofTears"],"potions_floor_usage":[33,33],"damage_taken":[{"damage":0,"enemies":"Hallownest:2_MossCreeps","floor":1,"turns":5},{"damage":0,"enemies":"Hallownest:monsterHuskWarrior","floor":3,"turns":3},{"damage":39,"enemies":"Hallownest:eliteMossKnight","floor":6,"turns":16},{"damage":0,"enemies":"Hallownest:2_Tiktiks_and_1_Crawlid","floor":8,"turns":5},{"damage":6,"enemies":"Hallownest:eliteVengeflyKing","floor":12,"turns":8},{"damage":61,"enemies":"Hallownest:BossBrokenVessel","floor":16,"turns":10},{"damage":12,"enemies":"Hallownest:3_Youths","floor":18,"turns":7},{"damage":8,"enemies":"Hallownest:Guard_and_Sentry","floor":20,"turns":3},{"damage":18,"enemies":"Hallownest:Warrior_and_Youth","floor":21,"turns":8},{"damage":7,"enemies":"Hallownest:3_Mistakes","floor":22,"turns":6},{"damage":16,"enemies":"Hallownest:eliteSoulWarrior","floor":24,"turns":4},{"damage":12,"enemies":"Hallownest:Master_and_Novice","floor":25,"turns":4},{"damage":0,"enemies":"Hallownest:monsterShrumalOgre","floor":27,"turns":4},{"damage":9,"enemies":"Hallownest:monsterShrumalOgre","floor":28,"turns":3},{"damage":10,"enemies":"Hallownest:Warrior_and_Youth","floor":31,"turns":4},{"damage":65,"enemies":"Hallownest:BossMantisLord","floor":33,"turns":6},{"damage":3,"enemies":"Hallownest:Shield_Heavy","floor":35,"turns":3},{"damage":15,"enemies":"Hallownest:eliteCollector","floor":40,"turns":5},{"damage":15,"enemies":"Hallownest:2_Littles","floor":46,"turns":4},{"damage":11,"enemies":"Hallownest:monsterPrimalAspid","floor":47,"turns":4},{"damage":25,"enemies":"Hallownest:StalkingDevout","floor":48,"turns":5},{"damage":77,"enemies":"Hallownest:BossHollowKnight","floor":50,"turns":6}],"seed_played":"-1027375192404556238","potions_obtained":[{"floor":8,"key":"Explosive Potion"},{"floor":12,"key":"Explosive Potion"},{"floor":16,"key":"Fire Potion"}],"is_trial":false,"path_per_floor":["M","?","M","?","?","E","R","M","T","?","R","E","R","?","R","B",null,"M","$","M","M","M","R","E","M","T","M","?","R","$","M","R","B",null,"M","?","?","$","?","E","R","?","T","$","R","M","M","E","R","B"],"character_chosen":"THE_BUGKNIGHT","items_purchased":["Impatience","Transmutation","Deep Breath","Chrysalis","HollowMod:HuntersJournal"],"campfire_rested":2,"item_purchase_floors":[19,19,19,30,38],"current_hp_per_floor":[68,73,73,64,73,45,45,51,51,51,51,51,51,51,51,2,82,80,80,78,70,73,73,57,51,51,51,48,72,72,62,62,7,82,82,82,82,82,82,67,67,82,82,82,82,73,68,43,67,0,0],"gold":113,"neow_bonus":"RANDOM_COLORLESS_2","is_daily":false,"chose_seed":false,"campfire_upgraded":7,"win_rate":0.0,"timestamp":1614068280,"path_taken":["M","?","M","?","?","E","R","M","T","?","R","E","R","?","R","BOSS","M","$","M","M","M","R","E","M","T","M","?","R","$","M","R","BOSS","M","?","?","$","?","E","R","?","T","?","R","M","?","E","R","BOSS"],"items_purchased_type":["Card","Card","Card","Card","Card"],"build_version":"2020-12-22","purchased_purges":2,"victory":false,"max_hp_per_floor":[68,73,73,73,82,82,82,82,82,82,82,82,82,82,82,82,82,82,82,82,82,82,82,82,82,82,82,82,82,82,82,82,82,82,82,82,82,82,82,82,82,82,82,82,82,82,82,82,82,82,82],"relic_stats":{"Sozu":6,"Dream Catcher":1,"Busted Crown":12,"counters":[22,123],"Smiling Mask":30,"obtain_stats":[{"Hallownest:StagBellRelic1":36,"Vajra":24,"HollowMod:VesselMask":0,"The Courier":12,"Hallownest:KingsIdolRelic":37,"HollowMod:StagPassRelic":6,"Smiling Mask":26,"Sozu":17,"Dream Catcher":40,"Anchor":48,"Busted Crown":34,"Hallownest:BankAccountRelic":10,"Bottled Lightning":43,"Hallownest:BeastSealRelic":39},{"Hallownest:StagBellRelic1":17,"Vajra":11,"HollowMod:VesselMask":0,"The Courier":5,"Hallownest:KingsIdolRelic":17,"HollowMod:StagPassRelic":3,"Smiling Mask":12,"Sozu":6,"Dream Catcher":18,"Anchor":21,"Busted Crown":16,"Hallownest:BankAccountRelic":4,"Bottled Lightning":18,"Hallownest:BeastSealRelic":17},{"Hallownest:StagBellRelic1":99,"Vajra":75,"HollowMod:VesselMask":0,"The Courier":37,"Hallownest:KingsIdolRelic":99,"HollowMod:StagPassRelic":24,"Smiling Mask":79,"Sozu":47,"Dream Catcher":104,"Anchor":117,"Busted Crown":96,"Hallownest:BankAccountRelic":29,"Bottled Lightning":104,"Hallownest:BeastSealRelic":99}]},"card_choices":[{"not_picked":["Mayhem","Thinking Ahead"],"picked":"Panache","floor":0},{"not_picked":["HollowMod:Grubsong","HollowMod:HuntersJournal"],"picked":"HollowMod:CloakDash","floor":1},{"not_picked":["HollowMod:MonarchWings","HollowMod:SoulEater"],"picked":"HollowMod:NewGlowingWomb","floor":3},{"not_picked":["HollowMod:BaldurShell","HollowMod:HowlingWraiths"],"picked":"HollowMod:HuntersJournal","floor":6},{"not_picked":["HollowMod:SharpenedNail","HollowMod:InfectionAssault"],"picked":"HollowMod:TaintedHusks","floor":8},{"not_picked":["HollowMod:WraithStrike","HollowMod:HowlingWraiths"],"picked":"HollowMod:CloakDash","floor":12},{"not_picked":["HollowMod:Weaversong","HollowMod:theNailsmith"],"picked":"HollowMod:ZotesMagnificence","floor":16},{"not_picked":["HollowMod:SharpenedNail","HollowMod:InfectionAssault"],"picked":"HollowMod:DesolateDive+1","floor":18},{"not_picked":["HollowMod:GoodIntentions","HollowMod:GrimmsGift"],"picked":"HollowMod:CloakDash","floor":20},{"not_picked":["HollowMod:HowlingWraiths+1","HollowMod:DoubleDash"],"picked":"HollowMod:MothsMistake","floor":21},{"not_picked":["HollowMod:InfectedCysts","HollowMod:CloakDash+1"],"picked":"HollowMod:PerfectDash","floor":22},{"not_picked":["HollowMod:GrimmsGift+1","HollowMod:FallenFury"],"picked":"HollowMod:SlysStrikes","floor":24},{"not_picked":["HollowMod:DashSlash+1","HollowMod:WraithStrike+1","HollowMod:CornifersMapStart"],"picked":"SKIP","floor":25},{"not_picked":["HollowMod:WraithStrike","HollowMod:SoulStrike"],"picked":"HollowMod:NewLittleFool+1","floor":27},{"not_picked":["HollowMod:CloakDash+1","HollowMod:SoulSplash"],"picked":"HollowMod:SoulMaster","floor":31},{"not_picked":["HollowMod:ZotesMagnificence","HollowMod:Weaversong"],"picked":"HollowMod:NewInfectedGuardian","floor":33},{"not_picked":["HollowMod:HowlingWraiths+1"],"picked":"SKIP","floor":35},{"not_picked":[],"picked":"HollowMod:MonarchWings+1","floor":40},{"not_picked":["HollowMod:PureNailStrike+1"],"picked":"SKIP","floor":46},{"not_picked":["HollowMod:CornifersMapStart"],"picked":"SKIP","floor":47},{"not_picked":["HollowMod:SoulMaster"],"picked":"SKIP","floor":48},{"not_picked":[],"picked":"HollowMod:HuntersJournal+1","floor":49}],"player_experience":609509,"relics_obtained":[{"floor":6,"key":"HollowMod:StagPassRelic"},{"floor":12,"key":"The Courier"},{"floor":24,"key":"Vajra"},{"floor":26,"key":"Smiling Mask"},{"floor":40,"key":"Dream Catcher"},{"floor":43,"key":"Bottled Lightning"},{"floor":48,"key":"Anchor"}],"event_choices":[],"is_beta":false,"boss_relics":[{"not_picked":["Ectoplasm","Tiny House"],"picked":"Sozu"},{"not_picked":["Black Star","Velvet Choker"],"picked":"Busted Crown"}],"items_purged_floors":[19,44],"is_endless":false,"potions_floor_spawned":[8,12,16,20,24,25,28,33,46,47],"killed_by":"Hallownest:BossHollowKnight","ascension_level":0}}