{"host":"i5vvwdf42szr3cje","time":1614039698,"event":{"mods":["BaseMod","Colored Map","Hermit","Minty Spire (QoL Compilation)","Replay The Spire","StSLib","The Disciple","The Hierophant"],"gold_per_floor":[109,127,138,157,167,200,217,217,217,248,265,265,295,330,330,427,527,545,545,545,545,557,589,601,630,630,650,577,577,605,530,530,530,530],"floor_reached":33,"language":"ENG","playtime":3462,"items_purged":["Strike_G"],"score":440,"play_id":"00f10ddf-8c66-433b-a59b-b3697eae5882","local_time":"20210222162138","is_ascension_mode":true,"campfire_choices":[{"floor":8.0,"key":"REST"},{"floor":15.0,"key":"REST"},{"data":"Footwork","floor":29,"key":"SMITH"},{"data":"Cloak And Dagger","floor":32,"key":"SMITH"}],"circlet_count":0,"master_deck":["Strike_G","Strike_G+1","Strike_G","Strike_G","Defend_G","Defend_G","Defend_G","Defend_G","Defend_G+1","Neutralize","Cloak And Dagger+1","Flying Knee","Acrobatics","Dagger Throw","Hidden Blade","Wraith Form v2","Blur","Backflip","Calculated Gamble+1","Backflip","Venomology","Blade Dance","Writhe","Accuracy","Footwork+1","Leg Sweep","Venomology","ReplayTheSpireMod:Scrap Shanks","Blade Dance"],"relics":["Ring of the Snake","Replay:Accelerometer","ReplayTheSpireMod:Lightbulb","Replay:Baseball","Regal Pillow","Replay:Wanted Poster","Iron Hammer","MutagenicStrength","PreservedInsect","Simple Rune","Lantern"],"acts_visited":["Exordium","TheCity"],"potions_floor_usage":[27,27,30,30,33,33],"damage_taken":[{"damage":2.0,"enemies":"Cultist","floor":1.0,"turns":6.0},{"damage":0.0,"enemies":"Jaw Worm","floor":2.0,"turns":4.0},{"damage":3.0,"enemies":"2 Louse","floor":3.0,"turns":3.0},{"damage":0.0,"enemies":"2 Fungi Beasts","floor":4.0,"turns":3.0},{"damage":0.0,"enemies":"Blue Slaver","floor":5.0,"turns":4.0},{"damage":54.0,"enemies":"Lagavulin","floor":6.0,"turns":10.0},{"damage":4.0,"enemies":"Large Slime","floor":7.0,"turns":6.0},{"damage":13.0,"enemies":"3 Sentries","floor":10.0,"turns":13.0},{"damage":2.0,"enemies":"3 Louse","floor":11.0,"turns":4.0},{"damage":16.0,"enemies":"Lagavulin","floor":14.0,"turns":8.0},{"damage":34.0,"enemies":"Fading Forest","floor":16.0,"turns":11.0},{"damage":6.0,"enemies":"Shell Parasite","floor":18.0,"turns":10.0},{"damage":0.0,"enemies":"Chosen","floor":22.0,"turns":5.0},{"damage":0.0,"enemies":"Book of Stabbing","floor":23.0,"turns":8.0},{"damage":19.0,"enemies":"Shelled Parasite and Fungi","floor":24.0,"turns":5.0},{"damage":1.0,"enemies":"Slavers","floor":25.0,"turns":4.0},{"damage":3,"enemies":"3 Cultists","floor":27,"turns":5},{"damage":1,"enemies":"Replay:Snechameleon","floor":30,"turns":4},{"damage":36,"enemies":"Collector","floor":33,"turns":5}],"seed_played":"3717957422719651278","potions_obtained":[{"floor":3.0,"key":"GamblersBrew"},{"floor":5.0,"key":"SkillPotion"},{"floor":6.0,"key":"Elixir"},{"floor":7.0,"key":"DuplicationPotion"},{"floor":14.0,"key":"DuplicationPotion"},{"floor":22.0,"key":"Block Potion"},{"floor":25.0,"key":"Adrenaline Potion"}],"is_trial":false,"path_per_floor":["M","M","M","M","M","E","M","R","T","E","M","?","?","E","R","B",null,"M","?","?","?","M","E","M","E","T","M","$","R","E","$","R","B"],"character_chosen":"THE_SILENT","items_purchased":["ReplayTheSpireMod:Scrap Shanks"],"campfire_rested":2,"item_purchase_floors":[28],"current_hp_per_floor":[75,75,72,72,72,18,14,37,37,24,22,22,22,6,44,10,60,54,54,54,54,54,54,35,34,34,31,31,31,30,30,30,0,0],"gold":530,"neow_bonus":"TEN_PERCENT_HP_BONUS","is_daily":false,"chose_seed":false,"campfire_upgraded":2,"win_rate":0.0,"timestamp":1614039698,"path_taken":["M","M","M","M","M","E","?","R","T","E","M","?","?","E","R","BOSS","M","?","?","?","M","E","M","E","T","M","?","R","E","$","R","BOSS"],"items_purchased_type":["Card"],"build_version":"2020-12-22","purchased_purges":1,"victory":false,"max_hp_per_floor":[77,77,77,77,77,77,77,77,77,77,77,77,77,77,77,77,77,77,77,77,77,77,77,77,77,77,77,77,77,77,77,77,77,77],"card_choices":[{"not_picked":["Dodge and Roll","Deadly Poison"],"picked":"Cloak And Dagger","floor":1.0},{"not_picked":["Deflect","Calculated Gamble"],"picked":"Flying Knee","floor":2.0},{"not_picked":["Bane","Calculated Gamble"],"picked":"Acrobatics","floor":3.0},{"not_picked":["Expertise","Flechettes"],"picked":"Dagger Throw","floor":4.0},{"not_picked":["Finisher","Draining Mist"],"picked":"Hidden Blade","floor":5.0},{"not_picked":["PiercingWail","Bane"],"picked":"Wraith Form v2","floor":6.0},{"not_picked":["Setup","Bane","Underhanded Strike"],"picked":"SKIP","floor":7.0},{"not_picked":["Dagger Throw","Sucker Punch"],"picked":"Blur","floor":10.0},{"not_picked":["Leg Sweep","Dash"],"picked":"Backflip","floor":11.0},{"not_picked":["Hidden Blade","Poisoned Stab"],"picked":"Backflip","floor":14.0},{"not_picked":["Replay:Bag of Tricks","Phantasmal Killer"],"picked":"Venomology","floor":16.0},{"not_picked":["Slice+1","Quick Slash"],"picked":"Blade Dance","floor":18.0},{"not_picked":["Concentrate","Sneak Up"],"picked":"Accuracy","floor":22.0},{"not_picked":["Concentrate","ReplayTheSpireMod:The Works"],"picked":"Footwork","floor":23.0},{"not_picked":["Sneak Up+1","PiercingWail"],"picked":"Leg Sweep","floor":24.0},{"not_picked":["Slice+1","Flying Knee"],"picked":"Venomology","floor":25.0},{"not_picked":["Concentrate+1","Deadly Poison","Flechettes"],"picked":"SKIP","floor":27},{"not_picked":["Hidden Blade","Poisoned Stab+1"],"picked":"Blade Dance","floor":30}],"player_experience":205530,"relics_obtained":[{"floor":6.0,"key":"Replay:Accelerometer"},{"floor":9.0,"key":"ReplayTheSpireMod:Lightbulb"},{"floor":10.0,"key":"Replay:Baseball"},{"floor":14.0,"key":"Regal Pillow"},{"floor":23.0,"key":"PreservedInsect"},{"floor":25.0,"key":"Simple Rune"},{"floor":30,"key":"Lantern"}],"event_choices":[{"damage_healed":0.0,"max_hp_gain":0.0,"max_hp_loss":0.0,"gold_gain":30.0,"event_name":"Dead Adventurer","player_choice":"Searched \u00271\u0027 times","floor":13.0,"gold_loss":0.0,"damage_taken":0.0},{"damage_healed":0.0,"max_hp_gain":0.0,"max_hp_loss":0.0,"gold_gain":0.0,"event_name":"The Mausoleum","player_choice":"Opened","floor":19.0,"gold_loss":0.0,"damage_taken":0.0,"relics_obtained":["Iron Hammer"],"cards_obtained":["Writhe"]},{"damage_healed":0.0,"max_hp_gain":0.0,"max_hp_loss":0.0,"gold_gain":0.0,"event_name":"Beggar","player_choice":"Ignored","floor":20.0,"gold_loss":0.0,"damage_taken":0.0},{"damage_healed":0.0,"max_hp_gain":0.0,"max_hp_loss":0.0,"gold_gain":0.0,"event_name":"Drug Dealer","player_choice":"Inject Mutagens","floor":21.0,"gold_loss":0.0,"damage_taken":0.0,"relics_obtained":["MutagenicStrength"]}],"is_beta":false,"boss_relics":[{"not_picked":["Coffee Dripper","Runic Dome"],"picked":"Replay:Wanted Poster"}],"items_purged_floors":[31],"is_endless":false,"potions_floor_spawned":[3,5,6,7,14,22,25,27],"killed_by":"Collector","ascension_level":5}}