{"host":"cw0gp7779piw2km3","time":1614096893,"event":{"mods":["2.2 Compatiblity","BaseMod","Downfall","Minty Spire (QoL Compilation)","Shapeshifter Mod","Spire Arcade","StSLib"],"gold_per_floor":[112,112,112,58,58,58,91,115,115,135,135,135],"floor_reached":11,"language":"ENG","playtime":377,"items_purged":[],"score":69,"play_id":"4e1676f5-d1ef-4336-97a1-e9830236c38c","local_time":"20210223101453","is_ascension_mode":false,"campfire_choices":[{"data":"StSShapeShifter:RockSlide","floor":6,"key":"SMITH"}],"circlet_count":0,"master_deck":["StSShapeShifter:ShapeShifter_Strike","StSShapeShifter:ShapeShifter_Strike","StSShapeShifter:ShapeShifter_Strike","StSShapeShifter:ShapeShifter_Strike","StSShapeShifter:ShapeShifter_Strike","StSShapeShifter:ShapeShifter_Defend","StSShapeShifter:ShapeShifter_Defend","StSShapeShifter:ShapeShifter_Defend","StSShapeShifter:ShapeShifter_Defend","StSShapeShifter:ShapeShifter_Defend","StSShapeShifter:Lynx_Form+1","StSShapeShifter:PowerShifter","StSShapeShifter:BarkSkin","StSShapeShifter:RockSlide+1","StSShapeShifter:VileMushroom","StSShapeShifter:BurstingSpore"],"relics":["StSShapeShifter:AnimalHeart","StSShapeShifter:TheShapeShiftersMagnolia","Potion Belt","StSShapeShifter:ThornsOfSummi","CeramicFish"],"acts_visited":["Exordium"],"potions_floor_usage":[],"damage_taken":[{"damage":3,"enemies":"Small Slimes","floor":1,"turns":2},{"damage":42,"enemies":"Lagavulin","floor":7,"turns":6},{"damage":0,"enemies":"2 Louse","floor":10,"turns":1},{"damage":34,"enemies":"Gremlin Nob","floor":11,"turns":4}],"seed_played":"5410294580538731584","potions_obtained":[{"floor":1,"key":"SmokeBomb"}],"is_trial":false,"path_per_floor":["M","?","?","$","?","R","E","T","T","M","E"],"character_chosen":"SHAPESHIFTER","items_purchased":["StSShapeShifter:RockSlide"],"campfire_rested":0,"item_purchase_floors":[4],"current_hp_per_floor":[75,75,68,68,73,73,31,31,31,31,0,0],"gold":135,"neow_bonus":"ONE_RANDOM_RARE_CARD","is_daily":false,"chose_seed":false,"campfire_upgraded":1,"win_rate":0.0,"timestamp":1614096893,"path_taken":["M","?","?","$","?","R","E","?","T","M","E"],"items_purchased_type":["Card"],"build_version":"2020-12-22","purchased_purges":0,"victory":false,"max_hp_per_floor":[78,78,78,78,83,83,83,83,83,83,83,83],"card_choices":[{"not_picked":["StSShapeShifter:Roar","StSShapeShifter:Rest"],"picked":"StSShapeShifter:BarkSkin","floor":1},{"not_picked":["StSShapeShifter:MagicMushrooms","StSShapeShifter:Flourish"],"picked":"StSShapeShifter:VileMushroom","floor":7},{"not_picked":["StSShapeShifter:BloomingSlash","StSShapeShifter:HippoForm"],"picked":"StSShapeShifter:BurstingSpore","floor":10}],"player_experience":927416,"relics_obtained":[{"floor":7,"key":"StSShapeShifter:ThornsOfSummi"},{"floor":9,"key":"CeramicFish"}],"event_choices":[{"damage_healed":0,"gold_gain":0,"player_choice":"Success","damage_taken":7,"relics_obtained":["Potion Belt"],"max_hp_gain":0,"max_hp_loss":0,"event_name":"Scrap Ooze","floor":3,"gold_loss":0},{"damage_healed":0,"gold_gain":0,"player_choice":"Donut","damage_taken":0,"max_hp_gain":5,"max_hp_loss":0,"event_name":"Big Fish","floor":5,"gold_loss":0}],"is_beta":false,"boss_relics":[],"items_purged_floors":[],"is_endless":false,"potions_floor_spawned":[1],"killed_by":"Gremlin Nob","ascension_level":0}}