{"host":"ztme5fio60r7om62","time":1614064569,"event":{"mods":["BaseMod","Colored Map","Highlight Path","Minty Spire (QoL Compilation)","Permanent Neow","everything is the same but u backflip on backflip"],"gold_per_floor":[111,122,24,35,2,32,32,7,7,18,18,46,146,163,163,261,261,280,280,280],"floor_reached":19,"language":"KOR","playtime":525,"items_purged":[],"score":177,"play_id":"41858d46-6a45-4604-81e1-4081e63b1b2e","local_time":"20210223161609","is_ascension_mode":false,"campfire_choices":[{"floor":7,"key":"RECALL"},{"floor":11,"key":"REST"},{"floor":15,"key":"REST"}],"circlet_count":0,"master_deck":["Strike_R","Strike_R","Strike_R","Strike_R","Strike_R","Defend_R","Defend_R","Defend_R","Defend_R","Bash","CurseOfTheBell","Perfected Strike","Fire Breathing+1","Dark Embrace+1","Clash","Wild Strike","Inflame+1","Iron Wave","Inflame+1","Sword Boomerang","Metallicize+1","Double Tap","Perfected Strike"],"relics":["Calling Bell","Centennial Puzzle","Frozen Egg 2","Champion Belt","Sundial","Question Card","Smiling Mask","Fusion Hammer"],"acts_visited":["Exordium","TheCity"],"potions_floor_usage":[4,16],"damage_taken":[{"damage":1,"enemies":"Cultist","floor":1,"turns":4},{"damage":8,"enemies":"Small Slimes","floor":2,"turns":3},{"damage":11,"enemies":"Jaw Worm","floor":4,"turns":2},{"damage":17,"enemies":"3 Sentries","floor":6,"turns":5},{"damage":9,"enemies":"Exordium Thugs","floor":10,"turns":4},{"damage":11,"enemies":"Lagavulin","floor":12,"turns":6},{"damage":0,"enemies":"Large Slime","floor":14,"turns":3},{"damage":27,"enemies":"The Guardian","floor":16,"turns":8},{"damage":16,"enemies":"Spheric Guardian","floor":18,"turns":4},{"damage":0,"enemies":"2 Thieves","floor":19,"turns":1}],"seed_played":"1895423877164214732","potions_obtained":[{"floor":2,"key":"SteroidPotion"},{"floor":12,"key":"SteroidPotion"},{"floor":14,"key":"AttackPotion"}],"is_trial":false,"path_per_floor":["M","M","$","M","?","E","R","$","T","M","R","E","?","M","R","B",null,"M","M"],"character_chosen":"IRONCLAD","items_purchased":["Dark Embrace+1","Clash","Iron Wave"],"campfire_rested":2,"item_purchase_floors":[3,3,8],"current_hp_per_floor":[79,71,71,60,60,43,43,43,43,34,58,47,47,47,71,44,80,64,64,64],"gold":280,"neow_bonus":"BOSS_RELIC","is_daily":false,"chose_seed":false,"campfire_upgraded":0,"win_rate":0.0,"timestamp":1614064569,"path_taken":["M","M","$","M","?","E","R","$","T","M","R","E","?","M","R","BOSS","M","?"],"items_purchased_type":["Card","Card","Card"],"build_version":"2020-12-22","purchased_purges":0,"victory":false,"max_hp_per_floor":[80,80,80,80,80,80,80,80,80,80,80,80,80,80,80,80,80,80,80,80],"card_choices":[{"not_picked":["Power Through","Feel No Pain+1"],"picked":"Perfected Strike","floor":1},{"not_picked":["Body Slam","Exhume"],"picked":"Fire Breathing+1","floor":2},{"not_picked":["Warcry","Body Slam"],"picked":"Wild Strike","floor":4},{"not_picked":["Entrench","Dropkick"],"picked":"Inflame+1","floor":6},{"not_picked":["Sword Boomerang","Dropkick","Thunderclap"],"picked":"Inflame+1","floor":10},{"not_picked":["Thunderclap","Clash","Pommel Strike"],"picked":"Sword Boomerang","floor":12},{"not_picked":["Reckless Charge","Shrug It Off","Entrench"],"picked":"Metallicize+1","floor":14},{"not_picked":["Fiend Fire","Brutality+1","Demon Form+1"],"picked":"Double Tap","floor":16},{"not_picked":["Cleave","Headbutt+1","Shrug It Off"],"picked":"Perfected Strike","floor":18}],"player_experience":609273,"relics_obtained":[{"floor":0,"key":"Centennial Puzzle"},{"floor":0,"key":"Frozen Egg 2"},{"floor":0,"key":"Champion Belt"},{"floor":6,"key":"Sundial"},{"floor":9,"key":"Question Card"},{"floor":12,"key":"Smiling Mask"}],"event_choices":[{"damage_healed":0,"gold_gain":0,"player_choice":"Left Gold","damage_taken":0,"max_hp_gain":0,"max_hp_loss":0,"event_name":"World of Goop","floor":5,"gold_loss":33},{"damage_healed":0,"gold_gain":100,"player_choice":"Pray","damage_taken":0,"max_hp_gain":0,"max_hp_loss":0,"event_name":"Golden Shrine","floor":13,"gold_loss":0}],"is_beta":false,"boss_relics":[{"not_picked":["Coffee Dripper","Runic Pyramid"],"picked":"Fusion Hammer"}],"items_purged_floors":[],"is_endless":false,"potions_floor_spawned":[2,12,14],"killed_by":"2 Thieves","ascension_level":0}}