{"host":"t39frk1gt0zfm79h","time":1614050306,"event":{"mods":["BaseMod","Better Altar","Better Match","Better Note","Better Sensory Stone","Better Skull","Better Third Choice","Block Reminder","Colored Map","Downfall","Hermit","Minty Spire (QoL Compilation)","Relic Stats","StSLib"],"gold_per_floor":[114,114,39,58,58,58,91,91,91,11,27,47,71,146,146,277,277,290,205,36,59,59,59,94,94,94,119,119,119],"floor_reached":28,"language":"ENG","playtime":1034,"items_purged":["Strike_R"],"score":237,"play_id":"cbe1255a-b56e-40a5-9b2e-09e7a40368ee","local_time":"20210222191826","is_ascension_mode":true,"campfire_choices":[{"data":"Shockwave","floor":6,"key":"SMITH"},{"data":"Battle Trance","floor":8,"key":"SMITH"},{"data":"Feel No Pain","floor":15,"key":"SMITH"},{"data":"Bludgeon","floor":23,"key":"SMITH"},{"data":"Burning Pact","floor":25,"key":"SMITH"}],"circlet_count":0,"master_deck":["Strike_R","Strike_R","Strike_R","Strike_R","Defend_R","Defend_R","Defend_R","Defend_R","Bash","Shockwave+1","Injury","Metallicize","Battle Trance+1","Reckless Charge","Feel No Pain+1","Twin Strike","Burning Pact+1","Bludgeon+1","Clothesline+1","Shrug It Off","Anger+1","Uppercut+1","Seeing Red"],"relics":["Mark of Pain","Golden Idol","Darkstone Periapt","Odd Mushroom","Boot","Sozu","Sundial","Bag of Preparation","Magic Flower","Bottled Flame"],"acts_visited":["Exordium","TheCity"],"potions_floor_usage":[7,16],"damage_taken":[{"damage":6,"enemies":"Cultist","floor":1,"turns":3},{"damage":3,"enemies":"Jaw Worm","floor":4,"turns":3},{"damage":11,"enemies":"The Mushroom Lair","floor":7,"turns":4},{"damage":5,"enemies":"Small Slimes","floor":11,"turns":3},{"damage":8,"enemies":"3 Louse","floor":12,"turns":5},{"damage":0,"enemies":"Exordium Wildlife","floor":13,"turns":4},{"damage":2,"enemies":"Slime Boss","floor":16,"turns":12},{"damage":2,"enemies":"3 Byrds","floor":18,"turns":6},{"damage":9,"enemies":"2 Thieves","floor":21,"turns":3},{"damage":24,"enemies":"Book of Stabbing","floor":24,"turns":6},{"damage":1,"enemies":"Centurion and Healer","floor":27,"turns":4},{"damage":44,"enemies":"Gremlin Leader","floor":28,"turns":4}],"seed_played":"1073450458087391191","potions_obtained":[{"floor":4,"key":"Explosive Potion"},{"floor":11,"key":"AttackPotion"},{"floor":16,"key":"GamblersBrew"}],"is_trial":false,"path_per_floor":["M","?","$","M","T","R","?","R","T","$","M","M","M","?","R","B",null,"M","?","$","M","?","R","E","R","T","M","E"],"character_chosen":"IRONCLAD","items_purchased":["Reckless Charge","Bag of Preparation","Shrug It Off"],"campfire_rested":0,"item_purchase_floors":[10,20,20],"current_hp_per_floor":[74,74,74,71,71,71,60,60,60,60,55,47,47,36,36,34,80,78,78,78,69,69,69,45,45,45,44,0,0],"gold":119,"neow_bonus":"BOSS_RELIC","is_daily":false,"chose_seed":false,"campfire_upgraded":5,"win_rate":0.0,"timestamp":1614050306,"path_taken":["M","?","$","M","?","R","?","R","T","$","M","M","M","?","R","BOSS","M","?","$","M","?","R","E","R","T","M","E"],"items_purchased_type":["Card","Relic","Card"],"build_version":"2020-12-22","purchased_purges":1,"victory":false,"max_hp_per_floor":[80,80,80,80,80,80,80,80,80,80,80,80,80,80,80,80,80,80,80,80,80,80,80,80,80,80,80,80,80],"relic_stats":{"Darkstone Periapt":0,"Sozu":3,"counters":[12,57],"Golden Idol":69,"Sundial":[0],"Magic Flower":[0],"Bag of Preparation":[8],"Boot":[21],"obtain_stats":[{"Darkstone Periapt":5,"Sozu":17,"Bottled Flame":26,"Golden Idol":2,"Sundial":19,"Magic Flower":24,"Mark of Pain":0,"Bag of Preparation":20,"Odd Mushroom":7,"Boot":9,"Burning Blood":0},{"Darkstone Periapt":2,"Sozu":7,"Bottled Flame":10,"Golden Idol":1,"Sundial":8,"Magic Flower":10,"Mark of Pain":0,"Bag of Preparation":8,"Odd Mushroom":3,"Boot":3,"Burning Blood":0},{"Darkstone Periapt":6,"Sozu":34,"Bottled Flame":49,"Golden Idol":3,"Sundial":40,"Magic Flower":49,"Mark of Pain":0,"Bag of Preparation":40,"Odd Mushroom":10,"Boot":10,"Burning Blood":0}]},"card_choices":[{"not_picked":["Body Slam","Cleave"],"picked":"Shockwave","floor":1},{"not_picked":["Clash","Clothesline"],"picked":"Metallicize","floor":4},{"not_picked":["Bloodletting","Twin Strike"],"picked":"Battle Trance","floor":7},{"not_picked":["Whirlwind","Armaments"],"picked":"Feel No Pain","floor":11},{"not_picked":["Infernal Blade","Clash"],"picked":"Twin Strike","floor":12},{"not_picked":["Pommel Strike","Hemokinesis"],"picked":"Burning Pact","floor":13},{"not_picked":["Fiend Fire","Impervious"],"picked":"Bludgeon","floor":16},{"not_picked":["Heavy Blade","Warcry"],"picked":"Clothesline+1","floor":18},{"not_picked":["Warcry+1","Carnage"],"picked":"Anger+1","floor":21},{"not_picked":["Impervious","Pommel Strike"],"picked":"Uppercut+1","floor":24},{"not_picked":["Pommel Strike","Rupture"],"picked":"Seeing Red","floor":27}],"player_experience":22941,"relics_obtained":[{"floor":5,"key":"Darkstone Periapt"},{"floor":7,"key":"Odd Mushroom"},{"floor":9,"key":"Boot"},{"floor":24,"key":"Magic Flower"},{"floor":26,"key":"Bottled Flame"}],"event_choices":[{"damage_healed":0,"gold_gain":0,"player_choice":"Take Wound","damage_taken":0,"relics_obtained":["Golden Idol"],"max_hp_gain":0,"max_hp_loss":0,"event_name":"Golden Idol","floor":2,"gold_loss":0,"cards_obtained":["Injury"]},{"damage_healed":0,"gold_gain":0,"player_choice":"Fought Mushrooms","damage_taken":0,"max_hp_gain":0,"max_hp_loss":0,"event_name":"Mushrooms","floor":7,"gold_loss":0},{"damage_healed":0,"gold_gain":75,"player_choice":"Gold","damage_taken":11,"max_hp_gain":0,"max_hp_loss":0,"event_name":"betterThird:BetterGoop","floor":14,"gold_loss":0},{"damage_healed":0,"gold_gain":0,"player_choice":"Obtained Relic","damage_taken":0,"relics_obtained":["Sundial"],"max_hp_gain":0,"max_hp_loss":0,"event_name":"Addict","floor":19,"gold_loss":85}],"is_beta":false,"boss_relics":[{"not_picked":["Coffee Dripper","SacredBark"],"picked":"Sozu"}],"items_purged_floors":[3],"is_endless":false,"potions_floor_spawned":[4,11,16,18,21,27],"killed_by":"Gremlin Leader","ascension_level":1}}