{"host":"ctlqibkg0sskiu65","time":1614059703,"event":{"mods":["AchievementEnabler","Aspiration","Astrologer","BaseMod","Better Third Choice","BetterRewards","Colored Map","Colored Powertips","Conspire","Curses Come First","Fiend Mod","Infinite Spire","Minty Spire (QoL Compilation)","Potionbrewer","Quick Restart","Reliquary","Replay The Spire","Robot Space Explorer","Shade Mod","Shop Mod","StSLib","The Blackbeard","The Bladedancer","The Cursed","The Death Knight","The Hierophant","The Jungle","The Kombatant","The Necromancer","The Poker Player","The Servant 0.9.4","TheBandit","Wide Potions","thorton"],"gold_per_floor":[118,149,149,163,163,190,200,232,232,243,255,283,283,67,67,170,170,183,196,49,62,82,114,114,114,114,124,156,156,156,156],"floor_reached":30,"language":"ENG","playtime":2004,"items_purged":["Strike_W","Strike_W"],"score":436,"play_id":"94930df9-e47d-4e5b-9f9e-0c12b0d7cfc6","local_time":"20210222235503","is_ascension_mode":true,"campfire_choices":[{"data":"Bone_Armory","floor":13.0,"key":"SMITH"},{"data":"Life_Tap","floor":15.0,"key":"SMITH"},{"data":"Summon_Vampire_Lady","floor":24.0,"key":"SMITH"}],"circlet_count":0,"master_deck":["Strike_W","Strike_W","Defend_W","Defend_W","Defend_W","Defend_W","Negative_Energy_Arrows","Bone_Wall","Vampiric_Strike+1","Scare","Slay_Living","Bone_Spikes","Blood_Shield","infinitespire:Fortify","Shackles_Of_Pain","Thousand_Bone_Knives","Bone_Armory+1","Finger_Of_Death","Bone_Shift","Finger_Of_Death","Life_Tap+1","Summon_Lich","Skeleton_Dragon","Spectral_Armor","Consume_Illness+1","Bone_Armory+1","Summon_Vampire_Lady+1","Death_March_Dance+1"],"relics":["Vampire_Amulet","reliquary:Spinner","infinitespire:Eraser","reliquary:PurpleTingedLeaf","aspiration:TomeofQuesting","Replay:WaspNest","conspire:DeflatedDodgeball","reliquary:TatteredRug","Sozu","DollysMirror","ReplayFunnel","reliquary:RoseTintedGlasses","Matryoshka","MutagenicStrength"],"acts_visited":["Exordium","TheCity"],"potions_floor_usage":[],"damage_taken":[{"damage":0.0,"enemies":"conspire:RoseBush","floor":1.0,"turns":4.0},{"damage":5.0,"enemies":"conspire:MimicChest","floor":2.0,"turns":5.0},{"damage":0.0,"enemies":"Small Slimes","floor":4.0,"turns":2.0},{"damage":14.0,"enemies":"3 Sentries","floor":6.0,"turns":8.0},{"damage":0.0,"enemies":"2 Louse","floor":7.0,"turns":3.0},{"damage":7.0,"enemies":"Lagavulin","floor":8.0,"turns":6.0},{"damage":2.0,"enemies":"Blue Slaver","floor":10.0,"turns":4.0},{"damage":2.0,"enemies":"Large Slime","floor":11.0,"turns":6.0},{"damage":17.0,"enemies":"Replay:BlueRogue","floor":12.0,"turns":7.0},{"damage":21.0,"enemies":"Fading Forest","floor":16.0,"turns":11.0},{"damage":11.0,"enemies":"Shell Parasite","floor":18.0,"turns":5.0},{"damage":1.0,"enemies":"3 Byrds","floor":19.0,"turns":5.0},{"damage":13.0,"enemies":"Centurion and Healer","floor":21.0,"turns":7.0},{"damage":26.0,"enemies":"3 Cultists","floor":22.0,"turns":5.0},{"damage":15.0,"enemies":"Replay:Snechameleon","floor":23.0,"turns":4.0},{"damage":21.0,"enemies":"conspire:HollyBat","floor":27.0,"turns":8.0},{"damage":13.0,"enemies":"conspire:SneckoGhost","floor":28.0,"turns":11.0},{"damage":74,"enemies":"Nightmare","floor":30,"turns":9}],"seed_played":"-6406163163316386368","potions_obtained":[{"floor":2.0,"key":"DistilledChaos"},{"floor":4.0,"key":"CultistPotion"},{"floor":10.0,"key":"BlessingOfTheForge"},{"floor":11.0,"key":"potionbrewer:QuicksilverPotion"},{"floor":12.0,"key":"Ancient Potion"},{"floor":16.0,"key":"potionbrewer:ToxicPotion"}],"is_trial":false,"path_per_floor":["M","?","?","M","?","E","M","E","T","M","M","E","R","$","R","B",null,"M","M","$","M","M","E","R","?","T","M","E","?","NM"],"character_chosen":"NECROMANCER","items_purchased":["reliquary:Spinner","Vampiric_Strike+1","Scare","Explosive Potion","Life_Tap","Summon_Lich","DollysMirror"],"campfire_rested":0,"item_purchase_floors":[0,0,0,0,14,14,20],"current_hp_per_floor":[75,72,69,75,57,57,65,65,65,69,75,65,65,65,65,61,75,67,75,75,73,57,47,47,47,47,38,54,54,0,0],"gold":156,"neow_bonus":"","is_daily":false,"chose_seed":false,"campfire_upgraded":3,"win_rate":0.0,"timestamp":1614059703,"path_taken":["M","?","?","M","?","E","M","E","T","M","M","E","R","?","R","BOSS","M","M","$","M","M","E","R","?","T","M","E","?","NM"],"items_purchased_type":["Relic","Card","Card","Potion","Card","Card","Relic"],"build_version":"2020-12-22","purchased_purges":2,"victory":false,"max_hp_per_floor":[75,75,75,75,75,75,75,75,75,75,75,75,75,75,75,75,75,75,75,75,75,75,75,75,75,75,75,75,75,75,75],"card_choices":[{"not_picked":["Negative_Energy_Mist","Deaths_Shadow"],"picked":"Slay_Living","floor":1.0},{"not_picked":["Blood_Shield","Slay_Living"],"picked":"Bone_Spikes","floor":2.0},{"not_picked":["Strike_from_Beyond","Bone_Shift"],"picked":"Blood_Shield","floor":4.0},{"not_picked":["infinitespire:Punishment","Replay:Fractal Strike"],"picked":"infinitespire:Fortify","floor":5.0},{"not_picked":["Negative_Energy_Sphere","Bone_Armor"],"picked":"Shackles_Of_Pain","floor":6.0},{"not_picked":["Necrotic_Claws","Epidemic"],"picked":"Thousand_Bone_Knives","floor":7.0},{"not_picked":["Bone_Shift","Blood_Whip"],"picked":"Bone_Armory","floor":8.0},{"not_picked":["Death_Coil","Negative_Energy_Sphere"],"picked":"Finger_Of_Death","floor":10.0},{"not_picked":["Negative_Energy_Shield","Necrotic_Claws"],"picked":"Bone_Shift","floor":11.0},{"not_picked":["Blood_Shield","Blood_Wake"],"picked":"Finger_Of_Death","floor":12.0},{"not_picked":["Detonate_Bones","Blood_Wake"],"picked":"Skeleton_Dragon","floor":16.0},{"not_picked":["Bone_Shift","Blood_Whip"],"picked":"Spectral_Armor","floor":18.0},{"not_picked":["Shackles_Of_Pain","Blood_Whip"],"picked":"Consume_Illness+1","floor":19.0},{"not_picked":["Thousand_Bone_Knives+1","Negative_Energy_Sphere"],"picked":"Summon_Vampire_Lady","floor":21.0},{"not_picked":["Chill_Blood","Death_March_Dance","Bone_Bullets"],"picked":"SKIP","floor":22.0},{"not_picked":["Violent_Necrosis","Vampiric_Strike","Negative_Energy_Javelin"],"picked":"SKIP","floor":23.0},{"not_picked":["Death_Coil","Corrupt+1"],"picked":"Death_March_Dance+1","floor":27.0},{"not_picked":["Acid_Javelin","Vampiric_Strike","Bone_Spikes"],"picked":"SKIP","floor":28.0}],"player_experience":321697,"relics_obtained":[{"floor":2.0,"key":"infinitespire:Eraser"},{"floor":6.0,"key":"aspiration:TomeofQuesting"},{"floor":8.0,"key":"Replay:WaspNest"},{"floor":9.0,"key":"conspire:DeflatedDodgeball"},{"floor":12.0,"key":"reliquary:TatteredRug"},{"floor":23.0,"key":"ReplayFunnel"},{"floor":26.0,"key":"reliquary:RoseTintedGlasses"},{"floor":28.0,"key":"Matryoshka"}],"event_choices":[{"damage_healed":0.0,"max_hp_gain":0.0,"max_hp_loss":0.0,"gold_gain":0.0,"event_name":"betterThird:BetterScrap","player_choice":"Relic ","floor":3.0,"gold_loss":0.0,"damage_taken":3.0,"cards_obtained":["Reboot"]},{"damage_healed":0.0,"max_hp_gain":0.0,"max_hp_loss":0.0,"gold_gain":0.0,"event_name":"Drug Dealer","player_choice":"Inject Mutagens","floor":29.0,"gold_loss":0.0,"damage_taken":0.0,"relics_obtained":["MutagenicStrength"]}],"is_beta":false,"boss_relics":[{"not_picked":["Replay:Wanted Poster","Painkiller Herb"],"picked":"Sozu"}],"items_purged_floors":[0,14],"is_endless":false,"potions_floor_spawned":[2,4,10,11,12,16,19,21,23],"killed_by":"Nightmare","ascension_level":1}}