{"host":"Tylorde","time":1614042456,"event":{"mods":["BaseMod","Minty Spire (QoL Compilation)","Weighted Paths"],"gold_per_floor":[114,114,134,134,149,180,180,210,289,289,302,334,345,374,374,449,449,463,463,6,25,25,25,101,146,198,198,240,165,165,192,192,273,273,286,307,333,333,333,333,24,55,55,118,118,147,178,192,192,192,192,192,42,74,74],"floor_reached":56,"language":"ENG","playtime":5099,"items_purged":["Strike_R","Strike_R"],"score":2119,"play_id":"9d1959a2-239e-4f99-b969-938841c70549","local_time":"20210222170736","is_ascension_mode":true,"campfire_choices":[{"data":"Shockwave","floor":7.0,"key":"SMITH"},{"data":"Warcry","floor":10.0,"key":"SMITH"},{"data":"True Grit","floor":15.0,"key":"SMITH"},{"data":"Corruption","floor":27.0,"key":"SMITH"},{"floor":30.0,"key":"REST"},{"data":"Disarm","floor":32.0,"key":"SMITH"},{"floor":40,"key":"RECALL"},{"data":"Inflame","floor":45,"key":"SMITH"},{"data":"Master of Strategy","floor":49,"key":"SMITH"},{"data":"Sentinel","floor":52,"key":"SMITH"}],"circlet_count":0,"master_deck":["AscendersBane","Strike_R","Defend_R","Defend_R","Defend_R","Defend_R","Bash","Shockwave+1","Spot Weakness","Wild Strike","Warcry+1","Heavy Blade+1","Second Wind","Disarm+1","True Grit+1","Feed+1","Whirlwind+1","Sentinel+1","Rupture","Writhe","Dark Embrace+1","Corruption+1","Dropkick+1","Iron Wave+1","Exhume","Seeing Red","Feel No Pain","Shrug It Off","Master of Strategy+1","Inflame+1","Inflame"],"relics":["SlaversCollar","Mango","Red Skull","StrikeDummy","Molten Egg 2","InkBottle","Black Star","Nloth\u0027s Gift","Oddly Smooth Stone","Toolbox","Akabeko","CeramicFish","CaptainsWheel","Orichalcum","White Beast Statue","Calipers","Philosopher\u0027s Stone","Meat on the Bone","Eternal Feather","Happy Flower","Ancient Tea Set","Bag of Preparation","Vajra","Art of War"],"acts_visited":["Exordium","TheCity","TheBeyond","TheEnding"],"potions_floor_usage":[35,42,42,50,50],"damage_taken":[{"damage":4.0,"enemies":"Small Slimes","floor":1.0,"turns":4.0},{"damage":3.0,"enemies":"Cultist","floor":3.0,"turns":5.0},{"damage":7.0,"enemies":"2 Louse","floor":5.0,"turns":3.0},{"damage":8.0,"enemies":"Gremlin Nob","floor":6.0,"turns":3.0},{"damage":38.0,"enemies":"Lagavulin","floor":8.0,"turns":9.0},{"damage":8.0,"enemies":"Exordium Thugs","floor":11.0,"turns":4.0},{"damage":0.0,"enemies":"Gremlin Nob","floor":12.0,"turns":2.0},{"damage":1.0,"enemies":"Looter","floor":13.0,"turns":2.0},{"damage":0.0,"enemies":"3 Sentries","floor":14.0,"turns":4.0},{"damage":3.0,"enemies":"The Guardian","floor":16.0,"turns":7.0},{"damage":25.0,"enemies":"3 Byrds","floor":18.0,"turns":6.0},{"damage":8.0,"enemies":"2 Thieves","floor":21.0,"turns":5.0},{"damage":9.0,"enemies":"Slavers","floor":24.0,"turns":6.0},{"damage":20.0,"enemies":"3 Cultists","floor":25.0,"turns":6.0},{"damage":24.0,"enemies":"Gremlin Leader","floor":28.0,"turns":5.0},{"damage":7.0,"enemies":"Cultist and Chosen","floor":31.0,"turns":6.0},{"damage":29.0,"enemies":"Collector","floor":33.0,"turns":8.0},{"damage":1,"enemies":"3 Darklings","floor":35,"turns":6},{"damage":10,"enemies":"Orb Walker","floor":36,"turns":5},{"damage":3,"enemies":"Jaw Worm Horde","floor":37,"turns":3},{"damage":5,"enemies":"Nemesis","floor":42,"turns":9},{"damage":4,"enemies":"4 Shapes","floor":44,"turns":7},{"damage":0,"enemies":"Spire Growth","floor":46,"turns":4},{"damage":11,"enemies":"Reptomancer","floor":47,"turns":6},{"damage":36,"enemies":"Jaw Worm Horde","floor":48,"turns":3},{"damage":2,"enemies":"Time Eater","floor":50,"turns":8},{"damage":37,"enemies":"Shield and Spear","floor":54,"turns":5},{"damage":89,"enemies":"The Heart","floor":55,"turns":7}],"seed_played":"-1405186923289665128","potions_obtained":[{"floor":1.0,"key":"SteroidPotion"},{"floor":5.0,"key":"EssenceOfSteel"},{"floor":6.0,"key":"Fruit Juice"},{"floor":11.0,"key":"Block Potion"},{"floor":12.0,"key":"SpeedPotion"},{"floor":18.0,"key":"ColorlessPotion"},{"floor":24.0,"key":"Fire Potion"},{"floor":31.0,"key":"GamblersBrew"},{"floor":33.0,"key":"GamblersBrew"},{"floor":35,"key":"SteroidPotion"},{"floor":36,"key":"GamblersBrew"},{"floor":42,"key":"HeartOfIron"},{"floor":44,"key":"DistilledChaos"},{"floor":54,"key":"LiquidMemories"}],"is_trial":false,"path_per_floor":["M","?","M","?","M","E","R","E","T","R","M","E","M","E","R","B",null,"M","?","$","M","$","?","E","M","T","R","E","?","R","M","R","B",null,"M","M","M","?","?","R","$","E","T","M","R","M","E","M","R","B",null,"R","$","E","B",null],"character_chosen":"IRONCLAD","items_purchased":["Oddly Smooth Stone","Sentinel","Toolbox","Shrug It Off","Master of Strategy","Bag of Preparation"],"campfire_rested":1,"item_purchase_floors":[20,20,20,41,41,53],"current_hp_per_floor":[64,73,70,70,63,55,55,17,17,17,9,14,13,13,13,10,73,52,52,52,48,48,48,43,27,27,27,3,3,36,33,33,4,87,90,84,85,85,85,85,85,80,80,80,98,102,95,75,93,95,129,140,140,107,34],"gold":74,"neow_bonus":"BOSS_RELIC","is_daily":false,"chose_seed":false,"campfire_upgraded":8,"win_rate":0.0,"timestamp":1614042456,"path_taken":["M","?","M","?","M","E","R","E","T","R","?","E","M","E","R","BOSS","M","?","$","M","?","?","E","M","T","R","E","?","R","M","R","BOSS","M","M","M","?","?","R","$","E","T","M","R","M","E","M","R","BOSS","R","$","E","BOSS"],"items_purchased_type":["Relic","Card","Relic","Card","Card","Relic"],"build_version":"2020-12-18","purchased_purges":2,"victory":true,"max_hp_per_floor":[75,89,89,89,89,89,89,89,89,89,89,94,94,94,94,94,94,98,98,98,102,102,102,106,110,110,110,110,110,110,114,114,114,114,118,122,126,120,120,120,120,120,120,124,124,128,132,136,136,140,140,140,140,144,148],"card_choices":[{"not_picked":["Intimidate","Havoc"],"picked":"Shockwave","floor":1.0},{"not_picked":["Anger","Warcry"],"picked":"Spot Weakness","floor":3.0},{"not_picked":["Rage","Burning Pact"],"picked":"Wild Strike","floor":5.0},{"not_picked":["Juggernaut","Bloodletting","Clash"],"picked":"SKIP","floor":6.0},{"not_picked":["Thunderclap","Headbutt"],"picked":"Warcry","floor":8.0},{"not_picked":["Flex","Thunderclap+1"],"picked":"Heavy Blade+1","floor":11.0},{"not_picked":["Bloodletting","Clash+1"],"picked":"Second Wind","floor":12.0},{"not_picked":["Searing Blow+1","Heavy Blade+1"],"picked":"Disarm","floor":13.0},{"not_picked":["Headbutt+1","Hemokinesis+1"],"picked":"True Grit","floor":14.0},{"not_picked":["Corruption","Juggernaut"],"picked":"Feed+1","floor":16.0},{"not_picked":["Cleave+1","Flame Barrier"],"picked":"Whirlwind+1","floor":18.0},{"not_picked":["Perfected Strike+1","True Grit"],"picked":"Rupture","floor":21.0},{"not_picked":["Spot Weakness","Double Tap"],"picked":"Dark Embrace+1","floor":24.0},{"not_picked":["Clash+1","Heavy Blade+1"],"picked":"Corruption","floor":25.0},{"not_picked":["Spot Weakness+1","Heavy Blade+1"],"picked":"Dropkick+1","floor":28.0},{"not_picked":["Battle Trance","Intimidate"],"picked":"Iron Wave+1","floor":31.0},{"not_picked":["Feed+1","Juggernaut"],"picked":"Exhume","floor":33.0},{"not_picked":["Cleave+1","Armaments","Iron Wave+1"],"picked":"SKIP","floor":35},{"not_picked":["Iron Wave+1","True Grit"],"picked":"Seeing Red","floor":36},{"not_picked":["Body Slam+1","Pommel Strike+1"],"picked":"Feel No Pain","floor":37},{"not_picked":["Burning Pact+1","Bludgeon+1","Corruption"],"picked":"SKIP","floor":42},{"not_picked":["Clothesline+1","Feel No Pain"],"picked":"Inflame","floor":44},{"not_picked":["Blood for Blood+1","Power Through"],"picked":"Inflame","floor":46},{"not_picked":["Corruption","Warcry","Fiend Fire+1"],"picked":"SKIP","floor":47},{"not_picked":["Thunderclap+1","Disarm","Headbutt+1"],"picked":"SKIP","floor":48},{"not_picked":["Warcry","Reaper+1","Intimidate"],"picked":"SKIP","floor":54}],"player_experience":901367,"relics_obtained":[{"floor":6.0,"key":"Red Skull"},{"floor":8.0,"key":"StrikeDummy"},{"floor":9.0,"key":"Molten Egg 2"},{"floor":12.0,"key":"Juzu Bracelet"},{"floor":14.0,"key":"InkBottle"},{"floor":24.0,"key":"CeramicFish"},{"floor":24.0,"key":"CaptainsWheel"},{"floor":26.0,"key":"Orichalcum"},{"floor":28.0,"key":"White Beast Statue"},{"floor":28.0,"key":"Calipers"},{"floor":42,"key":"Meat on the Bone"},{"floor":42,"key":"Eternal Feather"},{"floor":47,"key":"Happy Flower"},{"floor":47,"key":"Ancient Tea Set"},{"floor":54,"key":"Vajra"},{"floor":54,"key":"Art of War"}],"event_choices":[{"damage_healed":0.0,"max_hp_gain":0.0,"max_hp_loss":0.0,"gold_gain":0.0,"event_name":"Scrap Ooze","player_choice":"Success","floor":2.0,"gold_loss":0.0,"damage_taken":5.0,"relics_obtained":["Mango"]},{"cards_removed":["Strike_R"],"damage_healed":0.0,"max_hp_gain":0.0,"max_hp_loss":0.0,"gold_gain":0.0,"event_name":"Bonfire Elementals","player_choice":"Offered Basic","floor":4.0,"gold_loss":0.0,"damage_taken":0.0},{"damage_healed":0.0,"max_hp_gain":0.0,"max_hp_loss":0.0,"gold_gain":0.0,"event_name":"N\u0027loth","player_choice":"Traded Relic","floor":19.0,"relics_lost":["Juzu Bracelet"],"gold_loss":0.0,"damage_taken":0.0,"relics_obtained":["Nloth\u0027s Gift"]},{"damage_healed":0.0,"max_hp_gain":0.0,"max_hp_loss":0.0,"gold_gain":0.0,"event_name":"The Mausoleum","player_choice":"Opened","floor":23.0,"gold_loss":0.0,"damage_taken":0.0,"relics_obtained":["Akabeko"],"cards_obtained":["Writhe"]},{"cards_removed":["Strike_R"],"damage_healed":0.0,"max_hp_gain":0.0,"max_hp_loss":0.0,"gold_gain":0.0,"event_name":"Beggar","player_choice":"Gave Gold","floor":29.0,"gold_loss":75.0,"damage_taken":0.0},{"damage_healed":0,"gold_gain":0,"player_choice":"Max HP","damage_taken":0,"max_hp_gain":0,"max_hp_loss":6,"event_name":"Winding Halls","floor":38,"gold_loss":0},{"damage_healed":0,"gold_gain":0,"player_choice":"Ignored","damage_taken":0,"max_hp_gain":0,"max_hp_loss":0,"event_name":"Tomb of Lord Red Mask","floor":39,"gold_loss":0}],"is_beta":true,"boss_relics":[{"not_picked":["Snecko Eye","Busted Crown"],"picked":"Black Star"},{"not_picked":["Empty Cage","Runic Dome"],"picked":"Philosopher\u0027s Stone"}],"items_purged_floors":[20,41],"is_endless":false,"potions_floor_spawned":[1,5,6,11,12,18,24,31,33,35,36,37,42,44,46,47,48,54],"ascension_level":15}}