{"host":"lufzn74xe9ct3rkf","time":1614043278,"event":{"mods":["AchievementEnabler","BaseMod","Evolution","Minty Spire (QoL Compilation)","StSLib"],"gold_per_floor":[119,119,30,49,61,61,80,112,135,135,21,35,35,56,56,187,187,211,211,211,235,258,258,279,302,325,360,360,60,60,98,98,98,98],"floor_reached":33,"language":"ENG","playtime":1448,"items_purged":[],"score":292,"play_id":"413945e6-aef2-4766-8478-49ac544d82ab","local_time":"20210222172118","is_ascension_mode":false,"campfire_choices":[{"data":"Armaments","floor":6,"key":"SMITH"},{"data":"Double Tap","floor":10,"key":"SMITH"},{"data":"Inflame","floor":15,"key":"SMITH"},{"floor":23,"key":"REST"},{"floor":30,"key":"REST"},{"floor":32,"key":"REST"}],"circlet_count":0,"master_deck":["Twin Strike","Twin Strike","Twin Strike","Twin Strike","Strike_R","Defend_R+1","Defend_R","Defend_R","Bash+1","Reckless Charge","Armaments+1","Thunderclap","Combust","Shrug It Off+1","Pommel Strike","Double Tap+1","Inflame+1","Clothesline","Twin Strike","Flex","Offering","Twin Strike","Spot Weakness+1","Twin Strike+1","Anger","Twin Strike+1","Bloodletting+1","Anger","Armaments","Bloodletting","Rampage"],"relics":["Burning Blood","EVO:Axolotl","Red Skull","Golden Idol","Sozu","Nloth\u0027s Gift","War Paint","Red Mask","PrismaticShard","Happy Flower"],"acts_visited":["Exordium","TheCity"],"potions_floor_usage":[8,8,14,16],"damage_taken":[{"damage":0,"enemies":"Small Slimes","floor":1,"turns":2},{"damage":6,"enemies":"Jaw Worm","floor":4,"turns":2},{"damage":0,"enemies":"Cultist","floor":5,"turns":2},{"damage":11,"enemies":"3 Louse","floor":7,"turns":3},{"damage":2,"enemies":"Lagavulin","floor":8,"turns":3},{"damage":10,"enemies":"Looter","floor":12,"turns":2},{"damage":9,"enemies":"Red Slaver","floor":14,"turns":2},{"damage":45,"enemies":"The Guardian","floor":16,"turns":7},{"damage":12,"enemies":"3 Byrds","floor":18,"turns":3},{"damage":7,"enemies":"Chosen","floor":21,"turns":3},{"damage":22,"enemies":"Snecko","floor":22,"turns":4},{"damage":20,"enemies":"Shelled Parasite and Fungi","floor":24,"turns":4},{"damage":15,"enemies":"3 Cultists","floor":25,"turns":4},{"damage":23,"enemies":"Masked Bandits","floor":27,"turns":4},{"damage":31,"enemies":"Slavers","floor":31,"turns":4},{"damage":57,"enemies":"Collector","floor":33,"turns":7}],"seed_played":"-7512196980029759138","potions_obtained":[{"floor":4,"key":"SpeedPotion"},{"floor":5,"key":"DuplicationPotion"},{"floor":7,"key":"Block Potion"},{"floor":12,"key":"Energy Potion"}],"is_trial":false,"path_per_floor":["M","?","$","M","M","R","M","E","T","R","$","M","?","M","R","B",null,"M","?","?","M","M","R","M","M","T","?","?","$","R","E","R","B"],"character_chosen":"IRONCLAD","items_purchased":["Thunderclap","Entrench","Inflame","Clothesline","PrismaticShard","Anger","Armaments","Bloodletting"],"campfire_rested":3,"item_purchase_floors":[3,3,11,11,29,29,29,29],"current_hp_per_floor":[80,80,80,80,80,80,75,79,79,79,79,75,55,57,57,23,80,74,74,74,73,57,80,66,57,57,40,40,40,64,39,63,6,6],"gold":98,"neow_bonus":"UPGRADE_CARD","is_daily":false,"chose_seed":false,"campfire_upgraded":3,"win_rate":0.0,"timestamp":1614043278,"path_taken":["M","?","$","M","M","R","M","E","T","R","$","M","?","M","R","BOSS","M","?","?","M","M","R","?","M","T","?","?","$","R","E","R","BOSS"],"items_purchased_type":["Card","Card","Card","Card","Relic","Card","Card","Card"],"build_version":"2020-12-22","purchased_purges":0,"victory":false,"max_hp_per_floor":[80,80,80,80,80,80,80,80,80,80,80,80,80,80,80,80,80,80,80,80,80,80,80,80,80,80,80,80,80,80,80,80,80,80],"card_choices":[{"not_picked":["Pommel Strike","Blood for Blood"],"picked":"Reckless Charge","floor":1},{"not_picked":["Shrug It Off","True Grit"],"picked":"Combust","floor":4},{"not_picked":["Thunderclap","Twin Strike"],"picked":"Shrug It Off","floor":5},{"not_picked":["Wild Strike","Armaments"],"picked":"Pommel Strike","floor":7},{"not_picked":["Headbutt","Perfected Strike"],"picked":"Double Tap","floor":8},{"not_picked":["Flame Barrier","Feel No Pain"],"picked":"Twin Strike","floor":12},{"not_picked":["Second Wind","Clothesline"],"picked":"Flex","floor":14},{"not_picked":["Berserk","Fiend Fire"],"picked":"Offering","floor":16},{"not_picked":["Pommel Strike","Perfected Strike"],"picked":"Twin Strike","floor":18},{"not_picked":["Wild Strike","Intimidate"],"picked":"Spot Weakness+1","floor":21},{"not_picked":["Feel No Pain","Pommel Strike"],"picked":"Twin Strike+1","floor":22},{"not_picked":["Flex+1","Double Tap"],"picked":"Anger","floor":24},{"not_picked":["Clash","Hemokinesis"],"picked":"Twin Strike+1","floor":25},{"not_picked":["Clothesline","Searing Blow"],"picked":"Bloodletting+1","floor":27},{"not_picked":["Armaments","Electrodynamics"],"picked":"Rampage","floor":31}],"player_experience":17365,"relics_obtained":[{"floor":8,"key":"Red Skull"},{"floor":9,"key":"Toy Ornithopter"},{"floor":26,"key":"War Paint"},{"floor":27,"key":"Red Mask"},{"floor":31,"key":"Happy Flower"}],"event_choices":[{"damage_healed":0,"gold_gain":0,"cards_transformed":["Defend_R"],"player_choice":"Change","damage_taken":0,"max_hp_gain":0,"max_hp_loss":0,"event_name":"Living Wall","floor":2,"gold_loss":0,"cards_obtained":["Armaments"]},{"damage_healed":0,"gold_gain":0,"player_choice":"Take Damage","damage_taken":20,"relics_obtained":["Golden Idol"],"max_hp_gain":0,"max_hp_loss":0,"event_name":"Golden Idol","floor":13,"gold_loss":0},{"damage_healed":0,"gold_gain":0,"player_choice":"Ignored","damage_taken":0,"max_hp_gain":0,"max_hp_loss":0,"event_name":"Ghosts","floor":19,"gold_loss":0},{"damage_healed":0,"gold_gain":0,"player_choice":"Traded Relic","damage_taken":0,"relics_obtained":["Nloth\u0027s Gift"],"max_hp_gain":0,"max_hp_loss":0,"event_name":"N\u0027loth","floor":20,"relics_lost":["Toy Ornithopter"],"gold_loss":0},{"damage_healed":0,"gold_gain":0,"player_choice":"Fought Bandits","damage_taken":0,"max_hp_gain":0,"max_hp_loss":0,"event_name":"Masked Bandits","floor":27,"gold_loss":0},{"cards_removed":["Entrench"],"damage_healed":0,"gold_gain":0,"player_choice":"Purged","damage_taken":0,"max_hp_gain":0,"max_hp_loss":0,"event_name":"Purifier","floor":28,"gold_loss":0}],"is_beta":false,"boss_relics":[{"not_picked":["Snecko Eye","Ectoplasm"],"picked":"Sozu"}],"items_purged_floors":[],"is_endless":false,"potions_floor_spawned":[4,5,7,12,18,25,31],"killed_by":"Collector","ascension_level":0}}